3625 6059
252 538 400 600 [Mars
431 535 570 594 1498]
922 527 1174 586 RERUM
1217 527 1669 586 URBANARUM
1716 531 2238 590 COMMENTARH.
2805 545 2911 598 435

350 685 555 761 Feria
599 691 826 773 sexta,
864 689 907 755 9
952 681 1215 771 martii,
1272 681 1361 756 de
1406 683 1745 758 mandato
1793 689 1879 758 D.
1927 685 2430 782 gubernatoris
2484 690 2713 780 Urnis,
2753 717 2913 766 sus-

255 813 447 912 pensi
477 811 769 884 fuerunt
784 809 993 907 juxta
1012 814 1309 904 pontem
1343 832 1401 879 S.
1429 809 1686 904 Angeli
1718 809 1809 882 ad
1832 810 2192 885 sinistram
2223 813 2573 889 venientis
2597 815 2686 889 de
2721 818 2910 890 Urbe

253 937 557 1034 quinque
599 933 921 1006 latrones
966 940 1039 1004 et
1079 939 1359 1028 septem
1401 932 1588 1007 inter
1629 956 1878 1008 eorum
1921 959 2134 1010 crura
2172 938 2437 1011 mitrati
2480 945 2753 1014 stantes
2783 940 2902 1038 (1).

346 1057 721 1132 Dominica
747 1055 1067 1129 secunda
1092 1056 1672 1152 quadragesime,
1699 1082 1838 1153 que
1869 1059 1999 1132 fuit
2031 1067 2106 1132 11
2144 1061 2311 1135 dicti
2341 1064 2611 1137 mensis
2639 1066 2905 1154 martii,

258 1191 331 1259 R.
382 1188 457 1257 P.
504 1186 591 1255 D.
643 1178 1080 1275 StephanuS,
1116 1180 1499 1276 episcopus
1540 1184 2011 1273 CattacensiS,
2050 1188 2176 1259 SS.
2217 1190 2301 1258 D.
2339 1191 2420 1260 N.
2461 1213 2644 1286 pape
2691 1189 2909 1263 assis-

260 1321 428 1398 tenS,
465 1303 856 1381 celebravit
889 1303 1181 1376 missam
1215 1303 1579 1400 publicam
1624 1305 1693 1376 in
1730 1306 2034 1402 capella,
2072 1312 2267 1405 Papa
2295 1319 2633 1406 presente
2673 1337 2686 1384 :
2724 1312 2908 1386 infra

256 1433 625 1532 epistolam
662 1429 851 1504 venit
882 1428 973 1501 ad
1012 1428 1343 1502 eamdem
1375 1427 1725 1527 capellam
1763 1433 2012 1503 Rmus.
2053 1437 2137 1504 D.
2175 1433 2556 1508 cardinalis
2589 1437 2911 1510 Valenti-

260 1584 381 1634 nus
410 1558 555 1656 qui,
587 1582 633 1630 a
663 1557 844 1630 festo
878 1553 1403 1627 Purificationis
1436 1553 1783 1628 inclusive
1817 1556 2022 1645 citra,
2057 1556 2126 1628 in
2156 1579 2238 1630 ea
2271 1580 2415 1632 non
2443 1561 2677 1633 fuerat
2705 1585 2719 1650 ;
2759 1585 2909 1635 ser-

256 1706 527 1757 monem
557 1681 730 1756 fecit
750 1683 1179 1776 procurator
1209 1675 1479 1749 ordinis
1512 1675 1912 1766 minornm;
1941 1676 2080 1750 alia
2109 1677 2488 1752 observata
2515 1687 2904 1756 summere

260 1809 480 1883 solito,

352 1932 733 2007 Dominica’
768 1930 980 2004 tertia
1018 1927 1595 2025 quadragesime,
1634 1951 1769 2024 que
1803 1929 1936 2002 suit
1973 1935 2058 2004 18
2091 1932 2361 2004 mensis
2392 1934 2656 2023 martii,
2707 1939 2788 2007 R.
2828 1938 2906 2007 P.

262 2063 336 2132 D.
386 2058 898 2154 HieronymuS‚
950 2054 1335 2150 episcopus
1376 2053 1958 2140 Assisinatensis‚
2008 2055 2397 2131 celebravit
2441 2060 2738 2132 missam
2781 2084 2915 2156 pu-

261 2183 501 2257 blicam
532 2183 603 2254 in
644 2180 969 2278 predicta
991 2177 1295 2274 capella,
1334 2181 1526 2273 Papa
1553 2187 1920 2273 presente.
1961 2182 2389 2254 Sermonem
2419 2183 2912 2280 fecitquidam

260 2309 497 2382 fratrer
526 2306 804 2380 ordinis
839 2303 1368 2378 Heremitarum
1401 2327 1460 2374 s.
1496 2303 1878 2400 Augustini
1911 2326 2041 2400 pro
2073 2314 2543 2400 procuratore
2575 2309 2908 2399 absente;

264 2433 391 2508 alia
416 2456 613 2508 more
663 2430 899 2505 solito.

348 2563 421 2632 ln
450 2566 670 2633 nocte
700 2554 1073 2654 preterita,
1111 2555 1305 2628 circa
1334 2553 1588 2628 horam
1622 2561 1978 2658 octavam,
2015 2554 2186 2628 obiit
2219 2556 2410 2630 bone
2441 2559 2790 2632 memorie
2825 2562 2907 2631 D.

267 2683 608 2756 lohannes
661 2680 755 2754 de
804 2683 1118 2753 Fuentes
1169 2679 1437 2770 salida,
1490 2680 1876 2777 episcopus
1926 2681 2516 2768 lnte1·amnensiS‚
2573 2684 2916 2781 magister

271 2807 502 2881 domus
561 2806 753 2879 Rmi.
819 2808 905 2877 D.
968 2804 1352 2877 cardinalis
1409 2803 1768 2880 Valentini
1831 2806 2038 2900 cujus
2097 2830 2357 2902 corpus
2413 2806 2556 2878 sive
2611 2806 2918 2880 cadaver

270 2931 461 3005 hodie
508 2931 705 3012 circa
745 2929 1004 3003 horam
1052 2928 1476 3026 vigesimam
1526 2951 1745 3001 unam
1792 2935 2159 3025 portatum
2209 2929 2342 3000 suit
2390 2929 2480 3002 ad
2529 2927 2914 3002 ecclesiam

272 3081 321 3127 S.
367 3056 599 3130 Jacobi
652 3055 1141 3152 Hispanorum
1182 3051 1708 3151 sepeliendum,
1754 3075 1955 3126 more
1999 3053 2211 3127 solito
2254 3053 2688 3128 associatum
2733 3081 2776 3129 a
2807 3055 2914 3128 sa-

275 3180 443 3255 milia
496 3186 687 3278 Pape
743 3188 815 3254 et
872 3178 1180 3276 plurium
1237 3176 1757 3265 cardinalium;
1815 3178 2023 3276 cujus
2081 3177 2324 3250 anima
2376 3178 2779 3274 requiescat
2840 3181 2912 3251 in

276 3328 458 3400 pace.
495 3310 757 3381 Amen.

360 3433 549 3505 Feria
587 3431 867 3529 quinta,
922 3434 1013 3502 22
1058 3427 1329 3502 mensis
1365 3427 1629 3518 martii,
1674 3427 1873 3501 cirea
1912 3417 2628 3526 horam'vigesimam
2663 3453 2910 3520 unam,

280 3557 347 3627 R.
388 3557 453 3629 in
488 3557 772 3630 Christo
817 3559 892 3628 Ρ.
946 3558 1031 3627 D.
1078 3553 1341 3626 Paulus
1380 3551 1470 3626 de
1502 3555 1773 3650 Campo
1804 3555 2126 3650 Fregoso
2173 3554 2352 3627 tituli
2395 3580 2456 3626 s.
2507 3554 2680 3628 Sixti
2714 3581 2917 3652 pres-

281 3678 457 3777 byter
493 3680 876 3756 cardinalis
914 3678 1506 3776 archiepiscopus
1544 3679 1956 3766 saunensis,
2002 3680 2331 3776 spiritum
2373 3681 2681 3756 reddidit
2711 3705 2916 3756 erea-

283 3806 429 3894 tori3
462 3808 663 3905 cujus
697 3806 940 3879 anima
968 3803 1370 3901 requiescat
1394 3804 1467 3876 in
1498 3826 1675 3899 pace
1709 3803 1831 3902 (2).

367 3933 509 4016 Quo
538 3933 912 4020 defuncte,
956 3929 1149 4003 venit
1178 3928 1269 4003 ad
1300 3930 1453 4026 ejus
1487 3929 1782 4002 domum
1819 3934 1904 4002 l).
1948 3930 2316 4004 lohannes
2347 3933 2674 4019 Fet-reru,
2712 3931 2916 4002 cubi-

286 4053 562 4130 cularius
594 4061 725 4131 SS.
763 4060 848 4129 D.
892 4059 975 4128 N.
1012 4077 1195 4152 pape
1228 4054 1633 4128 ordinarius
1674 4054 1795 4151 qui
1827 4055 2187 4128 mandavit
2221 4056 2412 4152 quod
2453 4053 2699 4127 omnia
2726 4052 2918 4128 bona

288 4199 395 4270 per
441 4179 859 4256 defunctum
916 4179 1163 4254 relicta
1214 4178 1661 4254 haberentur
1720 4181 1857 4252 sub
1911 4180 2056 4254 fida
2101 4180 2455 4268 custodia,
2514 4187 2586 4254 et
2639 4179 2916 4275 accepit

286 4299 725 4380 inventarium
773 4305 1052 4402 argenti
1098 4311 1170 4379 et
1212 4304 1516 4378 aliorum
1562 4304 1945 4379 bonorum.
2000 4309 2157 4379 Duo
2205 4303 2671 4402 parafrenarii
2724 4307 2912 4400 Pape

347 4578 390 4633 1.
415 4578 483 4636 Le
512 4580 804 4640 chetiment
835 4579 1003 4640 d’etre
1040 4585 1247 4654 expose
1280 4597 1351 4636 au
1389 4579 1544 4653 pilori
1582 4599 1715 4636 avec
1752 4599 1859 4638 une
1897 4581 2053 4638 mitre
2091 4583 2159 4638 de
2197 4581 2386 4656 papier
2423 4599 2517 4638 sur
2555 4580 2606 4638 la
2645 4587 2752 4638 tete
2786 4580 2918 4638 etait

296 4666 643 4736 specialement
670 4670 880 4745 inflige,
911 4689 980 4727 en
1018 4669 1222 4725 France
1252 4675 1308 4724 et.
1344 4686 1408 4724 en
1453 4668 1622 4738 italie,
1654 4687 1763 4726 aux
1800 4669 2124 4740 saussaireS‚
2157 4676 2212 4726 et
2239 4688 2306 4726 en
2339 4671 2614 4744 Espagne,
2647 4689 2754 4726 aux
2785 4689 2914 4726 con-

294 4751 487 4812 demnes
515 4777 582 4814 au
618 4759 726 4830 feu,
760 4778 898 4834 pour
933 4759 1166 4829 heresie,
1196 4776 1295 4832 par
1333 4757 1717 4832 l’Inquisition.
1760 4759 1900 4834 Voy.
1933 4761 2019 4815 Du
2057 4758 2245 4832 Gange
2283 4777 2354 4814 au
2390 4765 2505 4816 mot
2531 4763 2701 4818 Milra
2730 4777 2914 4834 papy-

294 4855 443 4903 rocca.

352 4933 398 4989 2.
434 4958 461 4986 «
602 4939 705 4994 Era
751 4939 1118 5014 arziepiseopo
1156 4938 1212 4993 di
1259 4938 1458 5009 Zenoa,
1490 4955 1583 4994 era
1621 4955 1822 5010 povero
1851 4938 2110 5008 cardinal,
2153 4945 2210 4995 et.
2253 4938 2375 4996 avia
2413 4939 2589 5013 pocha
2626 4939 2824 4995 intrate
2864 4942 2918 4992 et

298 5014 607 5093 longamente
642 5035 783 5084 stato
820 5028 1071 5086 amalum.
1103 5027 1169 5084 Et
1206 5027 1261 5083 in
1292 5027 1411 5084 loco
1450 5045 1569 5096 suo,
1601 5026 1872 5084 mediante
1912 5026 1960 5084 el
1997 5026 2270 5084 cardinale
2307 5025 2566 5098 AscaniO,
2603 5027 2738 5084 ditto
2775 5024 2912 5082 arzi-

297 5115 565 5247 vSescovado
592 5115 646 5170 di
678 5117 855 5173 Zenoa
884 5115 933 5174 el
962 5135 1105 5192 papa
1118 5116 1171 5174 lo
1194 5119 1317 5174 dete
1346 5135 1381 5174 a
1410 5135 1518 5174 uno
1548 5116 1815 5174 chiamato
1838 5116 2070 5187 St'orzin,
2091 5115 2320 5174 savorito
2350 5117 2405 5173 di
2435 5117 2572 5174 diuo
2601 5114 2859 5175 cardinal.
2887 5139 2914 5166 »

340 5206 509 5270 anule,
534 5209 574 5260 t.
602 5204 645 5272 l,
675 5204 776 5262 col.
805 5207 933 5264 925.
