3625 6059
684 558 753 613 12
1591 550 1622 609 J
1627 548 1940 609 OHANNIS
1989 548 2431 619 BURCHARDI,
2604 565 2615 571 ·
2856 552 3172 615 [Decembre
3204 556 3351 619 1492]

687 738 774 790 ea
803 712 920 788 die
960 707 1529 807 idem‘princeps
1569 704 1662 779 ad
1705 705 2175 780 sanctitatem
2216 724 2420 780 suam
2459 726 2607 781 non
2652 705 3121 799 veniret,·sed
3150 720 3351 788 recta

685 837 799 911 via
830 837 920 911 ad
949 833 1336 934 Apostolos
1355 846 1360 851 ’
1379 828 1887 920 associaretur,
1917 830 2274 905 mandans
2316 831 2493 907 mihi
2530 833 2728 929 quod
2756 856 2921 909 sero
2951 834 3144 910 illius
3174 836 3348 927 diei,

687 960 830 1060 que
860 948 988 1037 fuit
1029 967 1072 1035 6
1121 959 1361 1056 hujuS,
1397 956 1609 1031 velim
1648 955 1740 1029 ad
1769 956 2241 1032 Sanctitatem
2276 982 2483 1031 suam
2531 960 2797 1050 redire,
2832 966 2907 1035 et
2940 961 3239 1055 ibidem,
3278 964 3353 1039 in

691 1094 778 1162 D.
813 1084 1064 1159 Jacobi
1103 1081 1436 1172 Pontani,
1473 1080 1666 1179 regis
1696 1082 2005 1155 oratoris
2043 1082 2434 1179 presentia,
2470 1083 2591 1180 qui
2632 1084 2723 1159 ad
2752 1085 2895 1159 hoc
2930 1087 3349 1180 vocabatur,

692 1212 1008 1285 rationes
1031 1207 1378 1282 inducere
1409 1230 1540 1305 per
1568 1230 1748 1302 quas
1777 1205 1899 1280 ille
1931 1206 2283 1303 intelligat
2310 1208 2580 1282 dictum
2605 1210 3008 1308 principem
3028 1236 3174 1286 non
3196 1214 3354 1290 fore

689 1337 782 1412 ad
808 1334 1172 1434 pontificis
1203 1332 1644 1431 presentiam
1677 1330 2132 1406 ducendum:
2172 1334 2366 1429 quod
2397 1356 2530 1431 per
2567 1357 2685 1408 me
2724 1334 2997 1410 factum
3026 1345 3139 1413 est
3170 1361 3189 1411 t
3224 1338 3357 1414 sed

688 1461 811 1536 ille
859 1483 1195 1534 asserens
1245 1457 1336 1531 de
1389 1456 1752 1554 pontificis
1781 1457 2316 1532 ‘commissione
2362 1458 2667 1557 principi
2722 1459 3127 1557 scripsisse,
3176 1486 3359 1561 quo-

689 1584 886 1659 niam
919 1584 1020 1658 sic
1052 1581 1525 1681 reciperetur,
1558 1581 1884 1679 principe
1916 1582 2275 1680 placente,
2312 1582 2489 1657 dixit
2519 1583 2739 1657 modo
2770 1584 2967 1682 quod
3007 1586 3151 1660 hoc
3188 1610 3357 1663 cum

690 1708 1054 1808 pontificis
1117 1714 1186 1782 et
1225 1707 1574 1805 principis
1622 1708 1900 1781 honore
1950 1707 2207 1781 mutari
2236 1720 2408 1782 ‘non
2448 1716 2722 1806 posset,
2772 1734 2861 1783 ex
2908 1734 3051 1808 quo
3098 1712 3358 1787 iterum

690 1830 1113 1929 pontificem
1154 1832 1228 1905 in
1259 1830 1556 1906 dubium
1586 1832 2021 1929 provocavit.
2066 1834 2399 1909 Decrevit
2426 1840 2813 1933 propterea
2844 1837 3198 1911 Sanctitas
3228 1860 3365 1912 sua

692 1956 1056 2031 dominica
1083 1963 1250 2031 ante
1281 1957 1575 2031 missam
1610 1980 1829 2055 super
1849 1957 1991 2032 hoc
2022 1958 2423 2034 cardinales
2454 1960 2863 2036 consulere.

789 2082 1092 2160 Vocavit
1130 2084 1391 2158 iterum
1433 2106 1550 2157 me
1577 2082 1679 2157 'ad
1715 2106 1792 2158 se
1824 2085 2072 2156 Rmus.
2107 2086 2192 2157 D.
2230 2083 2615 2159 cardinalis
2654 2086 3168 2184 Neapolitanus
3206 2090 3358 2184 qui,

695 2208 1071 2309 premissis
1106 2232 1148 2284 a
1186 2232 1303 2284 me
1343 2208 1806 2306 singulariter
1840 2207 2253 2299 intellectis,
2284 2208 2679 2285 admiratus
2720 2217 2829 2285 est
2871 2212 2963 2285 de
2996 2213 3364 2309 pontificis

698 2322 1205 2423 inconstantia,
1241 2334 1554 2409 maxime
1591 2359 1758 2409 cum
1790 2334 2063 2409 diceret
2091 2334 2453 2432 pontificis
2483 2335 2791 2433 primam
2822 2336 3043 2411 fuisse
3074 2347 3367 2414 senten-

697 2461 872 2534 tiam
899 2461 1093 2557 quod
1122 2461 1460 2560 princeps
1491 2460 1724 2559 prima
1753 2459 1871 2535 die
1901 2484 1945 2534 a
1974 2485 2051 2533 se
2083 2459 2570 2559 reciperetur3
2608 2460 2869 2537 dei'nd'e
2900 2463 3365 2559 questionem

705 2585 1036 2661 movitde
1064 2587 1282 2661 modo
1309 2591 1382 2660 et
1413 2585 1666 2661 ordine
1703 2585 1961 2682 quibus
1997 2586 2149 2685 ipse
2176 2586 2513 2684 princeps
2544 2586 2634 2661 ab
2665 2611 2753 2662 eo
2786 2595 2857 2663 et
2881 2588 3369 2663 cardinalibus

701 2713 964 2789 sectari
988 2712 1312 2801 deberet,
1343 2710 1462 2808 qui
1487 2711 1698 2784 simul
1723 2734 1855 2809 per
1875 2717 2049 2802 tre‘S,
2081 2712 2191 2784 vel
2212 2718 2524 2807 quatuor
2542 2712 2851 2787 miliaria
2870 2719 3073 2789 extra
3095 2714 3367 2789 Urbem

697 2838 868 2913 ituri
898 2843 1278 2928 essent‚'ut
1306 2836 1688 2911 c‘om'mode
1720 2836 1942 2933 recipi
1973 2844 2221 2935 posset
2242 2843 2539 2934 propter
2572 2838 2795 2913 officii
2826 2840 3048 2914 misse
3078 2838 3371 2914 tardita-

697 2972 844 3039 tem
885 2970 959 3039 et
1007 2963 1148 3038 diei
1193 2962 1645 3038 brevitatem.
1683 2962 2031 3038 Venimus
2070 2962 2163 3035 ad
2198 2962 2391 3037 hanc
2442 2963 2877 3038 sententiam
2926 2965 3121 3061 quod
3158 2962 3373 3039 finita

696 3090 944 3181 misSa,
983 3113 1116 3187 per
1162 3087 1684 3164 Transtiberim
1739 3088 2150 3184 equitarent
2195 3087 2558 3186 principes
2604 3095 2677 3164 et
2737 3089 2872 3186 ipsi
2923 3088 3362 3181 cardinaleS,

697 3220 1086 3314 propterea
1127 3214 1482 3288 mittendi.
1515 3216 1684 3287 Post
1714 3212 2101 3311 prandium
2126 3220 2199 3288 et
2237 3213 2433 3287 circa
2474 3213 2633 3287 illos
2674 3213 2980 3290 aliorum
3029 3213 3376 3289 cardina-

698 3340 878 3415 lium
919 3337 1188 3413 familie
1227 3345 1708 3436 sequerentur
1730 3362 1750 3428 3
1787 3362 2005 3435 super
2044 3361 2188 3435 quo
2233 3338 2410 3411 mihi
2451 3338 2811 3413 commisit
2846 3338 3041 3435 quod
3069 3344 3363 3415 Rmum.

702 3470 788 3539 D.
839 3462 1286 3539 cardinalem
1348 3466 1748 3537 Senensem
1809 3463 2301 3555 consulerem,
2348 3464 2553 3560 cujus
2605 3464 2745 3538 hec
2796 3469 2950 3539 erat
3006 3466 3369 3541 sententia

699 3589 894 3687 quod
938 3588 1325 3680 dominica,
1375 3590 1569 3662 bono
1618 3612 1863 3681 mane,
1894 3588 2032 3687 ipsi
2074 3588 2291 3663 ambo
2342 3589 2687 3663 Senensis
2730 3598 2803 3664 et
2850 3589 3365 3688 Neapolitanus

701 3714 1115 3810 equitarent
1173 3713 1266 3788 ad
1315 3714 1734 3812 pontificem
1791 3738 1925 3813 pro
1986 3714 2281 3789 licentia
2342 3712 2778 3803 obtinenda·;
2838 3738 2983 3811 qua
3038 3714 3361 3807 obtenta,

701 3839 972 3937 absque
1029 3862 1117 3914 eo
1183 3839 1380 3936 quod
1439 3839 1660 3914 misse
1721 3838 2187 3931 interessent,
2242 3838 2653 3935 equitarent·
2702 3839 3028 3929 obviam3
3072 3838 3365 3913 interim

701 3966 1065 4041 diceretur
1125 3965 1346 4039 missa
1404 3970 1475 4039 et
1533 3964 1806 4038 familie
1869 3964 2345 4039 cardinalium
2410 3964 2793 4062 prandium
2856 3964 3219 4055 facerent3
3284 3987 3367 4038 ac

701 4090 926 4165 missa
973 4090 1177 4165 finita
1219 4096 1289 4164 et
1337 4089 1814 4164 cardinalibus
1864 4089 1957 4165 ad
1998 4090 2255 4164 domos
2299 4090 2699 4181 associatis,
2744 4096 3045 4187 possent
3086 4090 3367 4187 singule

704 4215 977 4290 familie
1033 4238 1120 4290 ac
1176 4216 1320 4289 duo
1377 4214 1480 4288 illi
1535 4194 1939 4290 cardinales
2004 4213 2349 4313 deputati,
2403 4214 2703 4313 prandio
2767 4214 3068 4305 omisso,
3126 4214 3366 4289 eidem

703 4340 984 4416 obviam
1014 4340 1260 4415 venire
1291 4365 1309 4431 3
1344 4340 1604 4437 quibus
1645 4339 2131 4415 cardinalibus
2170 4338 2910 4438 appropinquantibus
2942 4340 3370 4415 recederent

704 4466 796 4539 ab
823 4486 912 4541 eo
933 4488 1066 4562 per
1095 4463 1308 4537 aliam
1337 4465 1525 4539 viam
1555 4466 2071 4563 Neapolitanus
2102 4472 2173 4541 et
2204 4465 2547 4540 Senensis
2579 4473 2653 4539 et
2681 4465 2772 4539 ad
2801 4464 3149 4563 palatium
3172 4465 3375 4562 equi-

704 4597 939 4665 tarent
987 4588 1258 4664 ibidem
1313 4612 1480 4664 cum
1519 4590 1861 4688 pontifice
1902 4590 2305 4688 principem
2365 4595 2864 4687 expectantes.
2922 4588 3193 4665 Placuit
3232 4588 3369 4663 hec

705 4717 1068 4791 sententia
1082 4720 1292 4792 Rmo.
1324 4720 1411 4789 D.
1435 4714 1947 4813 NeopolitanO,
1974 4715 2105 4789 sed
2124 4714 2403 4790 interea
2424 4712 2951 4811 aliquantulum
2971 4714 3321 4789 dubitavit
3346 4743 3361 4787 ε

704 4864 874 4915 nam
907 4840 966 4915 si
997 4864 1039 4915 a
1066 4841 1436 4938 pontifice,
1472 4848 1642 4917 ante
1673 4839 2214 4915 conclusionem
2246 4863 2412 4914 cum
2444 4838 2925 4914 cardinalibus
2956 4839 3365 4915 faciendam

701 4990 796 5041 an
835 4965 1172 5063 princeps
1215 4966 1306 5039 ad
1345 4966 1708 5063 pontificis
1747 4966 2191 5065 presentiam
2231 4965 2603 5041 ducendus
2652 4966 2763 5040 vel
2802 4988 2949 5039 non
2994 4965 3369 5040 ducendus

700 5097 922 5183 esset,
955 5089 1322 5165 nescirent
1347 5089 1520 5187 quid
1545 5090 1850 5189 principi
1890 5114 2109 5189 super
2148 5091 2290 5165 hoc
2332 5090 2575 5179 dicere
2619 5114 2703 5166 ac
2749 5090 2923 5190 ipsis
2965 5098 3218 5189 posset
3246 5091 3377 5165 im-

703 5216 968 5315 putari,
1005 5215 1064 5291 si
1097 5240 1246 5291 non
1273 5216 1744 5315 reciperetur,
1779 5217 1977 5314 quod
2012 5218 2149 5315 ipsi
2190 5216 2494 5316 principi
2536 5230 2755 5316 super
2786 5217 2929 5293 hoc
2954 5240 3114 5291 -non
3155 5216 3373 5293 favis-
