3625 6059
751 586 854 638 356
1663 579 2019 636 JOHANle
2070 580 2513 650 nunciatam,
3014 582 3413 645 trevam-1491,

757 734 952 807 ribus
984 740 1055 808 et
1085 734 1244 806 aliis
1289 734 1378 808 de
1424 736 1700 833 capella
1741 758 1875 811 sua
1918 738 2417 826 existentibuS,
2452 736 2868 811 facultatem
2914 737 3233 835 eligendi
3272 738 3419 811 sin-

755 858 940 955 gulis
971 858 1464 933 confessorem
1497 860 1614 956 qui
1657 883 1791 933 nos
1831 860 2149 958 plenarie
2188 859 2511 933 absolvat
2550 867 2618 932 et
2660 859 3058 957 plenariam
3090 858 3417 933 omnium

755 990 1220 1081 peccatorum
1260 992 1674 1059 nostrorum
1721 986 2226 1059 remissionem
2270 985 2668 1084 impendat,
2712 992 2783 1058 et
2824 984 3021 1080 quod
3064 982 3419 1057 visitando

755 1109 1057 1206 singulis
1098 1110 1352 1183 diebus
1397 1111 1620 1185 altare
1663 1112 1901 1209 majus
1944 1111 2239 1186 basilice
2280 1136 2337 1183 s.
2376 1111 2571 1185 Petri
2608 1132 3143 1205 consequamur
3182 1107 3421 1179 indul-

755 1234 1034 1328 gentias
1069 1234 1460 1307 stationum
1500 1235 1734 1308 Urbis.
1771 1235 1931 1307 Alia
1968 1241 2129 1307 acta
2158 1241 2323 1308 sunt
2355 1257 2559 1308 more
2592 1234 2831 1308 solito.

855 1358 1234 1431 Dominica
1277 1359 1512 1454 prima
1555 1358 2133 1455 quadragesime,
2186 1364 2271 1431 19.
2302 1358 2678 1445 februarii,
2726 1360 2810 1429 R.
2872 1358 2948 1429 in
2992 1356 3285 1429 Christo
3340 1358 3413 1427 P.

759 1488 843 1557 D.
907 1484 1331 1556 Franciscus
1391 1484 1680 1579 Boi-gia,
1739 1485 2121 1581 episcopus
2192 1484 2666 1570 Theanensis‘,
2734 1485 2861 1555 SS.
2924 1486 3013 1554 D.
3080 1486 3167 1554 N.
3236 1503 3415 1577 pape

759 1607 1248 1680 thesaurarius
1303 1609 1685 1705 generaliS,
1742 1608 2129 1682 celebravit
2186 1609 2482 1681 missam
2546 1607 2949 1682 solemnem
3000 1606 3079 1680 in
3140 1606 3419 1703 capella

755 1734 1057 1830 majore,
1113 1737 1305 1829 Papa
1358 1734 1656 1807 absente
1712 1761 1726 1807 ε
1786 1760 1935 1808 non
1988 1735 2117 1808 fuit
2171 1760 2437 1825 sermo,
2496 1734 2665 1831 quia
2710 1740 2915 1831 pater
2970 1731 3089 1805 ille
3144 1731 3417 1805 ordinis

757 1884 813 1929 s.
863 1858 1246 1947 Dominici,
1297 1865 1668 1955 protector
1701 1860 2025 1957 ejusdem
2070 1860 2343 1933 ordinis
2396 1860 2519 1955 qui
2564 1858 2762 1931 illum
2814 1863 2966 1933 erat
3010 1855 3413 1941 habituruS,

756 1982 942 2054 male
978 2006 1055 2053 se
1082 1982 1422 2056 habebat.

854 2106 1063 2178 Feria
1091 2112 1371 2201 quarta,
1415 2113 1507 2181 15
1554 2110 1924 2201 februarii,
1960 2111 2485 2207 proclamatum
2515 2109 2649 2182 fuit
2676 2107 2961 2206 publice
2992 2130 3122 2204 per
3156 2106 3413 2181 Urbem

756 2235 825 2302 et
875 2230 1004 2303 sub
1056 2235 1256 2304 certa
1297 2256 1486 2328 pena
1533 2234 1952 2307 mandatum
2004 2235 2194 2330 quod
2238 2258 2493 2307 omnes
2538 2233 2791 2307 soldati
2837 2231 3193 2307 deberent
3238 2232 3413 2305 intra

753 2354 1050 2428 biduum
1085 2356 1352 2428 Urbem
1386 2358 1686 2431 exivisse
1715 2365 1782 2430 et
1818 2358 1907 2431 ab
1934 2381 2021 2431 ea
2050 2382 2127 2431 se
2159 2358 2576 2433 absolvisse.

853 2481 1064 2553 Feria
1097 2489 1322 2574 sexta,
1369 2490 1449 2555 17
1479 2483 1850 2575 februarii,
1886 2485 2069 2558 hora
2092 2507 2557 2581 vesperarum
2588 2482 2700 2557 vel
2726 2483 2947 2573 circa,
2978 2506 3111 2580 per
3136 2490 3409 2580 portam

755 2604 972 2676 beate
1004 2606 1227 2679 Marie
1260 2607 1348 2679 de
1383 2609 1654 2705 Populo
1687 2608 1974 2682 intravit
2006 2609 2271 2682 Urbem
2301 2609 2831 2683 illustrissimus
2862 2612 2949 2681 D.
2984 2609 3128 2683 dux
3160 2612 3411 2681 Bruns-

754 2726 1090 2819 vicensis,
1134 2732 1346 2805 etatis
1388 2757 1514 2805 sue
1557 2734 1630 2806 in
1666 2740 2005 2807 octavum
2040 2741 2112 2809 et
2142 2735 2506 2809 decimum
2546 2758 2817 2807 annum
2845 2732 2956 2807 vel
2986 2734 3177 2807 circa
3206 2756 3411 2807 cons-

755 2851 1036 2944 titutus,
1101 2855 1288 2929 tilius
1348 2858 1707 2953 quondam
1768 2858 2227 2933 illustrissimi
2292 2861 2636 2959 principis
2701 2866 2787 2934 D.
2848 2860 3149 2950 Alberti,
3214 2859 3407 2933 ducis

755 2979 1297 3055 Brunsvicensis
1342 3006 1506 3056 cum
1558 2984 1761 3080 equis
1810 2983 2099 3058 circiter
2144 2986 2418 3083 viginti.
2469 2986 2885 3083 Hospitatus
2935 2992 3047 3060 est
3090 2985 3163 3057 in
3204 2984 3409 3059 domo

751 3102 1369 3179 Theutonicorum
1403 3115 1596 3182 retro
1631 3114 1977 3206 Campum
2010 3111 2218 3184 Flore
2258 3134 2391 3208 per
2424 3134 2721 3207 paucOS,
2754 3110 3087 3186 videlicet
3115 3135 3245 3207 per
3274 3116 3407 3183 tres

753 3226 862 3297 vel
904 3237 1208 3322 quatuor
1253 3230 1454 3323 dies;
1503 3234 1764 3309 deinde
1807 3236 2175 3332 assignata
2204 3234 2338 3308 sibi
2369 3258 2499 3331 per
2528 3241 2817 3309 Rmum.
2854 3238 2941 3309 D.
2980 3235 3405 3310 cardinalem

753 3372 812 3417 s.
866 3351 1182 3447 Georgii,
1234 3378 1458 3453 prope
1501 3358 1845 3455 palatium
1889 3360 2275 3434 residentie
2320 3383 2446 3432 sue
2490 3358 2777 3449 domuS,
2820 3357 3405 3455 suppellectilioet

753 3471 916 3544 vino
947 3476 1252 3563 munita,
1289 3487 1364 3552 et
1411 3481 1498 3555 de
1533 3506 1897 3557 consensu
1930 3484 2125 3558 Illus.
2164 3488 2250 3559 D.
2301 3483 2532 3572 ducis,
2577 3507 2711 3581 per
2746 3482 3086 3557 eumdem
3126 3488 3399 3557 Rmum.

753 3600 841 3668 D.
881 3599 1324 3675 cardinalem
1359 3605 1792 3698 ordinatum,
1832 3609 2024 3705 quod
2054 3609 2382 3683 habitum
2414 3608 2991 3683 ecclesiasticum
3020 3608 3399 3683 affirmaret

755 3728 827 3793 et
857 3720 933 3793 in
977 3746 1066 3799 eo
1096 3725 1471 3803 incederet
1507 3730 1660 3827 ipse
1693 3731 1863 3824 duX,
1906 3757 2072 3807 cum
2106 3741 2296 3809 esset
2331 3737 2415 3806 D.
2449 3732 2889 3807 cardinalem
2928 3734 3403 3807 associatur-us

755 3852 827 3920 et
875 3847 943 3921 ei
983 3852 1370 3927 serviturus
1421 3878 1505 3929 ac
1557 3856 1690 3929 sibi
1743 3883 1877 3955 per
1926 3860 2473 3933 serenissimum
2517 3862 3009 3932 Romanorum
3042 3882 3285 3956 regem
3336 3868 3397 3931 et

754 3972 936 4045 alios
963 3980 1545 4076 consanguineos
1575 4007 1744 4056 suos
1777 3984 2189 4081 specialiter
2216 3983 2796 4059 commendatus.

857 4102 1240 4177 Dominica
1291 4108 1605 4181 secunda
1655 4108 2249 4207 Quadragesime,
2311 4115 2395 4183 19
2442 4108 2812 4200 februarii,
2866 4114 2949 4183 R.
3004 4110 3083 4183 in
3130 4109 3398 4184 Christo

759 4224 835 4292 Ρ.
874 4226 961 4296 D.
999 4228 1431 4323 Stephanus,
1470 4231 1854 4332 episcopus
1887 4234 2355 4325 CattacensiS,
2392 4235 2739 4308 assistens
2772 4238 2989 4332 Pape,
3026 4232 3397 4310 celebravit

759 4345 1053 4421 missam
1083 4352 1448 4448 publicam
1477 4358 1552 4431 in
1573 4360 1851 4457 capella
1880 4359 2205 4459 predicta
2236 4364 2429 4458 Papa
2446 4365 2813 4455 presente,
2840 4359 2989 4456 qui,
3026 4366 3395 4455 antequam

755 4470 986 4545 exiret
1016 4497 1380 4554 cameram
1423 4507 1657 4575 suam,
1693 4486 2105 4560 convocatis
2147 4508 2393 4558 coram
2434 4508 2511 4557 se
2553 4483 3066 4575 cardinalibuS,
3111 4482 3397 4582 prefecit

760 4598 847 4666 D.
886 4599 1182 4675 Petrum
1213 4607 1590 4705 lsuaglies,
1632 4610 2208 4708 protonotarium
2262 4608 2767 4706 apostolicum,
2812 4609 2999 4684 alme
3036 4608 3243 4683 Urbis
3275 4630 3395 4703 gu-

759 4718 1248 4821 bernatorem,
1301 4733 1608 4809 ecclesie
1652 4736 2209 4833 metropolitane
2260 4735 2533 4831 Regine
2583 4732 2727 4807 sive
2778 4734 3115 4831 Regiensi
3156 4735 3229 4808 in
3270 4736 3391 4805 Ca-

750 4842 982 4919 labria
1019 4872 1150 4945 per
1181 4853 1454 4931 obitum
1499 4861 1864 4956 quondam
1908 4860 2233 4958 magistri
2271 4859 2493 4933 Marci
2538 4858 2721 4931 sacri
2754 4857 2997 4956 palatii
3038 4857 3383 4931 destitute.

751 4969 910 5044 Alia
941 4974 1319 5052 observata
1344 4991 1509 5056 sunt
1541 5008 1745 5061 more
1767 4986 2007 5060 solito.
2038 4989 2465 5059 Sermonem
2491 4982 2660 5056 fecit
2686 4988 3113 5079 procurator
3138 4977 3387 5057 ordinis

749 5095 1140 5175 Minorum.

845 5224 1116 5300 Eadem
1149 5229 1290 5321 die,
1323 5231 1516 5308 circa
1540 5234 1798 5309 horam
1829 5236 2251 5333 vigesimam
2274 5235 2697 5325 secundam,
2726 5260 2859 5334 per
2876 5242 3161 5335 portam
3192 5236 3379 5305 Late-
