<?xml version="1.0" encoding="UTF-8"?>
<!DOCTYPE html PUBLIC "-//W3C//DTD XHTML 1.0 Transitional//EN"
    "http://www.w3.org/TR/xhtml1/DTD/xhtml1-transitional.dtd">
<html xmlns="http://www.w3.org/1999/xhtml" xml:lang="en" lang="en">
 <head>
  <title>
</title>
<meta http-equiv="Content-Type" content="text/html;charset=utf-8" />
  <meta name='ocr-system' content='tesseract 3.04.00' />
  <meta name='ocr-capabilities' content='ocr_page ocr_carea ocr_par ocr_line ocrx_word'/>
</head>
<body>
  <div class='ocr_page' id='page_1' title='image "./johannisburchar00unkngoog_0256.png"; bbox 0 0 3625 6059; ppageno 0'>
   <div class='ocr_carea' id='block_1_1' title="bbox 730 578 3335 655">
    <p class='ocr_par' dir='ltr' id='par_1_1' title="bbox 730 578 3335 655">
     <span class='ocr_line' id='line_1_1' title="bbox 730 578 3335 655; baseline -0.001 -16"><span class='ocrx_word' id='word_1_1' title='bbox 730 583 839 641; x_wconf 78' lang='lat'>244</span> <span class='ocrx_word' id='word_1_2' title='bbox 1643 578 1673 635; x_wconf 83' lang='lat' dir='ltr'>J</span> <span class='ocrx_word' id='word_1_3' title='bbox 1680 578 1924 636; x_wconf 80' lang='lat' dir='ltr'>oHANN</span> <span class='ocrx_word' id='word_1_4' title='bbox 1929 580 1996 638; x_wconf 93' lang='lat' dir='ltr'>lS</span> <span class='ocrx_word' id='word_1_5' title='bbox 2042 580 2490 655; x_wconf 84' lang='lat' dir='ltr'>BURCHARDI,</span> <span class='ocrx_word' id='word_1_6' title='bbox 3063 584 3206 647; x_wconf 69' lang='lat' dir='ltr'>[Mars</span> <span class='ocrx_word' id='word_1_7' title='bbox 3229 587 3335 650; x_wconf 66' lang='lat'><strong>¹⁴³⁵]</strong></span> 
     </span>
    </p>
   </div>
   <div class='ocr_carea' id='block_1_2' title="bbox 710 733 3525 4721">
    <p class='ocr_par' dir='ltr' id='par_1_2' title="bbox 730 733 3525 1741">
     <span class='ocr_line' id='line_1_2' title="bbox 737 733 3332 837; baseline 0.002 -28"><span class='ocrx_word' id='word_1_8' title='bbox 737 746 867 811; x_wconf 80' lang='lat' dir='ltr'>rex</span> <span class='ocrx_word' id='word_1_9' title='bbox 894 737 1050 833; x_wconf 83' lang='lat' dir='ltr'>ipse</span> <span class='ocrx_word' id='word_1_10' title='bbox 1074 739 1327 833; x_wconf 91' lang='lat' dir='ltr'>postea</span> <span class='ocrx_word' id='word_1_11' title='bbox 1352 733 1533 809; x_wconf 89' lang='lat' dir='ltr'>mihi</span> <span class='ocrx_word' id='word_1_12' title='bbox 1566 735 1876 834; x_wconf 80' lang='lat' dir='ltr'>scripsit,</span> <span class='ocrx_word' id='word_1_13' title='bbox 1907 736 2061 812; x_wconf 89' lang='lat' dir='ltr'>sine</span> <span class='ocrx_word' id='word_1_14' title='bbox 2085 737 2306 837; x_wconf 88' lang='lat' dir='ltr'>jussu.</span> <span class='ocrx_word' id='word_1_15' title='bbox 2337 741 2529 835; x_wconf 87' lang='lat' dir='ltr'>Pape</span> <span class='ocrx_word' id='word_1_16' title='bbox 2575 742 2648 813; x_wconf 91' lang='lat' dir='ltr'>et</span> <span class='ocrx_word' id='word_1_17' title='bbox 2675 736 2952 833; x_wconf 88' lang='lat' dir='ltr'>absque</span> <span class='ocrx_word' id='word_1_18' title='bbox 2983 738 3156 813; x_wconf 88' lang='lat' dir='ltr'>scitu</span> <span class='ocrx_word' id='word_1_19' title='bbox 3181 762 3332 828; x_wconf 87' lang='lat' dir='ltr'>meo,</span> 
     </span>
     <span class='ocr_line' id='line_1_3' title="bbox 734 854 3336 957; baseline 0.001 -27"><span class='ocrx_word' id='word_1_20' title='bbox 734 854 980 931; x_wconf 90' lang='lat' dir='ltr'>locum</span> <span class='ocrx_word' id='word_1_21' title='bbox 1029 856 1435 933; x_wconf 89' lang='lat' dir='ltr'>oratoribus</span> <span class='ocrx_word' id='word_1_22' title='bbox 1476 855 1894 957; x_wconf 89' lang='lat' dir='ltr'>hujusmodi</span> <span class='ocrx_word' id='word_1_23' title='bbox 1941 858 2262 935; x_wconf 88' lang='lat' dir='ltr'>debitum</span> <span class='ocrx_word' id='word_1_24' title='bbox 2307 858 2442 933; x_wconf 86' lang='lat' dir='ltr'>sibi</span> <span class='ocrx_word' id='word_1_25' title='bbox 2493 857 2862 956; x_wconf 78' lang='lat' dir='ltr'>usurpavit</span> <span class='ocrx_word' id='word_1_26' title='bbox 2907 882 2924 931; x_wconf 77' lang='grc' dir='ltr'>ε</span> <span class='ocrx_word' id='word_1_27' title='bbox 2979 881 3336 935; x_wconf 89' lang='lat' dir='ltr'>sermonem</span> 
     </span>
     <span class='ocr_line' id='line_1_4' title="bbox 737 982 3342 1082; baseline 0.001 -27"><span class='ocrx_word' id='word_1_28' title='bbox 737 982 910 1057; x_wconf 84' lang='lat' dir='ltr'>fecit</span> <span class='ocrx_word' id='word_1_29' title='bbox 959 989 1387 1080; x_wconf 86' lang='lat' dir='ltr'>procurator</span> <span class='ocrx_word' id='word_1_30' title='bbox 1448 982 1721 1059; x_wconf 85' lang='lat' dir='ltr'>ordinis</span> <span class='ocrx_word' id='word_1_31' title='bbox 1779 1007 2152 1060; x_wconf 88' lang='lat' dir='ltr'>servorum</span> <span class='ocrx_word' id='word_1_32' title='bbox 2209 984 2419 1060; x_wconf 89' lang='lat' dir='ltr'>beate</span> <span class='ocrx_word' id='word_1_33' title='bbox 2477 983 2729 1060; x_wconf 89' lang='lat' dir='ltr'>Marie.</span> <span class='ocrx_word' id='word_1_34' title='bbox 2803 987 3001 1081; x_wconf 90' lang='lat' dir='ltr'>Papa</span> <span class='ocrx_word' id='word_1_35' title='bbox 3055 982 3342 1082; x_wconf 77' lang='lat' dir='ltr'><strong>imposuit</strong></span> 
     </span>
     <span class='ocr_line' id='line_1_5' title="bbox 736 1108 3344 1207; baseline -0 -26"><span class='ocrx_word' id='word_1_36' title='bbox 736 1108 1115 1181; x_wconf 88' lang='lat' dir='ltr'>incensum</span> <span class='ocrx_word' id='word_1_37' title='bbox 1143 1131 1275 1205; x_wconf 92' lang='lat' dir='ltr'>pro</span> <span class='ocrx_word' id='word_1_38' title='bbox 1302 1108 1673 1206; x_wconf 87' lang='lat' dir='ltr'>evangelio</span> <span class='ocrx_word' id='word_1_39' title='bbox 1704 1116 1872 1185; x_wconf 82' lang='lat' dir='ltr'>ante</span> <span class='ocrx_word' id='word_1_40' title='bbox 1915 1132 2202 1185; x_wconf 86' lang='lat' dir='ltr'>versum</span> <span class='ocrx_word' id='word_1_41' title='bbox 2233 1134 2250 1185; x_wconf 75' lang='grc' dir='ltr'>ε</span> <span class='ocrx_word' id='word_1_42' title='bbox 2283 1109 2590 1207; x_wconf 82' lang='lat' dir='ltr'>Adjuva</span> <span class='ocrx_word' id='word_1_43' title='bbox 2631 1134 2761 1185; x_wconf 82' lang='lat' dir='ltr'>nos</span> <span class='ocrx_word' id='word_1_44' title='bbox 2779 1136 2806 1205; x_wconf 88' lang='lat'>,·</span> <span class='ocrx_word' id='word_1_45' title='bbox 2853 1108 2984 1185; x_wconf 90' lang='lat' dir='ltr'>sed</span> <span class='ocrx_word' id='word_1_46' title='bbox 3023 1132 3162 1183; x_wconf 90' lang='lat' dir='ltr'>non</span> <span class='ocrx_word' id='word_1_47' title='bbox 3189 1108 3344 1183; x_wconf 79' lang='lat' dir='ltr'>venit</span> 
     </span>
     <span class='ocr_line' id='line_1_6' title="bbox 732 1234 3339 1335; baseline 0 -27"><span class='ocrx_word' id='word_1_48' title='bbox 732 1234 807 1309; x_wconf 91' lang='lat' dir='ltr'>in</span> <span class='ocrx_word' id='word_1_49' title='bbox 835 1239 1162 1330; x_wconf 89' lang='lat' dir='ltr'>tempore</span> <span class='ocrx_word' id='word_1_50' title='bbox 1182 1234 1533 1309; x_wconf 86' lang='lat' dir='ltr'>diaconus</span> <span class='ocrx_word' id='word_1_51' title='bbox 1555 1258 1687 1333; x_wconf 94' lang='lat' dir='ltr'>pro</span> <span class='ocrx_word' id='word_1_52' title='bbox 1716 1235 2224 1311; x_wconf 89' lang='lat' dir='ltr'>benedictione</span> <span class='ocrx_word' id='word_1_53' title='bbox 2253 1238 2568 1335; x_wconf 86' lang='lat' dir='ltr'>petenda</span> <span class='ocrx_word' id='word_1_54' title='bbox 2589 1258 2812 1333; x_wconf 87' lang='lat' dir='ltr'>quam</span> <span class='ocrx_word' id='word_1_55' title='bbox 2841 1234 3150 1311; x_wconf 82' lang='lat' dir='ltr'>obtinuit</span> <span class='ocrx_word' id='word_1_56' title='bbox 3173 1242 3339 1331; x_wconf 87' lang='lat' dir='ltr'>post:</span> 
     </span>
     <span class='ocr_line' id='line_1_7' title="bbox 730 1359 3350 1460; baseline -0.001 -27"><span class='ocrx_word' id='word_1_57' title='bbox 730 1360 941 1435; x_wconf 81' lang='lat' dir='ltr'>&#39;finito</span> <span class='ocrx_word' id='word_1_58' title='bbox 968 1383 1209 1451; x_wconf 86' lang='lat' dir='ltr'>versu,</span> <span class='ocrx_word' id='word_1_59' title='bbox 1247 1364 1441 1460; x_wconf 86' lang='lat' dir='ltr'>Papa</span> <span class='ocrx_word' id='word_1_60' title='bbox 1467 1361 1559 1435; x_wconf 91' lang='lat' dir='ltr'>ad</span> <span class='ocrx_word' id='word_1_61' title='bbox 1592 1362 1856 1436; x_wconf 90' lang='lat' dir='ltr'>solium</span> <span class='ocrx_word' id='word_1_62' title='bbox 1888 1385 2220 1437; x_wconf 88' lang='lat' dir='ltr'>reversus</span> <span class='ocrx_word' id='word_1_63' title='bbox 2251 1368 2388 1437; x_wconf 88' lang='lat' dir='ltr'>est.</span> <span class='ocrx_word' id='word_1_64' title='bbox 2427 1364 2687 1437; x_wconf 86' lang='lat' dir='ltr'>Orator</span> <span class='ocrx_word' id='word_1_65' title='bbox 2710 1366 3156 1438; x_wconf 80' lang='lat' dir='ltr'>Venetorum</span> <span class='ocrx_word' id='word_1_66' title='bbox 3192 1359 3350 1433; x_wconf 88' lang='lat' dir='ltr'>dedit</span> 
     </span>
     <span class='ocr_line' id='line_1_8' title="bbox 732 1484 3351 1586; baseline -0.001 -25"><span class='ocrx_word' id='word_1_67' title='bbox 732 1511 997 1584; x_wconf 88' lang='lat' dir='ltr'>aquam</span> <span class='ocrx_word' id='word_1_68' title='bbox 1048 1486 1385 1561; x_wconf 89' lang='lat' dir='ltr'>manibus</span> <span class='ocrx_word' id='word_1_69' title='bbox 1429 1491 1621 1585; x_wconf 87' lang='lat' dir='ltr'>Pape</span> <span class='ocrx_word' id='word_1_70' title='bbox 1668 1497 1836 1586; x_wconf 90' lang='lat' dir='ltr'>post</span> <span class='ocrx_word' id='word_1_71' title='bbox 1887 1488 2215 1563; x_wconf 88' lang='lat' dir='ltr'>cinerum</span> <span class='ocrx_word' id='word_1_72' title='bbox 2259 1487 2844 1563; x_wconf 78' lang='lat' dir='ltr'>distributionem</span> <span class='ocrx_word' id='word_1_73' title='bbox 2901 1511 2919 1561; x_wconf 91' lang='lat'>:</span> <span class='ocrx_word' id='word_1_74' title='bbox 2957 1484 3108 1561; x_wconf 89' lang='lat' dir='ltr'>alia</span> <span class='ocrx_word' id='word_1_75' title='bbox 3149 1484 3351 1561; x_wconf 80' lang='lat' dir='ltr'>omnia</span> 
     </span>
     <span class='ocr_line' id='line_1_9' title="bbox 732 1608 3525 1741; baseline -0.001 -54"><span class='ocrx_word' id='word_1_76' title='bbox 732 1614 1109 1689; x_wconf 83' lang='lat' dir='ltr'>observata</span> <span class='ocrx_word' id='word_1_77' title='bbox 1139 1620 1307 1687; x_wconf 89' lang='lat' dir='ltr'>sunt</span> <span class='ocrx_word' id='word_1_78' title='bbox 1332 1636 1537 1688; x_wconf 91' lang='lat' dir='ltr'>more</span> <span class='ocrx_word' id='word_1_79' title='bbox 1572 1614 1811 1689; x_wconf 75' lang='lat' dir='ltr'>solito,</span> <span class='ocrx_word' id='word_1_80' title='bbox 3523 1608 3525 1741; x_wconf 41' lang='lat' dir='ltr'>l</span> 
     </span>
    </p>

    <p class='ocr_par' dir='ltr' id='par_1_3' title="bbox 726 1738 3360 2345">
     <span class='ocr_line' id='line_1_10' title="bbox 830 1738 3351 1839; baseline -0.003 -24"><span class='ocrx_word' id='word_1_81' title='bbox 830 1741 1062 1816; x_wconf 88' lang='lat' dir='ltr'>Finita</span> <span class='ocrx_word' id='word_1_82' title='bbox 1096 1740 1343 1830; x_wconf 85' lang='lat' dir='ltr'>missa,</span> <span class='ocrx_word' id='word_1_83' title='bbox 1378 1741 1655 1815; x_wconf 87' lang='lat' dir='ltr'>obtinui</span> <span class='ocrx_word' id='word_1_84' title='bbox 1686 1765 1731 1815; x_wconf 98' lang='lat' dir='ltr'>a</span> <span class='ocrx_word' id='word_1_85' title='bbox 1766 1744 1890 1817; x_wconf 92' lang='lat' dir='ltr'>SS.</span> <span class='ocrx_word' id='word_1_86' title='bbox 1929 1747 2016 1817; x_wconf 92' lang='lat' dir='ltr'>D.</span> <span class='ocrx_word' id='word_1_87' title='bbox 2051 1745 2300 1816; x_wconf 88' lang='lat' dir='ltr'>nostro</span> <span class='ocrx_word' id='word_1_88' title='bbox 2329 1764 2460 1839; x_wconf 86' lang='lat' dir='ltr'>pro</span> <span class='ocrx_word' id='word_1_89' title='bbox 2495 1740 2706 1815; x_wconf 90' lang='lat' dir='ltr'>nobis</span> <span class='ocrx_word' id='word_1_90' title='bbox 2744 1738 3032 1815; x_wconf 81' lang='lat' dir='ltr'>clericis</span> <span class='ocrx_word' id='word_1_91' title='bbox 3063 1758 3351 1814; x_wconf 90' lang='lat' dir='ltr'>ceremo-</span> 
     </span>
     <span class='ocr_line' id='line_1_11' title="bbox 728 1860 3357 1964; baseline -0.003 -23"><span class='ocrx_word' id='word_1_92' title='bbox 728 1868 1041 1957; x_wconf 89' lang='lat' dir='ltr'>niarum,</span> <span class='ocrx_word' id='word_1_93' title='bbox 1086 1866 1499 1943; x_wconf 88' lang='lat' dir='ltr'>cantoribus</span> <span class='ocrx_word' id='word_1_94' title='bbox 1534 1874 1606 1941; x_wconf 89' lang='lat' dir='ltr'>et</span> <span class='ocrx_word' id='word_1_95' title='bbox 1640 1867 1801 1942; x_wconf 89' lang='lat' dir='ltr'>aliis</span> <span class='ocrx_word' id='word_1_96' title='bbox 1847 1866 1939 1943; x_wconf 91' lang='lat' dir='ltr'>de</span> <span class='ocrx_word' id='word_1_97' title='bbox 1976 1865 2256 1964; x_wconf 90' lang='lat' dir='ltr'>capella</span> <span class='ocrx_word' id='word_1_98' title='bbox 2291 1866 2709 1941; x_wconf 80' lang='lat' dir='ltr'>facultatem</span> <span class='ocrx_word' id='word_1_99' title='bbox 2755 1864 3074 1963; x_wconf 86' lang='lat' dir='ltr'>eligendi</span> <span class='ocrx_word' id='word_1_100' title='bbox 3117 1860 3357 1937; x_wconf 79' lang='lat' dir='ltr'>confes-</span> 
     </span>
     <span class='ocr_line' id='line_1_12' title="bbox 730 1984 3360 2093; baseline -0.003 -26"><span class='ocrx_word' id='word_1_101' title='bbox 730 2013 975 2068; x_wconf 87' lang='lat' dir='ltr'>sorem</span> <span class='ocrx_word' id='word_1_102' title='bbox 1032 1996 1155 2092; x_wconf 90' lang='lat' dir='ltr'>qui</span> <span class='ocrx_word' id='word_1_103' title='bbox 1228 2019 1389 2071; x_wconf 88' lang='lat' dir='ltr'>cras</span> <span class='ocrx_word' id='word_1_104' title='bbox 1451 1992 1773 2093; x_wconf 79' lang='lat' dir='ltr'>plenarie</span> <span class='ocrx_word' id='word_1_105' title='bbox 1843 1991 2170 2069; x_wconf 84' lang='lat' dir='ltr'>absolvat</span> <span class='ocrx_word' id='word_1_106' title='bbox 2253 1998 2326 2067; x_wconf 91' lang='lat' dir='ltr'>et</span> <span class='ocrx_word' id='word_1_107' title='bbox 2388 1990 2914 2090; x_wconf 84' lang='lat' dir='ltr'>indulgentiam</span> <span class='ocrx_word' id='word_1_108' title='bbox 2983 1984 3360 2088; x_wconf 83' lang='lat' dir='ltr'>[impendat]</span> 
     </span>
     <span class='ocr_line' id='line_1_13' title="bbox 726 2112 3358 2219; baseline -0.004 -27"><span class='ocrx_word' id='word_1_109' title='bbox 726 2118 1125 2216; x_wconf 88' lang='lat' dir='ltr'>plenariam</span> <span class='ocrx_word' id='word_1_110' title='bbox 1158 2128 1229 2197; x_wconf 89' lang='lat' dir='ltr'>et</span> <span class='ocrx_word' id='word_1_111' title='bbox 1258 2121 1454 2219; x_wconf 92' lang='lat' dir='ltr'>quod</span> <span class='ocrx_word' id='word_1_112' title='bbox 1481 2118 1838 2195; x_wconf 89' lang='lat' dir='ltr'>visitando</span> <span class='ocrx_word' id='word_1_113' title='bbox 1870 2116 2172 2214; x_wconf 88' lang='lat' dir='ltr'>singulis</span> <span class='ocrx_word' id='word_1_114' title='bbox 2203 2116 2460 2190; x_wconf 90' lang='lat' dir='ltr'>diebus</span> <span class='ocrx_word' id='word_1_115' title='bbox 2491 2116 2718 2192; x_wconf 85' lang='lat' dir='ltr'>altare</span> <span class='ocrx_word' id='word_1_116' title='bbox 2739 2116 2981 2215; x_wconf 87' lang='lat' dir='ltr'>majus</span> <span class='ocrx_word' id='word_1_117' title='bbox 3013 2112 3290 2189; x_wconf 87' lang='lat' dir='ltr'>basilice</span> <span class='ocrx_word' id='word_1_118' title='bbox 3311 2135 3358 2183; x_wconf 77' lang='lat' dir='ltr'>s,</span> 
     </span>
     <span class='ocr_line' id='line_1_14' title="bbox 727 2241 2776 2345; baseline -0.001 -25"><span class='ocrx_word' id='word_1_119' title='bbox 727 2244 920 2321; x_wconf 86' lang='lat' dir='ltr'>Petri</span> <span class='ocrx_word' id='word_1_120' title='bbox 948 2269 1485 2345; x_wconf 87' lang='lat' dir='ltr'>consequamur</span> <span class='ocrx_word' id='word_1_121' title='bbox 1512 2244 1995 2343; x_wconf 80' lang='lat' dir='ltr'>indulgentias</span> <span class='ocrx_word' id='word_1_122' title='bbox 2027 2241 2358 2318; x_wconf 89' lang='lat' dir='ltr'>stationis</span> <span class='ocrx_word' id='word_1_123' title='bbox 2384 2241 2574 2316; x_wconf 90' lang='lat' dir='ltr'>illius</span> <span class='ocrx_word' id='word_1_124' title='bbox 2605 2242 2776 2317; x_wconf 86' lang='lat' dir='ltr'>diei.</span> 
     </span>
    </p>

    <p class='ocr_par' dir='ltr' id='par_1_4' title="bbox 722 2360 3364 2717">
     <span class='ocr_line' id='line_1_15' title="bbox 822 2360 3364 2468; baseline -0.004 -24"><span class='ocrx_word' id='word_1_125' title='bbox 822 2370 1019 2464; x_wconf 86' lang='lat' dir='ltr'>Heri,</span> <span class='ocrx_word' id='word_1_126' title='bbox 1085 2371 1504 2446; x_wconf 87' lang='lat' dir='ltr'>nunciatum</span> <span class='ocrx_word' id='word_1_127' title='bbox 1566 2370 1641 2444; x_wconf 91' lang='lat' dir='ltr'>in</span> <span class='ocrx_word' id='word_1_128' title='bbox 1690 2370 1882 2444; x_wconf 88' lang='lat' dir='ltr'>Urbe</span> <span class='ocrx_word' id='word_1_129' title='bbox 1936 2391 2188 2468; x_wconf 83' lang='lat' dir='ltr'>regem</span> <span class='ocrx_word' id='word_1_130' title='bbox 2243 2366 2550 2443; x_wconf 86' lang='lat' dir='ltr'>Francie</span> <span class='ocrx_word' id='word_1_131' title='bbox 2607 2366 2954 2441; x_wconf 87' lang='lat' dir='ltr'>habuisse</span> <span class='ocrx_word' id='word_1_132' title='bbox 3015 2360 3364 2463; x_wconf 87' lang='lat' dir='ltr'>Neapolim</span> 
     </span>
     <span class='ocr_line' id='line_1_16' title="bbox 723 2488 3364 2593; baseline -0.005 -22"><span class='ocrx_word' id='word_1_133' title='bbox 723 2501 799 2571; x_wconf 86' lang='lat' dir='ltr'>et</span> <span class='ocrx_word' id='word_1_134' title='bbox 826 2497 1083 2571; x_wconf 88' lang='lat' dir='ltr'>turrim</span> <span class='ocrx_word' id='word_1_135' title='bbox 1136 2522 1197 2571; x_wconf 90' lang='lat' dir='ltr'>s.</span> <span class='ocrx_word' id='word_1_136' title='bbox 1238 2496 1633 2589; x_wconf 80' lang='lat' dir='ltr'>vincentii,</span> <span class='ocrx_word' id='word_1_137' title='bbox 1668 2501 1741 2569; x_wconf 88' lang='lat' dir='ltr'>et</span> <span class='ocrx_word' id='word_1_138' title='bbox 1772 2518 1992 2573; x_wconf 90' lang='lat' dir='ltr'>unam</span> <span class='ocrx_word' id='word_1_139' title='bbox 2039 2518 2130 2571; x_wconf 86' lang='lat' dir='ltr'>ex</span> <span class='ocrx_word' id='word_1_140' title='bbox 2165 2494 2390 2593; x_wconf 89' lang='lat' dir='ltr'>galeis</span> <span class='ocrx_word' id='word_1_141' title='bbox 2425 2494 2619 2592; x_wconf 85' lang='lat' dir='ltr'>regis</span> <span class='ocrx_word' id='word_1_142' title='bbox 2649 2492 3116 2592; x_wconf 84' lang='lat' dir='ltr'>Neapolitani</span> <span class='ocrx_word' id='word_1_143' title='bbox 3143 2488 3364 2590; x_wconf 89' lang='lat' dir='ltr'>quibus</span> 
     </span>
     <span class='ocr_line' id='line_1_17' title="bbox 722 2618 3186 2717; baseline -0.002 -24"><span class='ocrx_word' id='word_1_144' title='bbox 722 2619 913 2717; x_wconf 90' lang='lat' dir='ltr'>apud</span> <span class='ocrx_word' id='word_1_145' title='bbox 938 2620 1253 2695; x_wconf 89' lang='lat' dir='ltr'>Ischiam</span> <span class='ocrx_word' id='word_1_146' title='bbox 1281 2621 1618 2697; x_wconf 90' lang='lat' dir='ltr'>utebatur</span> <span class='ocrx_word' id='word_1_147' title='bbox 1645 2622 1737 2695; x_wconf 94' lang='lat' dir='ltr'>ad</span> <span class='ocrx_word' id='word_1_148' title='bbox 1765 2621 2106 2697; x_wconf 88' lang='lat' dir='ltr'>eumdem</span> <span class='ocrx_word' id='word_1_149' title='bbox 2138 2642 2385 2717; x_wconf 87' lang='lat' dir='ltr'>regem</span> <span class='ocrx_word' id='word_1_150' title='bbox 2409 2620 2710 2693; x_wconf 89' lang='lat' dir='ltr'>Francie</span> <span class='ocrx_word' id='word_1_151' title='bbox 2738 2618 3186 2717; x_wconf 85' lang='lat' dir='ltr'>confugisse.</span> 
     </span>
    </p>

    <p class='ocr_par' dir='ltr' id='par_1_5' title="bbox 713 2740 3368 3441">
     <span class='ocr_line' id='line_1_18' title="bbox 819 2740 3368 2843; baseline -0 -25"><span class='ocrx_word' id='word_1_152' title='bbox 819 2743 1032 2820; x_wconf 85' lang='lat' dir='ltr'>Feria</span> <span class='ocrx_word' id='word_1_153' title='bbox 1066 2745 1337 2843; x_wconf 85' lang='lat' dir='ltr'>quinta,</span> <span class='ocrx_word' id='word_1_154' title='bbox 1374 2752 1417 2821; x_wconf 82' lang='lat'>5</span> <span class='ocrx_word' id='word_1_155' title='bbox 1448 2746 1720 2826; x_wconf 82' lang='lat' dir='ltr'>mensis</span> <span class='ocrx_word' id='word_1_156' title='bbox 1750 2746 2020 2837; x_wconf 90' lang='lat' dir='ltr'>martii,</span> <span class='ocrx_word' id='word_1_157' title='bbox 2077 2750 2244 2819; x_wconf 88' lang='lat' dir='ltr'>ante</span> <span class='ocrx_word' id='word_1_158' title='bbox 2284 2742 2697 2842; x_wconf 86' lang='lat' dir='ltr'>prandium,</span> <span class='ocrx_word' id='word_1_159' title='bbox 2741 2746 2994 2817; x_wconf 81' lang='lat' dir='ltr'>Rmus,</span> <span class='ocrx_word' id='word_1_160' title='bbox 3035 2744 3125 2817; x_wconf 90' lang='lat' dir='ltr'>D.</span> <span class='ocrx_word' id='word_1_161' title='bbox 3161 2740 3368 2817; x_wconf 73' lang='lat' dir='ltr'>curdi-</span> 
     </span>
     <span class='ocr_line' id='line_1_19' title="bbox 718 2869 3360 2969; baseline -0.002 -26"><span class='ocrx_word' id='word_1_162' title='bbox 718 2870 901 2945; x_wconf 90' lang='lat' dir='ltr'>nalis</span> <span class='ocrx_word' id='word_1_163' title='bbox 954 2872 1324 2964; x_wconf 85' lang='lat' dir='ltr'>Senensis,</span> <span class='ocrx_word' id='word_1_164' title='bbox 1377 2872 1777 2969; x_wconf 90' lang='lat' dir='ltr'>apostolice</span> <span class='ocrx_word' id='word_1_165' title='bbox 1829 2870 2020 2945; x_wconf 88' lang='lat' dir='ltr'>sedis</span> <span class='ocrx_word' id='word_1_166' title='bbox 2077 2869 2358 2968; x_wconf 86' lang='lat' dir='ltr'>legatus</span> <span class='ocrx_word' id='word_1_167' title='bbox 2407 2869 2498 2942; x_wconf 93' lang='lat' dir='ltr'>ad</span> <span class='ocrx_word' id='word_1_168' title='bbox 2549 2890 2796 2965; x_wconf 85' lang='lat' dir='ltr'>regem</span> <span class='ocrx_word' id='word_1_169' title='bbox 2862 2870 3169 2943; x_wconf 80' lang='lat' dir='ltr'>Francia</span> <span class='ocrx_word' id='word_1_170' title='bbox 3213 2874 3360 2941; x_wconf 88' lang='lat' dir='ltr'>tunc</span> 
     </span>
     <span class='ocr_line' id='line_1_20' title="bbox 718 2991 3364 3093; baseline -0.002 -27"><span class='ocrx_word' id='word_1_171' title='bbox 718 3014 961 3068; x_wconf 83' lang='lat' dir='ltr'>versus</span> <span class='ocrx_word' id='word_1_172' title='bbox 1016 2996 1420 3070; x_wconf 89' lang='lat' dir='ltr'>Tuscanam</span> <span class='ocrx_word' id='word_1_173' title='bbox 1457 2996 1872 3071; x_wconf 85' lang='lat' dir='ltr'>venientem</span> <span class='ocrx_word' id='word_1_174' title='bbox 1915 2993 2180 3069; x_wconf 90' lang='lat' dir='ltr'>missus</span> <span class='ocrx_word' id='word_1_175' title='bbox 2227 2994 2374 3093; x_wconf 91' lang='lat' dir='ltr'>(qui</span> <span class='ocrx_word' id='word_1_176' title='bbox 2427 2991 2604 3092; x_wconf 87' lang='lat' dir='ltr'>[rex]</span> <span class='ocrx_word' id='word_1_177' title='bbox 2644 2992 2883 3091; x_wconf 90' lang='lat' dir='ltr'>ipsum</span> <span class='ocrx_word' id='word_1_178' title='bbox 2934 2993 3260 3093; x_wconf 84' lang='lat' dir='ltr'>legatum</span> <span class='ocrx_word' id='word_1_179' title='bbox 3299 2996 3364 3063; x_wconf 86' lang='lat' dir='ltr'>ut</span> 
     </span>
     <span class='ocr_line' id='line_1_21' title="bbox 713 3112 3364 3217; baseline 0 -28"><span class='ocrx_word' id='word_1_180' title='bbox 713 3118 933 3194; x_wconf 82' lang='lat' dir='ltr'>talem</span> <span class='ocrx_word' id='word_1_181' title='bbox 960 3112 1301 3217; x_wconf 56' lang='lat' dir='ltr'>&#39;recipere</span> <span class='ocrx_word' id='word_1_182' title='bbox 1334 3121 1444 3197; x_wconf 87' lang='lat' dir='ltr'>vel</span> <span class='ocrx_word' id='word_1_183' title='bbox 1499 3120 1750 3195; x_wconf 90' lang='lat' dir='ltr'>audire</span> <span class='ocrx_word' id='word_1_184' title='bbox 1797 3118 2093 3194; x_wconf 91' lang='lat' dir='ltr'>omnino</span> <span class='ocrx_word' id='word_1_185' title='bbox 2134 3117 2544 3209; x_wconf 81' lang='lat' dir='ltr'>recusavit),</span> <span class='ocrx_word' id='word_1_186' title='bbox 2597 3117 2690 3192; x_wconf 90' lang='lat' dir='ltr'>ad</span> <span class='ocrx_word' id='word_1_187' title='bbox 2742 3120 3014 3198; x_wconf 83' lang='lat' dir='ltr'>Urbem</span> <span class='ocrx_word' id='word_1_188' title='bbox 3057 3140 3364 3194; x_wconf 81' lang='lat' dir='ltr'>reversus</span> 
     </span>
     <span class='ocr_line' id='line_1_22' title="bbox 715 3242 3368 3342; baseline 0.001 -27"><span class='ocrx_word' id='word_1_189' title='bbox 715 3250 851 3331; x_wconf 88' lang='lat' dir='ltr'>est,</span> <span class='ocrx_word' id='word_1_190' title='bbox 893 3266 937 3316; x_wconf 88' lang='lat' dir='ltr'>a</span> <span class='ocrx_word' id='word_1_191' title='bbox 972 3243 1124 3317; x_wconf 91' lang='lat' dir='ltr'>suis</span> <span class='ocrx_word' id='word_1_192' title='bbox 1155 3243 1505 3331; x_wconf 84' lang='lat' dir='ltr'>duntaxat</span> <span class='ocrx_word' id='word_1_193' title='bbox 1528 3245 1954 3337; x_wconf 80' lang='lat' dir='ltr'>associatus,</span> <span class='ocrx_word' id='word_1_194' title='bbox 1990 3265 2137 3317; x_wconf 91' lang='lat' dir='ltr'>non</span> <span class='ocrx_word' id='word_1_195' title='bbox 2179 3266 2222 3317; x_wconf 90' lang='lat' dir='ltr'>a</span> <span class='ocrx_word' id='word_1_196' title='bbox 2247 3242 2558 3341; x_wconf 87' lang='lat' dir='ltr'>collegio</span> <span class='ocrx_word' id='word_1_197' title='bbox 2581 3248 2704 3317; x_wconf 92' lang='lat' dir='ltr'>aut</span> <span class='ocrx_word' id='word_1_198' title='bbox 2727 3265 3198 3342; x_wconf 90' lang='lat' dir='ltr'>quocumque</span> <span class='ocrx_word' id='word_1_199' title='bbox 3225 3265 3368 3317; x_wconf 89' lang='lat' dir='ltr'>car-</span> 
     </span>
     <span class='ocr_line' id='line_1_23' title="bbox 716 3363 2516 3441; baseline 0.003 -5"><span class='ocrx_word' id='word_1_200' title='bbox 716 3363 1092 3440; x_wconf 90' lang='lat' dir='ltr'>dinalium.</span> <span class='ocrx_word' id='word_1_201' title='bbox 2511 3434 2516 3441; x_wconf 84' lang='lat'><strong>.</strong></span> 
     </span>
    </p>

    <p class='ocr_par' dir='ltr' id='par_1_6' title="bbox 716 3489 3366 3692">
     <span class='ocr_line' id='line_1_24' title="bbox 736 3489 3366 3581; baseline 0.002 -20"><span class='ocrx_word' id='word_1_202' title='bbox 736 3558 739 3561; x_wconf 78' lang='grc'><em>,</em></span> <span class='ocrx_word' id='word_1_203' title='bbox 812 3489 1083 3565; x_wconf 87' lang='lat' dir='ltr'>Eadem</span> <span class='ocrx_word' id='word_1_204' title='bbox 1110 3490 1225 3564; x_wconf 91' lang='lat' dir='ltr'>die</span> <span class='ocrx_word' id='word_1_205' title='bbox 1256 3490 1443 3567; x_wconf 86' lang='lat' dir='ltr'>venit</span> <span class='ocrx_word' id='word_1_206' title='bbox 1474 3515 1563 3565; x_wconf 83' lang='lat' dir='ltr'>ex</span> <span class='ocrx_word' id='word_1_207' title='bbox 1600 3492 1966 3567; x_wconf 88' lang='lat' dir='ltr'>Florentia</span> <span class='ocrx_word' id='word_1_208' title='bbox 2001 3493 2095 3568; x_wconf 92' lang='lat' dir='ltr'>ad</span> <span class='ocrx_word' id='word_1_209' title='bbox 2125 3494 2394 3571; x_wconf 90' lang='lat' dir='ltr'>Urbem</span> <span class='ocrx_word' id='word_1_210' title='bbox 2431 3492 2816 3571; x_wconf 87' lang='lat' dir='ltr'>cardinalis</span> <span class='ocrx_word' id='word_1_211' title='bbox 2846 3490 3366 3581; x_wconf 71' lang='lat' dir='ltr'>Maeloviensis,</span> 
     </span>
     <span class='ocr_line' id='line_1_25' title="bbox 716 3614 1639 3692; baseline 0.002 -4"><span class='ocrx_word' id='word_1_212' title='bbox 716 3614 933 3690; x_wconf 89' lang='lat' dir='ltr'>simili</span> <span class='ocrx_word' id='word_1_213' title='bbox 960 3616 1179 3690; x_wconf 92' lang='lat' dir='ltr'>modo</span> <span class='ocrx_word' id='word_1_214' title='bbox 1211 3615 1639 3692; x_wconf 77' lang='lat' dir='ltr'>associatus,</span> 
     </span>
    </p>

    <p class='ocr_par' dir='ltr' id='par_1_7' title="bbox 710 3739 3378 4721">
     <span class='ocr_line' id='line_1_26' title="bbox 814 3739 3374 3838; baseline 0 -25"><span class='ocrx_word' id='word_1_215' title='bbox 814 3740 1025 3815; x_wconf 87' lang='lat' dir='ltr'>Feria</span> <span class='ocrx_word' id='word_1_216' title='bbox 1078 3750 1313 3835; x_wconf 83' lang='lat' dir='ltr'>sexta,</span> <span class='ocrx_word' id='word_1_217' title='bbox 1384 3746 1429 3815; x_wconf 84' lang='grc'>6</span> <span class='ocrx_word' id='word_1_218' title='bbox 1484 3742 1654 3818; x_wconf 85' lang='lat' dir='ltr'>dicti</span> <span class='ocrx_word' id='word_1_219' title='bbox 1718 3746 1992 3822; x_wconf 90' lang='lat' dir='ltr'>mensis</span> <span class='ocrx_word' id='word_1_220' title='bbox 2052 3746 2321 3838; x_wconf 86' lang='lat' dir='ltr'>martii,</span> <span class='ocrx_word' id='word_1_221' title='bbox 2393 3742 2700 3821; x_wconf 88' lang='lat' dir='ltr'>recessit</span> <span class='ocrx_word' id='word_1_222' title='bbox 2745 3766 2836 3819; x_wconf 84' lang='lat' dir='ltr'>ex</span> <span class='ocrx_word' id='word_1_223' title='bbox 2909 3742 3100 3817; x_wconf 87' lang='lat' dir='ltr'>Urbe</span> <span class='ocrx_word' id='word_1_224' title='bbox 3151 3739 3374 3819; x_wconf 88' lang='lat' dir='ltr'>cardi·</span> 
     </span>
     <span class='ocr_line' id='line_1_27' title="bbox 714 3866 3373 3969; baseline -0.001 -30"><span class='ocrx_word' id='word_1_225' title='bbox 714 3866 899 3941; x_wconf 92' lang='lat' dir='ltr'>nalis</span> <span class='ocrx_word' id='word_1_226' title='bbox 946 3867 1211 3941; x_wconf 89' lang='lat' dir='ltr'>Montis</span> <span class='ocrx_word' id='word_1_227' title='bbox 1264 3868 1558 3965; x_wconf 79' lang='lat' dir='ltr'>Rogatis</span> <span class='ocrx_word' id='word_1_228' title='bbox 1600 3892 1642 3943; x_wconf 88' lang='lat' dir='ltr'>a</span> <span class='ocrx_word' id='word_1_229' title='bbox 1686 3870 2035 3969; x_wconf 87' lang='lat' dir='ltr'>pontifice</span> <span class='ocrx_word' id='word_1_230' title='bbox 2079 3871 2342 3945; x_wconf 90' lang='lat' dir='ltr'>missus</span> <span class='ocrx_word' id='word_1_231' title='bbox 2397 3870 2627 3945; x_wconf 89' lang='lat' dir='ltr'>iturus</span> <span class='ocrx_word' id='word_1_232' title='bbox 2677 3872 2955 3967; x_wconf 89' lang='lat' dir='ltr'>Nepem</span> <span class='ocrx_word' id='word_1_233' title='bbox 2991 3870 3118 3967; x_wconf 84' lang='lat'>(1),</span> <span class='ocrx_word' id='word_1_234' title='bbox 3171 3867 3373 3940; x_wconf 88' lang='lat' dir='ltr'>obses</span> 
     </span>
     <span class='ocr_line' id='line_1_28' title="bbox 712 3988 3373 4094; baseline -0.001 -29"><span class='ocrx_word' id='word_1_235' title='bbox 712 3992 982 4069; x_wconf 90' lang='lat' dir='ltr'>ibidem</span> <span class='ocrx_word' id='word_1_236' title='bbox 1036 4017 1556 4091; x_wconf 89' lang='lat' dir='ltr'>permansurus</span> <span class='ocrx_word' id='word_1_237' title='bbox 1625 4017 2002 4094; x_wconf 90' lang='lat' dir='ltr'>quousque</span> <span class='ocrx_word' id='word_1_238' title='bbox 2059 3994 2444 4070; x_wconf 90' lang='lat' dir='ltr'>cardinalis</span> <span class='ocrx_word' id='word_1_239' title='bbox 2501 3993 2854 4069; x_wconf 89' lang='lat' dir='ltr'>Ascanius</span> <span class='ocrx_word' id='word_1_240' title='bbox 2926 3988 3373 4068; x_wconf 87' lang='lat' dir='ltr'>vicecancel-</span> 
     </span>
     <span class='ocr_line' id='line_1_29' title="bbox 710 4117 3376 4217; baseline -0.001 -26"><span class='ocrx_word' id='word_1_241' title='bbox 710 4117 957 4209; x_wconf 88' lang='lat' dir='ltr'>larius,</span> <span class='ocrx_word' id='word_1_242' title='bbox 1014 4140 1234 4215; x_wconf 89' lang='lat' dir='ltr'>quem</span> <span class='ocrx_word' id='word_1_243' title='bbox 1303 4118 1656 4217; x_wconf 86' lang='lat' dir='ltr'>pontifiex</span> <span class='ocrx_word' id='word_1_244' title='bbox 1708 4119 1803 4193; x_wconf 91' lang='lat' dir='ltr'>ad</span> <span class='ocrx_word' id='word_1_245' title='bbox 1867 4142 1942 4195; x_wconf 88' lang='lat' dir='ltr'>se</span> <span class='ocrx_word' id='word_1_246' title='bbox 2013 4119 2261 4195; x_wconf 87' lang='lat' dir='ltr'>venire</span> <span class='ocrx_word' id='word_1_247' title='bbox 2325 4118 2627 4209; x_wconf 81' lang='lat' dir='ltr'>vocavit,</span> <span class='ocrx_word' id='word_1_248' title='bbox 2703 4117 2798 4191; x_wconf 91' lang='lat' dir='ltr'>ad</span> <span class='ocrx_word' id='word_1_249' title='bbox 2861 4117 3119 4192; x_wconf 90' lang='lat' dir='ltr'>urbem</span> <span class='ocrx_word' id='word_1_250' title='bbox 3183 4118 3376 4211; x_wconf 82' lang='lat' dir='ltr'>Nepe</span> 
     </span>
     <span class='ocr_line' id='line_1_30' title="bbox 712 4239 3368 4340; baseline -0.001 -27"><span class='ocrx_word' id='word_1_251' title='bbox 712 4264 1043 4317; x_wconf 86' lang='lat' dir='ltr'>reversus</span> <span class='ocrx_word' id='word_1_252' title='bbox 1107 4252 1327 4334; x_wconf 89' lang='lat' dir='ltr'>esset,</span> <span class='ocrx_word' id='word_1_253' title='bbox 1397 4243 1520 4340; x_wconf 95' lang='lat' dir='ltr'>qui</span> <span class='ocrx_word' id='word_1_254' title='bbox 1591 4242 2222 4319; x_wconf 84' lang='lat' dir='ltr'>vicecancellarius</span> <span class='ocrx_word' id='word_1_255' title='bbox 2279 4248 2318 4317; x_wconf 92' lang='grc'><strong>7</strong></span> <span class='ocrx_word' id='word_1_256' title='bbox 2380 4242 2554 4317; x_wconf 90' lang='lat' dir='ltr'>dicti</span> <span class='ocrx_word' id='word_1_257' title='bbox 2617 4242 2890 4317; x_wconf 90' lang='lat' dir='ltr'>mensis</span> <span class='ocrx_word' id='word_1_258' title='bbox 2952 4241 3046 4317; x_wconf 91' lang='lat' dir='ltr'>ad</span> <span class='ocrx_word' id='word_1_259' title='bbox 3105 4239 3368 4315; x_wconf 89' lang='lat' dir='ltr'>Urbem</span> 
     </span>
     <span class='ocr_line' id='line_1_31' title="bbox 714 4362 3378 4467; baseline -0.001 -28"><span class='ocrx_word' id='word_1_260' title='bbox 714 4366 907 4441; x_wconf 83' lang='lat' dir='ltr'>venit</span> <span class='ocrx_word' id='word_1_261' title='bbox 959 4374 1033 4443; x_wconf 90' lang='lat' dir='ltr'>et</span> <span class='ocrx_word' id='word_1_262' title='bbox 1068 4367 1143 4441; x_wconf 89' lang='lat' dir='ltr'>in</span> <span class='ocrx_word' id='word_1_263' title='bbox 1178 4367 1447 4465; x_wconf 89' lang='lat' dir='ltr'>palatio</span> <span class='ocrx_word' id='word_1_264' title='bbox 1496 4368 2048 4467; x_wconf 89' lang='lat' dir='ltr'>apostolico,.in</span> <span class='ocrx_word' id='word_1_265' title='bbox 2089 4368 2399 4443; x_wconf 88' lang='lat' dir='ltr'>cameris</span> <span class='ocrx_word' id='word_1_266' title='bbox 2439 4366 2588 4443; x_wconf 91' lang='lat' dir='ltr'>suis</span> <span class='ocrx_word' id='word_1_267' title='bbox 2635 4366 3044 4466; x_wconf 87' lang='lat' dir='ltr'>hospitatus</span> <span class='ocrx_word' id='word_1_268' title='bbox 3091 4373 3244 4453; x_wconf 82' lang='lat' dir='ltr'>est3</span> <span class='ocrx_word' id='word_1_269' title='bbox 3291 4362 3378 4437; x_wconf 90' lang='lat' dir='ltr'>ad</span> 
     </span>
     <span class='ocr_line' id='line_1_32' title="bbox 713 4486 3376 4593; baseline -0.003 -26"><span class='ocrx_word' id='word_1_270' title='bbox 713 4494 980 4570; x_wconf 90' lang='lat' dir='ltr'>Urbem</span> <span class='ocrx_word' id='word_1_271' title='bbox 1029 4494 1241 4571; x_wconf 86' lang='lat' dir='ltr'>rediit</span> <span class='ocrx_word' id='word_1_272' title='bbox 1281 4495 1605 4593; x_wconf 82' lang='lat' dir='ltr'>prefatus</span> <span class='ocrx_word' id='word_1_273' title='bbox 1649 4495 2035 4570; x_wconf 87' lang='lat' dir='ltr'>cardinalis</span> <span class='ocrx_word' id='word_1_274' title='bbox 2064 4494 2328 4569; x_wconf 86' lang='lat' dir='ltr'>Montis</span> <span class='ocrx_word' id='word_1_275' title='bbox 2377 4492 2694 4591; x_wconf 88' lang='lat' dir='ltr'>Regalis,</span> <span class='ocrx_word' id='word_1_276' title='bbox 2726 4491 2898 4569; x_wconf 90' lang='lat' dir='ltr'>lune</span> <span class='ocrx_word' id='word_1_277' title='bbox 2941 4498 2984 4567; x_wconf 89' lang='lat'>9</span> <span class='ocrx_word' id='word_1_278' title='bbox 3015 4486 3376 4591; x_wconf 89' lang='lat' dir='ltr'>presentis</span> 
     </span>
     <span class='ocr_line' id='line_1_33' title="bbox 710 4620 1142 4721; baseline 0.007 -28"><span class='ocrx_word' id='word_1_279' title='bbox 710 4621 986 4697; x_wconf 88' lang='lat' dir='ltr'>mensis</span> <span class='ocrx_word' id='word_1_280' title='bbox 1019 4620 1142 4721; x_wconf 80' lang='lat'><strong>(2).</strong></span> 
     </span>
    </p>
   </div>
   <div class='ocr_carea' id='block_1_3' title="bbox 3521 2601 3528 3857">
    <p class='ocr_par' dir='ltr' id='par_1_8' title="bbox 3521 2601 3528 3857">
     <span class='ocr_line' id='line_1_34' title="bbox 3521 2601 3528 3857; baseline 0 0"><span class='ocrx_word' id='word_1_281' title='bbox 3521 2601 3528 3857; x_wconf 95' lang='lat' dir='ltr'> </span> 
     </span>
    </p>
   </div>
   <div class='ocr_carea' id='block_1_4' title="bbox 709 4828 3384 5360">
    <p class='ocr_par' dir='ltr' id='par_1_9' title="bbox 712 4828 3378 4998">
     <span class='ocr_line' id='line_1_35' title="bbox 784 4828 3378 4909; baseline -0.001 -20"><span class='ocrx_word' id='word_1_282' title='bbox 784 4834 835 4889; x_wconf 88' lang='lat'>1.</span> <span class='ocrx_word' id='word_1_283' title='bbox 876 4834 1038 4905; x_wconf 78' lang='lat' dir='ltr'>Nepi.</span> <span class='ocrx_word' id='word_1_284' title='bbox 1072 4834 1219 4891; x_wconf 85' lang='lat' dir='ltr'>Telle</span> <span class='ocrx_word' id='word_1_285' title='bbox 1246 4834 1594 4905; x_wconf 71' lang='lat' dir='ltr'>estlalecon</span> <span class='ocrx_word' id='word_1_286' title='bbox 1624 4836 1699 4891; x_wconf 91' lang='lat' dir='ltr'>du</span> <span class='ocrx_word' id='word_1_287' title='bbox 1734 4852 1874 4893; x_wconf 80' lang='lat' dir='ltr'>mss,</span> <span class='ocrx_word' id='word_1_288' title='bbox 1917 4838 2040 4893; x_wconf 84' lang='lat'>149.</span> <span class='ocrx_word' id='word_1_289' title='bbox 2075 4836 2150 4893; x_wconf 86' lang='lat' dir='ltr'>Le</span> <span class='ocrx_word' id='word_1_290' title='bbox 2189 4834 2372 4909; x_wconf 87' lang='lat' dir='ltr'>Chigi,</span> <span class='ocrx_word' id='word_1_291' title='bbox 2405 4834 2582 4893; x_wconf 66' lang='lat'><strong>1:473</strong></span> <span class='ocrx_word' id='word_1_292' title='bbox 2618 4851 2698 4904; x_wconf 84' lang='lat' dir='ltr'>v.,</span> <span class='ocrx_word' id='word_1_293' title='bbox 2729 4832 3034 4893; x_wconf 71' lang='lat'>1055222.</span> <span class='ocrx_word' id='word_1_294' title='bbox 3073 4834 3111 4892; x_wconf 87' lang='lat' dir='ltr'>f.</span> <span class='ocrx_word' id='word_1_295' title='bbox 3147 4835 3247 4891; x_wconf 83' lang='grc'>60.</span> <span class='ocrx_word' id='word_1_296' title='bbox 3285 4828 3378 4907; x_wconf 88' lang='lat' dir='ltr'>qui</span> 
     </span>
     <span class='ocr_line' id='line_1_36' title="bbox 712 4919 3244 4998; baseline 0.002 -21"><span class='ocrx_word' id='word_1_297' title='bbox 712 4919 763 4978; x_wconf 89' lang='lat' dir='ltr'>le</span> <span class='ocrx_word' id='word_1_298' title='bbox 790 4921 1073 4996; x_wconf 88' lang='lat' dir='ltr'>reproduit</span> <span class='ocrx_word' id='word_1_299' title='bbox 1098 4929 1442 4981; x_wconf 78' lang='lat' dir='ltr'>exactement</span> <span class='ocrx_word' id='word_1_300' title='bbox 1466 4926 1714 4982; x_wconf 84' lang='lat' dir='ltr'>donnent.</span> <span class='ocrx_word' id='word_1_301' title='bbox 1740 4927 1775 4981; x_wconf 74' lang='lat' dir='ltr'>a</span> <span class='ocrx_word' id='word_1_302' title='bbox 1802 4930 1914 4982; x_wconf 88' lang='lat' dir='ltr'>tort</span> <span class='ocrx_word' id='word_1_303' title='bbox 1935 4926 2108 4995; x_wconf 67' lang='lat' dir='ltr'>lame,</span> <span class='ocrx_word' id='word_1_304' title='bbox 2137 4924 2208 4982; x_wconf 89' lang='lat' dir='ltr'>de</span> <span class='ocrx_word' id='word_1_305' title='bbox 2234 4930 2410 4981; x_wconf 73' lang='lat' dir='ltr'>meme</span> <span class='ocrx_word' id='word_1_306' title='bbox 2437 4922 2564 4998; x_wconf 83' lang='lat' dir='ltr'>plus</span> <span class='ocrx_word' id='word_1_307' title='bbox 2593 4923 2718 4993; x_wconf 85' lang='lat' dir='ltr'>bas,</span> <span class='ocrx_word' id='word_1_308' title='bbox 2749 4925 2822 4982; x_wconf 83' lang='lat' dir='ltr'>ad</span> <span class='ocrx_word' id='word_1_309' title='bbox 2849 4924 3044 4981; x_wconf 84' lang='lat' dir='ltr'>urbem</span> <span class='ocrx_word' id='word_1_310' title='bbox 3071 4926 3244 4982; x_wconf 70' lang='lat' dir='ltr'>Lm.</span> 
     </span>
    </p>

    <p class='ocr_par' dir='ltr' id='par_1_10' title="bbox 709 5010 3384 5360">
     <span class='ocr_line' id='line_1_37' title="bbox 782 5010 3383 5089; baseline -0 -20"><span class='ocrx_word' id='word_1_311' title='bbox 782 5014 838 5069; x_wconf 87' lang='lat'>2.</span> <span class='ocrx_word' id='word_1_312' title='bbox 978 5012 1131 5070; x_wconf 75' lang='lat' dir='ltr'>«Ma</span> <span class='ocrx_word' id='word_1_313' title='bbox 1168 5010 1225 5067; x_wconf 88' lang='lat' dir='ltr'>in</span> <span class='ocrx_word' id='word_1_314' title='bbox 1260 5020 1461 5087; x_wconf 87' lang='lat' dir='ltr'>questo</span> <span class='ocrx_word' id='word_1_315' title='bbox 1496 5032 1669 5085; x_wconf 85' lang='lat' dir='ltr'>mezo,</span> <span class='ocrx_word' id='word_1_316' title='bbox 1708 5031 1807 5089; x_wconf 89' lang='lat' dir='ltr'>per</span> <span class='ocrx_word' id='word_1_317' title='bbox 1849 5013 2266 5089; x_wconf 84' lang='lat' dir='ltr'>interpositione</span> <span class='ocrx_word' id='word_1_318' title='bbox 2301 5013 2358 5069; x_wconf 92' lang='lat' dir='ltr'>di</span> <span class='ocrx_word' id='word_1_319' title='bbox 2395 5011 2451 5070; x_wconf 87' lang='lat' dir='ltr'>la</span> <span class='ocrx_word' id='word_1_320' title='bbox 2486 5012 2750 5088; x_wconf 86' lang='lat' dir='ltr'>Signoria</span> <span class='ocrx_word' id='word_1_321' title='bbox 2783 5021 2978 5073; x_wconf 86' lang='lat' dir='ltr'>nostra</span> <span class='ocrx_word' id='word_1_322' title='bbox 3013 5031 3114 5071; x_wconf 85' lang='lat' dir='ltr'>con</span> <span class='ocrx_word' id='word_1_323' title='bbox 3141 5012 3196 5069; x_wconf 88' lang='lat' dir='ltr'>el</span> <span class='ocrx_word' id='word_1_324' title='bbox 3237 5014 3383 5069; x_wconf 83' lang='lat' dir='ltr'>duca</span> 
     </span>
     <span class='ocr_line' id='line_1_38' title="bbox 709 5034 3384 5179; baseline 0 -22"><span class='ocrx_word' id='word_1_325' title='bbox 709 5101 767 5158; x_wconf 88' lang='lat' dir='ltr'>di</span> <span class='ocrx_word' id='word_1_326' title='bbox 804 5034 1030 5173; x_wconf 83' lang='lat' dir='ltr'>Milano,</span> <span class='ocrx_word' id='word_1_327' title='bbox 1062 5101 1113 5158; x_wconf 87' lang='lat' dir='ltr'>el</span> <span class='ocrx_word' id='word_1_328' title='bbox 1144 5101 1273 5177; x_wconf 85' lang='lat' dir='ltr'>qual</span> <span class='ocrx_word' id='word_1_329' title='bbox 1310 5104 1507 5160; x_wconf 82' lang='lat' dir='ltr'>mando</span> <span class='ocrx_word' id='word_1_330' title='bbox 1544 5103 1713 5161; x_wconf 88' lang='lat' dir='ltr'>molto</span> <span class='ocrx_word' id='word_1_331' title='bbox 1745 5104 2104 5163; x_wconf 84' lang='lat' dir='ltr'>celeramente</span> <span class='ocrx_word' id='word_1_332' title='bbox 2141 5103 2334 5161; x_wconf 82' lang='lat' dir='ltr'>Alvixe</span> <span class='ocrx_word' id='word_1_333' title='bbox 2373 5104 2617 5161; x_wconf 85' lang='lat' dir='ltr'>Becheto</span> <span class='ocrx_word' id='word_1_334' title='bbox 2653 5122 2688 5160; x_wconf 91' lang='lat' dir='ltr'>a</span> <span class='ocrx_word' id='word_1_335' title='bbox 2723 5103 2884 5179; x_wconf 87' lang='lat' dir='ltr'>Nepi,</span> <span class='ocrx_word' id='word_1_336' title='bbox 2917 5104 2974 5163; x_wconf 77' lang='lat' dir='ltr'>fo</span> <span class='ocrx_word' id='word_1_337' title='bbox 3010 5102 3306 5178; x_wconf 76' lang='lat' dir='ltr'>pacificato</span> <span class='ocrx_word' id='word_1_338' title='bbox 3333 5102 3384 5158; x_wconf 87' lang='lat' dir='ltr'>le</span> 
     </span>
     <span class='ocr_line' id='line_1_39' title="bbox 710 5191 3382 5265; baseline 0 -18"><span class='ocrx_word' id='word_1_339' title='bbox 710 5207 873 5250; x_wconf 84' lang='lat' dir='ltr'>eosse</span> <span class='ocrx_word' id='word_1_340' title='bbox 900 5192 977 5250; x_wconf 87' lang='lat' dir='ltr'>dil</span> <span class='ocrx_word' id='word_1_341' title='bbox 1004 5191 1247 5251; x_wconf 77' lang='lat' dir='ltr'>cardinal</span> <span class='ocrx_word' id='word_1_342' title='bbox 1274 5192 1512 5250; x_wconf 86' lang='lat' dir='ltr'>Ascanio</span> <span class='ocrx_word' id='word_1_343' title='bbox 1548 5192 1992 5252; x_wconf 81' lang='lat' dir='ltr'>vicecancellario</span> <span class='ocrx_word' id='word_1_344' title='bbox 2027 5212 2132 5251; x_wconf 89' lang='lat' dir='ltr'>con</span> <span class='ocrx_word' id='word_1_345' title='bbox 2166 5193 2218 5250; x_wconf 87' lang='lat' dir='ltr'>el</span> <span class='ocrx_word' id='word_1_346' title='bbox 2255 5194 2480 5252; x_wconf 88' lang='lat' dir='ltr'>Summo</span> <span class='ocrx_word' id='word_1_347' title='bbox 2508 5193 2799 5265; x_wconf 84' lang='lat' dir='ltr'>Pontifice,</span> <span class='ocrx_word' id='word_1_348' title='bbox 2831 5194 2932 5252; x_wconf 84' lang='lat' dir='ltr'>che</span> <span class='ocrx_word' id='word_1_349' title='bbox 2971 5210 3122 5251; x_wconf 84' lang='lat' dir='ltr'>come</span> <span class='ocrx_word' id='word_1_350' title='bbox 3155 5191 3382 5259; x_wconf 83' lang='lat' dir='ltr'>scrissi,</span> 
     </span>
     <span class='ocr_line' id='line_1_40' title="bbox 712 5280 3382 5360; baseline 0 -22"><span class='ocrx_word' id='word_1_351' title='bbox 712 5280 781 5338; x_wconf 85' lang='lat' dir='ltr'>ds.</span> <span class='ocrx_word' id='word_1_352' title='bbox 808 5282 900 5357; x_wconf 88' lang='lat' dir='ltr'>poi</span> <span class='ocrx_word' id='word_1_353' title='bbox 930 5283 1131 5358; x_wconf 88' lang='lat' dir='ltr'>partito</span> <span class='ocrx_word' id='word_1_354' title='bbox 1162 5282 1213 5341; x_wconf 85' lang='lat' dir='ltr'>el</span> <span class='ocrx_word' id='word_1_355' title='bbox 1241 5284 1324 5343; x_wconf 89' lang='lat' dir='ltr'>Re</span> <span class='ocrx_word' id='word_1_356' title='bbox 1352 5282 1421 5340; x_wconf 88' lang='lat' dir='ltr'>de</span> <span class='ocrx_word' id='word_1_357' title='bbox 1450 5282 1655 5341; x_wconf 84' lang='lat' dir='ltr'>Franza</span> <span class='ocrx_word' id='word_1_358' title='bbox 1689 5284 1745 5341; x_wconf 91' lang='lat' dir='ltr'>di</span> <span class='ocrx_word' id='word_1_359' title='bbox 1776 5284 1972 5354; x_wconf 82' lang='lat' dir='ltr'>Roma,</span> <span class='ocrx_word' id='word_1_360' title='bbox 2003 5284 2099 5360; x_wconf 72' lang='lat' dir='ltr'>piu</span> <span class='ocrx_word' id='word_1_361' title='bbox 2137 5300 2246 5343; x_wconf 87' lang='lat' dir='ltr'>non</span> <span class='ocrx_word' id='word_1_362' title='bbox 2283 5302 2379 5343; x_wconf 84' lang='lat' dir='ltr'>era</span> <span class='ocrx_word' id='word_1_363' title='bbox 2403 5283 2589 5342; x_wconf 83' lang='lat' dir='ltr'>voluto</span> <span class='ocrx_word' id='word_1_364' title='bbox 2617 5284 2791 5343; x_wconf 68' lang='lat' dir='ltr'>ander</span> <span class='ocrx_word' id='word_1_365' title='bbox 2822 5301 2858 5343; x_wconf 83' lang='lat' dir='ltr'>a</span> <span class='ocrx_word' id='word_1_366' title='bbox 2881 5282 3058 5342; x_wconf 83' lang='lat' dir='ltr'>Roma</span> <span class='ocrx_word' id='word_1_367' title='bbox 3083 5282 3226 5339; x_wconf 79' lang='lat' dir='ltr'>ditto</span> <span class='ocrx_word' id='word_1_368' title='bbox 3255 5300 3382 5340; x_wconf 80' lang='lat' dir='ltr'>car·</span> 
     </span>
    </p>
   </div>
  </div>
 </body>
</html>
