3625 6059
240 542 388 603 [Aout
413 543 557 603 ¹496]
886 541 1140 600 RERUM
1187 542 1643 601 URBANARUM
1692 544 2216 604 COMMENTARII.
2785 558 2891 611 303

244 694 555 771 canonici
588 702 661 771 et
686 696 1156 773 mansionarii
1188 698 1261 771 in
1294 720 1551 774 eorum
1578 698 1757 772 locis
1769 698 1862 771 ‘in
1887 700 2220 797 opposito
2251 700 2500 777 altaris
2529 704 2830 799 majoris
2867 732 2884 779 ε

241 822 447 897 altare
484 842 635 894 non
682 818 817 894 fui-t
854 822 1309 897 incensatum
1358 824 1432 896 in
1472 822 1828 921 principio
1875 824 2094 899 misse
2141 826 2234 899 ad
2285 828 2765 926 evangelium,
2811 838 2886 903 et

244 954 413 1045 post,
462 971 595 1045 pro
639 948 1105 1046 impositione
1155 948 1435 1023 incensi
1483 948 1914 1024 ministravit
1959 950 2198 1047 legato
2247 952 2650 1027 naviculam
2691 955 2886 1051 epis-

240 1097 443 1172 copus
472 1074 1041 1171 Senogalliensis
1082 1076 1203 1172 qui
1248 1075 1467 1149 etiam
1510 1075 1775 1149 librum
1808 1078 2356 1173 evangeliorum
2397 1079 2590 1152 dicto
2638 1079 2882 1175 legato

242 1198 559 1296 porrexit,
614 1221 703 1273 ac
752 1199 995 1296 ipsum
1037 1205 1203 1297 post
1244 1198 1697 1274 offertorium
1744 1199 2172 1292 incensavit,
2210 1210 2282 1275 et
2325 1202 2590 1277 deinde
2633 1226 2888 1300 pacem

238 1323 540 1397 exhihuit
592 1323 983 1413 diaconus;
1032 1325 1409 1399 incensato
1476 1323 1743 1421 legate,
1817 1324 2212 1401 incensavit
2268 1328 2882 1401 locumtenentem

234 1450 813 1525 confalonerinm.
844 1450 975 1525 Hic
1004 1457 1261 1547 postea
1290 1449 1539 1524 debuit
1558 1448 1946 1526 incensare
1967 1460 2323 1541 oratoreS,
2354 1452 2616 1525 deinde
2649 1452 2884 1527 redire

238 1573 317 1647 ad
348 1575 730 1673 episcopos
773 1576 1425 1675 senogalliensem,
1476 1574 2070 1671 Fulginatensem
2115 1582 2186 1651 et
2222 1577 2878 1669 Assisinatensem3

237 1707 367 1773 tum
396 1700 757 1773 transiens
788 1700 880 1775 ad
910 1701 1104 1775 aliud
1144 1701 1361 1790 latnS,
1408 1699 1805 1774 incensavit
1839 1700 2001 1776 illos
2045 1702 2226 1777 duos
2259 1710 2586 1778 oratores
2615 1703 2886 1778 ibidem

242 1831 511 1917 stanteS,
572 1826 751 1900 inde
820 1827 911 1901 ad
978 1851 1115 1902 nos
1188 1826 1479 1903 rediens
1549 1827 2112 1925 protonotariuS,
2195 1850 2342 1919 me,
2423 1834 2882 1925 potestatem,

240 1950 571 2039 antianos,
615 1950 1013 2027 canonicos
1054 1959 1125 2027 et
1172 1953 1463 2028 tandem
1492 1954 1655 2028 illos
1699 1952 2114 2042 duodecim,
2148 1952 2316 2026 dato
2369 1960 2536 2048 post
2587 1954 2887 2028 modum

240 2076 345 2149 uni
370 2099 455 2150 ex
472 2077 765 2152 clericis
804 2076 1200 2168 thuribulo,
1230 2078 1350 2153 ille
1381 2078 1563 2153 alios
1594 2078 2018 2154 incensavit.
2059 2081 2208 2151 Pax
2227 2077 2492 2151 eodem
2519 2078 2738 2152 modo
2757 2101 2890 2175 per

238 2222 431 2275 unum
460 2224 545 2277 ex
575 2203 957 2277 canonicis
984 2206 1177 2279 dicte
1208 2205 1519 2279 ecclesie
1552 2204 1683 2280 fuit
1712 2202 2218 2279 administrata
2727 2204 2732 2211 ’

320 2328 533 2401 Finita
558 2328 818 2420 missa,
843 2328 1127 2426 legatus
1158 2330 1233 2403 in
1256 2328 1431 2403 sede
1464 2354 1596 2405 sua
1622 2329 1952 2428 predicta
1979 2335 2203 2418 stanS,
2231 2334 2614 2425 apportata
2637 2350 2886 2403 coram

237 2476 301 2525 se
336 2476 537 2529 cruce
577 2476 745 2545 sua,
774 2453 1148 2529 benedixit
1186 2457 1453 2553 populo
1495 2456 1944 2546 solemniter,
1985 2460 2058 2529 et
2096 2453 2458 2527 concessit
2503 2452 2886 2551 indulgen-

239 2577 353 2653 tias
388 2579 701 2653 duorum
742 2602 1100 2654 annorum
1140 2588 1212 2654 et
1247 2582 1551 2657 totidem
1590 2583 2219 2679 quadragenarum
2249 2577 2880 2669 interessentibus,

246 2726 394 2799 quas
435 2706 741 2780 sacrista
782 2706 1199 2803 publicavit.
1232 2708 1389 2782 Alia
1440 2731 1645 2783 more
1694 2708 1908 2782 solito
1953 2705 2336 2781 observata
2384 2714 2554 2780 sunt
2590 2714 2663 2779 et
2705 2704 2883 2778 utin

245 2833 519 2907 ecclesia
548 2832 920 2908 Galliensi.

330 2959 701 3033 Dominica
744 2958 1115 3055 preterita,
1163 2959 1445 3057 legatus
1498 2958 1848 3035 veniendo
1895 2958 1988 3031 ad
2033 2956 2380 3054 palatium
2429 2963 2504 3028 et
2549 2955 2716 3028 illuc
2765 2978 2880 3028 re-

248 3082 508 3158 deundo
533 3086 731 3160 venit
762 3084 1043 3159 medius
1074 3086 1263 3159 inter
1299 3086 1543 3160 locum
1575 3090 1947 3159 tenentem
1983 3105 2026 3155 a
2057 3078 2328 3154 dextris
2359 3084 2434 3151 et
2461 3077 2884 3151 confalone-

246 3208 403 3283 rium
430 3234 469 3283 a
494 3209 808 3283 sinistris
838 3210 1035 3306 quod
1073 3233 1211 3309 ego
1251 3210 1625 3308 providere
1669 3204 2120 3294 desideranS,
2158 3202 2302 3275 dixi
2345 3200 2540 3277 dicto
2568 3202 2877 3276 Johanni

246 3333 321 3409 de
346 3335 765 3425 Bentivolio,
803 3341 1105 3434 tyranno
1137 3335 1601 3427 Bononiensi,
1634 3335 1880 3410 locum
1911 3328 2408 3440 confalonerio
2439 3350 2584 3401 non
2616 3350 2880 3402 conve-

246 3458 555 3552 nientem,
588 3483 863 3559 rogans
895 3468 973 3536 ut
1002 3462 1241 3559 ipsum
1271 3462 1496 3559 quiin
1531 3484 1619 3536 eo
1648 3460 2050 3549 incederet,
2095 3453 2546 3531 commoneri
2577 3453 2872 3528 faceret.

246 3584 602 3681 Respondit
634 3608 719 3661 se
751 3585 841 3660 de
872 3585 1015 3661 hoc
1044 3610 1193 3660 non
1222 3611 1384 3663 6336
1412 3595 1819 3685 expertum,
1853 3608 1990 3659 nec
2024 3582 2244 3655 voluit
2271 3578 2478 3655 aliter
2511 3578 2870 3654 ordinare.

246 3708 475 3805 Rogavi
516 3713 743 3787 etiam
780 3711 1121 3787 eumdem
1162 3712 1765 3801 confalonerium,
1804 3716 2190 3808 postquam
2230 3706 2619 3781 ecclesiam
2653 3704 2877 3780 intra-

244 3830 345 3921 vit,
372 3842 471 3924 ut,
504 3836 748 3911 missis
778 3836 1071 3933 prelatis
1105 3861 1179 3911 se
1212 3838 1286 3911 in
1311 3838 1449 3912 alio
1482 3839 1709 3913 choro
1730 3861 1896 3913 cum
1919 3834 2322 3909 oratoribus
2341 3831 2651 3920 locaret3
2683 3830 2876 3928 quod

246 3956 541 4035 similiter
576 3962 961 4055 recusavit,
1016 3962 1106 4036 de
1146 3986 1289 4060 quo
1334 3965 1465 4037 fuit
1510 3966 1602 4037 ab
1654 3964 1990 4038 omnibus
2040 3983 2196 4034 rem
2249 3954 2874 4033 considerantibus

246 4080 317 4155 de
356 4084 631 4162 levitate
681 4088 1075 4186 plurimum
1124 4098 1439 4164 notatus.
1492 4089 1757 4163 Debuit
1808 4088 2005 4163 enim
2056 4084 2234 4159 ordo
2281 4106 2472 4172 esse,
2517 4081 2592 4154 in
2638 4080 2876 4177 primo

246 4205 735 4303 Bononienses,
772 4212 847 4285 id
876 4218 987 4287 est
1026 4218 1141 4303 13,
1178 4219 1251 4287 et
1276 4213 1443 4288 cu‘m
1473 4214 1628 4287 istis
1655 4220 2008 4302 oratores,
2041 4216 2192 4284 tum
2223 4206 2521 4297 antiani,
2556 4205 2726 4279 inde
2751 4228 2877 4301 po-

244 4334 459 4425 testas,
504 4343 659 4412 tum
714 4338 1253 4414 confalonerius
1300 4339 1376 4412 in
1417 4338 1661 4412 medio
1705 4337 2044 4427 duorum,
2093 4335 2166 4409 id
2219 4341 2332 4407 est
2379 4330 2774 4430 potestatis·
2803 4336 2876 4403 et

246 4458 693 4537 antianornm.
729 4465 1009 4539 Deinde
1038 4464 1321 4562 legatus
1354 4464 1576 4554 solus,
1607 4469 1862 4561 postea
1898 4461 2404 4535 locumtenens
2441 4456 2662 4554 legati
2705 4474 2872 4529 cum

247 4582 549 4683 episcopo
583 4588 1139 4688 Senogalliensi,
1174 4587 1395 4663 etalii
1427 4588 1682 4685 prelati
1712 4588 1888 4662 bini.

326 4710 517 4785 Feria
545 4715 891 4805 secunda,
941 4720 1029 4789 15
1055 4716 1341 4813 angusti
1374 4716 1638 4789 festum
1666 4710 2204 4809 Assumptionis
2235 4710 2442 4783 beate
2477 4704 2704 4779 Marie
2731 4703 2876 4777 vir-

248 4829 430 4924 ginis,
466 4841 714 4915 Rmus.
756 4845 845 4914 D.
880 4840 1161 4939 legatus
1204 4863 1370 4914 cum
1420 4839 1693 4914 familia
1732 4863 1866 4914 sua
1912 4835 2338 4924 associatus,
2385 4832 2460 4905 in
2505 4852 2737 4928 cappa
2781 4828 2872 4903 de

248 4953 677 5037 ciambelotto
726 4965 1135 5041 cremesino
1168 4965 1507 5063 equitavit
1548 4966 1637 5040 ad
1668 4965 2058 5040 ecclesiam
2098 4958 2618 5037 cathedralem.
2653 4958 2732 5031 In
2772 4953 2878 5027 in-

248 5079 431 5157 troitu
468 5087 802 5181 ecclesie,
838 5116 1025 5167 unus
1072 5115 1162 5165 ex
1206 5091 1597 5190 capellanis
1637 5090 1782 5164 suis
1830 5090 2150 5188 porrexit
2198 5087 2334 5162 sibi
2383 5078 2874 5185 aspersorium

247 5222 407 5297 ”que
457 5211 858 5309 benedicte,
907 5242 1055 5315 qua
1108 5240 1187 5293 se
1235 5224 1309 5293 et
1365 5218 1543 5293 alios
1592 5217 2010 5315 aspersavit,
2066 5213 2327 5291 deinde
2377 5210 2546 5286 fecit
2593 5213 2671 5279 ut
2713 5199 2874 5277 heri
