3625 6059
704 564 777 621 98
1626 555 1978 617 JOHANNIS
2028 559 2472 632 BURCHARDI,
3050 561 3214 624 [Mars
3242 565 3376 628 ¹49⁴]

807 717 1186 792 Dominica
1213 715 1460 812 quinta
1491 714 2071 812 quadragesime,
2101 716 2191 790 de
2218 717 2556 814 passione
2590 722 3033 814 nuncupata,
3075 723 3164 791 16
3203 736 3378 792 mar·

710 845 816 935 tii,
844 848 926 917 R.
956 843 1027 916 iu
1052 841 1337 917 Christo
1359 844 1438 914 P.
1469 843 1555 914 D.
1584 841 2038 934 FranciscuS,
2061 843 2445 939 episcopus
2463 841 2969 932 vulterranus,
2999 842 3374 918 celebravit

706 969 1007 1042 missam
1051 967 1415 1064 publicam
1468 967 1542 1040 in
1586 968 1870 1064 capella
1899 968 2249 1065 predicta,
2284 972 2477 1066 Papa
2510 977 2852 1066 presente
2907 994 2924 1043 :
2971 992 3374 1044 sermonem

707 1095 881 1170 fecit
942 1093 1236 1192 quidam
1291 1093 1537 1168 locum
1594 1099 1854 1166 tenens
1911 1094 2404 1190 procuratoris
2441 1093 2714 1168 ordinis
2759 1116 3134 1168 servorum
3177 1093 3374 1168 beate

704 1221 956 1294 Marie.
1007 1217 1190 1292 Dedi
1234 1218 1479 1293 locum
1519 1221 1605 1290 D.
1656 1223 2014 1315 Prospero
2061 1219 2150 1292 de
2197 1219 2550 1293 Columna
2601 1218 2803 1293 fratri
2859 1218 3250 1292 cardinalis
3299 1219 3378 1293 de

707 1345 1081 1435 Columna,
1128 1344 1597 1442 gubernatori
1636 1345 1967 1440 gentium
1999 1367 2366 1418 armorum
2399 1353 2648 1418 sancte
2689 1368 2993 1418 romane
3035 1342 3376 1433 Ecclesie,

705 1468 794 1543 de
838 1469 1183 1543 mandato
1230 1471 1357 1542 SS.
1411 1473 1495 1541 D.
1546 1473 1629 1543 N.
1680 1492 1894 1566 pape,
1935 1469 2144 1565 juxta
2185 1473 2272 1542 D.
2325 1468 2606 1542 Pisauri
2655 1471 2848 1566 apud
2891 1494 3195 1544 murum
3239 1471 3380 1544 solii

707 1598 924 1692 Pape,
987 1593 1278 1668 bassum
1330 1599 1607 1682 tamen3
1654 1592 1828 1666 licet
1875 1598 2068 1690 Pape
2118 1593 2442 1667 dicerem
2494 1592 3020 1690 gubernatores
3069 1597 3380 1693 gentium

704 1744 1073 1796 armorum
1103 1721 1177 1793 in
1204 1719 1481 1816 capella
1506 1719 1899 1816 specialem
1923 1719 2164 1792 locum
2194 1743 2342 1792 non
2373 1718 2666 1810 habere,
2710 1719 2934 1794 voluit
2961 1725 3048 1794 D.
3097 1725 3188 1795 N.
3218 1745 3387 1818 papa

705 1845 901 1943 quod
930 1847 1031 1920 sic
1062 1845 1274 1919 fieret
1309 1870 1324 1919 z
1362 1845 1555 1919 venit
1584 1843 2051 1942 postmodum
2091 1848 2384 1918 senator
2415 1843 2624 1918 Urbis
2656 1845 2778 1939 qui
2813 1869 2892 1918 se
2932 1845 3208 1920 locavit
3237 1855 3382 1943 post

708 1971 981 2046 dictum
1011 1975 1099 2044 D.
1141 1974 1579 2068 Prosperum
1610 1969 1727 2043 cui
1769 1970 2046 2044 dictum
2085 1969 2218 2044 fuit
2268 1967 2463 2065 quod
2502 1968 2694 2044 dicto
2735 1971 3056 2044 senatori
3103 1970 3385 2046 cederet

712 2105 785 2171 et
821 2096 1069 2170 locum
1118 2094 1351 2185 daret,
1406 2102 1623 2192 prout
1674 2101 1745 2169 et
1800 2095 1974 2169 fecit
2018 2122 2033 2168 ε
2087 2095 2224 2170 alia
2271 2094 2514 2168 omnia
2564 2099 2732 2168 sunt
2775 2094 3166 2170 observata
3197 2119 3383 2170 more

712 2220 956 2295 solito.

813 2346 1193 2420 Dominica
1220 2346 1655 2444 palmarum,
1704 2349 1793 2418 23
1841 2342 2011 2417 dicti
2041 2344 2315 2417 mensis
2351 2345 2618 2435 martii,
2666 2347 2794 2420 SS.
2842 2349 2930 2420 D.
2978 2350 3064 2420 N.
3114 2353 3386 2444 paratus

712 2495 917 2546 more
972 2472 1184 2546 solito
1222 2471 1417 2546 venit
1458 2470 1552 2544 ad
1600 2469 1980 2567 capellam,
2035 2467 2402 2542 benedixit
2449 2470 2726 2566 palmas
2767 2477 2840 2544 et
2887 2495 3134 2546 ramos
3181 2473 3382 2546 oliva-

716 2619 875 2669 rum
912 2622 927 2670 :
968 2597 1231 2671 deinde
1275 2595 1591 2692 receptis
1638 2595 1864 2670 tribus
1917 2594 2067 2667 suis
2109 2617 2152 2668 a
2198 2594 2562 2668 cardinale
2602 2596 3106 2693 Neapolitano,
3141 2599 3388 2682 ,distri-

714 2721 871 2795 buit
911 2745 1117 2796 more
1160 2721 1398 2796 solito.
1449 2720 1661 2794 Dedit
1698 2720 1938 2793 eidem
1978 2719 2452 2817 Neapolitano
2487 2743 2705 2793 unam
2746 2720 3091 2818 palmam,
3145 2724 3391 2799 ceteris

717 2847 1059 2921 omnibus
1122 2848 1479 2944 majorem
1528 2845 1620 2919 ad
1664 2845 1805 2919 hoc
1859 2852 2183 2942 paratam
2238 2871 2253 2917 ε
2308 2845 2588 2940 palmas
2633 2846 2813 2918 duas
2863 2870 3172 2944 magnas
3227 2870 3392 2946 pape

716 2979 1108 3047 tenuerunt
1146 2977 1232 3046 D.
1281 2971 1685 3045 Ludovicus
1727 2969 1818 3044 de
1848 2969 2242 3066 Aragonia,
2278 2970 2608 3043 marchio
2656 2971 2922 3063 Giraci,
2955 2997 2998 3046 a
3027 2973 3300 3048 dextris
3331 2981 3390 3046 et

718 3102 805 3171 D.
844 3099 1119 3173 Pisauri
1151 3122 1195 3172 a
1226 3097 1559 3170 sinistris.

815 3229 970 3300 Hoc
1021 3247 1262 3308 mane,
1310 3231 1699 3320 antequam
1749 3227 1944 3320 Papa
1995 3224 2226 3298 exiret
2279 3247 2646 3297 cameram
2696 3225 3148 3324 paramenti,
3215 3248 3398 3300 com-

722 3351 919 3423 misit
966 3349 1146 3421 mihi
1192 3348 1387 3444 quod
1422 3347 1667 3422 locum
1706 3349 1960 3420 darem
1999 3349 2406 3422 marchioni
2443 3348 2770 3446 predicto
2809 3349 2882 3422 in
2913 3350 3132 3447 plano
3173 3351 3329 3424 solii
3364 3329 3414 3422 a·

722 3475 1021 3564 dextriS,
1066 3481 1139 3548 et
1182 3476 1268 3546 D.
1308 3473 1582 3546 Pisauri
1622 3473 1942 3571 facerem
1969 3481 2160 3546 stare
2191 3499 2236 3547 a
2266 3473 2600 3564 sinistriS,
2651 3482 2723 3549 et
2765 3474 2962 3571 quod
2997 3483 3166 3572 post
3211 3501 3390 3550 mar·

725 3600 1067 3674 chionem
1118 3598 1480 3697 prefatum
1520 3598 2024 3674 locum-etiam
2066 3600 2314 3674 darem
2359 3600 2605 3674 comiti
2653 3602 2983 3677 Potentie
3026 3603 3098 3674 in
3147 3625 3398 3678 conve—

726 3726 951 3799 nienti
984 3724 1237 3822 gradu,
1273 3725 1611 3821 quodque
1644 3725 1733 3798 ad
1768 3726 2042 3823 primos
2077 3725 2260 3799 duos
2290 3725 2459 3816 feci,
2497 3747 2581 3799 ac
2618 3726 2964 3800 comitem
2996 3726 3194 3801 inter
3221 3751 3400 3801 mar-

728 3851 1069 3926 chionem
1119 3855 1193 3925 et
1236 3854 1647 3923 senatorem
1686 3849 1950 3940 locavi;
1997 3849 2190 3946 quod
2236 3848 2486 3924 videns
2517 3853 2714 3947 Papa
2753 3873 2872 3923 me
2914 3852 3394 3949 reprehendit,

728 3975 977 4050 dicens
1026 3980 1441 4049 senatorem
1489 3973 1755 4047 comite
1800 3974 2085 4071 prefato
2129 3975 2487 4071 majorem
2534 3997 2729 4065 esse,
2773 3985 3163 4073 propterea
3206 4001 3402 4052 sena-

729 4109 963 4176 torem
1020 4100 1260 4198 ipsum
1318 4121 1541 4195 supra
1605 4099 1953 4173 comitem
2019 4107 2208 4173 stare
2269 4099 2570 4174 debere.
2650 4102 3015 4198 Respondi
3074 4101 3395 4177 forenses

727 4224 1193 4300 honorandos
1243 4248 1405 4297 esse
1462 4248 1477 4298 ε
1535 4227 1753 4321 Papa,
1808 4231 1886 4298 ut
1933 4224 2067 4298 sibi
2109 4225 2246 4322 ipsi
2274 4224 2751 4316 satisfaceret,
2802 4225 3162 4300 mandavit
3215 4224 3396 4324 quod

730 4357 1147 4425 senatorem
1194 4374 1238 4424 a
1288 4349 1597 4422 sinistris
1652 4348 1798 4421 suis
1849 4347 1940 4420 ad
1990 4349 2294 4447 gradum
2351 4347 2516 4421 solii
2565 4356 2730 4422 ante
2777 4373 2904 4424 seu
2943 4351 3152 4447 Juxta
3193 4349 3399 4424 assis-

730 4481 967 4552 tentes
996 4476 1351 4568 locarem3
1389 4477 1584 4573 quod
1614 4482 1687 4548 et
1715 4474 1884 4562 feci,
1916 4471 2090 4546 licet
2119 4473 2334 4547 suerit
2365 4472 2541 4546 satis
2573 4472 3120 4550 inconveniens.

832 4607 1053 4678 Facta
1096 4601 1631 4689 distributione,
1682 4620 1930 4673 comes
1983 4599 2355 4688 Potentie,
2403 4603 2652 4672 orator
2690 4601 2882 4698 regis
2926 4599 3392 4698 Neapolitani,

733 4728 929 4802 dedit
962 4750 1224 4825 aquam
1254 4726 1588 4800 manibus
1622 4729 1842 4821 Pape.
1879 4723 2174 4796 Missam
2205 4724 2573 4820 publicam
2605 4723 2992 4798 celebravit
3032 4729 3278 4798 Rmus.
3315 4726 3394 4795 D.

734 4850 1117 4923 cardinalis
1145 4850 1233 4924 de
1282 4851 1584 4942 UrsiniS,
1635 4851 1783 4946 qui,
1833 4854 2131 4947 recepta
2162 4848 2432 4946 palma,
2463 4871 2613 4923 non
2658 4856 2770 4924 est
2800 4850 2893 4923 ad
2921 4851 3162 4924 locum
3195 4869 3394 4921 suum

734 4976 924 5048 inter
957 4974 1138 5047 alios
1170 4974 1569 5049 cardinales
1608 4997 1965 5065 reversuS,
2001 4974 2134 5047 sed
2164 4973 2286 5047 ivit
2318 4970 2413 5046 ad
2442 4973 2952 5065 faldistorium,
2999 4973 3142 5064 ubi,
3177 4972 3396 5069 depo-

736 5099 872 5172 sita
914 5098 1233 5197 planeta,
1284 5105 1583 5195 accepta
1647 5123 1903 5196 cappa,
1967 5097 2241 5196 recepit
2305 5097 2627 5171 sandalia
2693 5105 2761 5171 et
2807 5099 2949 5173 alia
2985 5102 3396 5197 paramenta

733 5247 933 5298 more
966 5229 1345 5298 consueto.
1380 5223 1757 5296 Intellecto
1787 5225 2086 5320 insuper
2114 5245 2248 5319 per
2284 5226 2573 5295 Rmum.
2624 5225 2707 5295 D.
2750 5221 3186 5296 cardinalem
3223 5223 3394 5294 Nea-
