3625 6059
279 546 442 606 [Aout
472 547 618 605 2492]
957 544 1214 627 RERUM
1243 544 1716 625 ,URBANARUM
1763 545 2287 605 COMMENTARII.
2920 548 2956 605 3

281 698 605 794 exceptis
648 698 966 793 quinque
1012 697 1356 773 duntaxat
1396 700 1880 774 cardinalibus
1920 700 2041 797 qui
2087 701 2267 775 nihil
2308 700 2735 774 voluerunt:
2773 705 2845 773 et
2878 698 2955 772 hi

285 830 450 897 sunt
521 821 929 897 cardinales
1002 823 1550 919 NeapolitanuS,
1621 826 2000 918 Senensis,
2060 825 2653 924 Portugallensis,
2727 825 2953 899 sancti

287 949 474 1021 Petri
525 947 620 1021 ad
662 948 996 1039 Vincula,
1051 954 1300 1022 sancte
1355 950 1580 1025 Marie
1628 951 1704 1025 in
1753 952 2069 1026 Porticu.
2124 953 2210 1023 lli
2266 950 2399 1027 soli
2450 950 2632 1023 nihil
2681 950 3003 1025 habere·

283 1074 668 1148 voluerunt
712 1073 1194 1167 dixeruntque
1239 1072 1311 1144 in
1352 1073 1777 1170 pontificatu
1826 1098 2039 1149 voces
2080 1074 2353 1148 dandas
2393 1097 2553 1148 esse
2610 1074 2829 1171 gratis
2884 1080 2957 1147 et

281 1222 426 1271 non
475 1198 926 1271 muneribus.
975 1200 1233 1270 Fertur
1273 1199 1516 1289 etiam,
1561 1206 1955 1295 antequam
1992 1200 2348 1273 intrarent
2393 1199 2733 1274 conclave
2785 1221 2955 1295 pre-

283 1322 579 1411 dictum,
632 1320 1312 1396 vicecancellarium
1369 1347 1502 1420 pro
1560 1323 1897 1398 habendo
1954 1331 2123 1399 voto
2176 1325 2465 1401 Ascanii
2522 1322 2827 1421 predicti
2884 1330 2957 1397 et

288 1448 750 1544 sequentium
799 1447 1083 1521 misisse
1133 1454 1445 1545 quatuor
1483 1450 1720 1523 mulos
1771 1457 2115 1527 oneratos
2166 1457 2468 1549 argento
2520 1447 2611 1521 ad
2659 1448 2956 1522 domum

285 1573 454 1647 dicti
489 1572 811 1662 Ascanii,
849 1579 926 1646 ut
952 1572 1047 1646 ibi
1077 1574 1150 1645 in
1183 1576 1340 1671 ejus
1380 1574 1598 1649 domo
1635 1577 2199 1665 custodirentur,
2236 1576 2409 1648 dum
2450 1580 2644 1647 esset
2673 1572 2749 1645 in
2778 1595 2957 1646 con-

281 1697 510 1787 clave,
548 1706 620 1771 et
651 1697 849 1793 quod
887 1698 1214 1771 securius
1251 1698 1348 1772 ibi
1381 1707 1674 1795 possent
1705 1724 2135 1799 permanere
2168 1724 2385 1797 quam
2414 1699 2489 1771 in
2522 1698 2677 1795 ejus
2705 1697 2949 1773 domo.

283 1823 488 1908 Quod
540 1830 927 1919 argentum
983 1822 1210 1895 fertur
1253 1823 1474 1897 fuisse
1538 1824 1786 1899 datum
1842 1825 2033 1899 dicto
2081 1824 2390 1899 Ascanio
2440 1846 2572 1922 pro
2619 1820 2956 1897 habendo

281 1950 444 2045 ejus
467 1954 670 2035 vote,
706 1946 1119 2043 civibusque
1143 1949 1485 2045 Romanis
1512 1951 1738 2026 multa
1766 1952 2122 2047 promisit.

379 2075 556 2145 Post
585 2094 789 2145 suam
825 2072 1372 2147 coronationem
1416 2073 1671 2148 habuit
1708 2074 2041 2149 notitiam
2073 2076 2381 2172 qualiter
2409 2100 2452 2151 a
2482 2075 2597 2152 die
2636 2082 2957 2151 extreme

283 2196 728 2269 infirmitatis
760 2197 1163 2271 Innocentii
1209 2220 1434 2293 usque
1483 2198 1573 2271 ad
1617 2200 1774 2296 ejus
1815 2201 2795 2299 coronationemplusquam
2826 2202 2960 2276 du-

281 2322 475 2395 centi
543 2328 615 2395 et
678 2321 930 2418 viginti
988 2323 1326 2397 homines
1382 2322 1684 2397 diversis
1741 2324 1922 2399 locis
1970 2332 2041 2398 et
2098 2326 2545 2422 temporibus
2605 2326 2959 2402 interfecti

284 2449 606 2522 suerunt.
647 2446 912 2521 Habuit
957 2448 1176 2521 etiam
1220 2448 1550 2521 notitiam
1591 2449 1680 2523 de
1719 2450 2331 2543 interfectoribuS,
2368 2452 2457 2528 de
2502 2452 2739 2527 causis
2770 2458 2842 2527 et
2870 2452 2961 2526 de

287 2571 812 2669 prodimentis3
849 2577 920 2643 et
953 2570 1043 2644 de
1076 2571 1412 2645 omnibus
1453 2572 1566 2645 his
1606 2595 1747 2668 que
1787 2571 1907 2645 hic
1948 2578 2176 2649 Rome
2221 2582 2425 2673 gesta
2468 2582 2631 2649 sunt
2671 2574 2961 2673 plenam

289 2696 629 2771 notitiam
660 2694 940 2769 habuit.

380 2822 668 2895 Eodem
713 2843 970 2894 mense
1014 2820 1328 2916 augusti,
1377 2819 1492 2894 die
1536 2844 1708 2895 vero
1749 2827 1865 2912 17,
1906 2823 2082 2895 obiit
2131 2826 2219 2896 D.
2256 2824 2537 2900 Florius
2584 2832 2959 2915 Roacotta,

293 2948 506 3022 miles
543 2947 775 3020 sancti
800 2945 1178 3037 Johannis,
1216 2944 1480 3020 relictis
1511 2946 1756 3019 multis
1781 2948 2097 3021 millibus
2137 2948 2581 3024 florenorum
2609 2950 2790 3025 auri.

375 3075 514 3149 Die
564 3071 926 3169 sequenti,
961 3071 1139 3146 obiit
1181 3075 1268 3145 D.
1316 3072 1530 3146 Falco
1581 3071 1670 3145 de
1717 3073 2129 3165 Sinibaldis,
2174 3073 2426 3148 dolore
2472 3075 2703 3173 magis
2745 3098 2961 3170 quam

273 3202 410 3275 alia
443 3198 904 3286 infirmitate,
939 3219 1026 3271 eo
1069 3196 1266 3293 quod
1307 3194 1644 3293 sperabat
1679 3198 2199 3273 cardinalatum
2238 3200 2359 3275 diu
2390 3222 2521 3298 per
2558 3221 2727 3272 eum
2758 3204 2967 3295 opta-

281 3333 458 3417 tum,
517 3324 584 3397 si
634 3348 844 3396 casus
891 3324 1348 3419 contingeret
1400 3321 1473 3395 in
1523 3322 1840 3419 aliquem
1887 3348 1975 3397 ex
2025 3325 2171 3399 suis
2222 3323 2500 3399 amicis.
2548 3323 2755 3409 Quod
2801 3347 2968 3396 cum

279 3449 589 3523 vidisset
644 3445 1322 3521 vicecancellarium
1370 3468 1533 3520 esse
1585 3470 1874 3544 papam,
1923 3454 2124 3522 tanto
2170 3448 2305 3522 fuit
2363 3448 2609 3521 dolore
2668 3447 2970 3521 affectus

277 3581 353 3646 ut
399 3572 639 3647 vitam
694 3594 862 3644 cum
920 3574 1151 3642 morte
1197 3571 1712 3667 permutaverit
1747 3595 1969 3668 parva
2017 3573 2327 3668 quadam
2379 3572 2757 3663 febricula,
2804 3596 2969 3647 cum

279 3720 420 3793 qua
447 3694 701 3770 omnis
729 3716 895 3790 spes
927 3694 1035 3767 sui
1068 3694 1552 3767 cardinalatus
1583 3696 1909 3770 recessit.

375 3824 516 3895 Die
563 3826 662 3893 27
709 3818 994 3917 augusti
1034 3819 1389 3918 ejusdem,
1437 3829 1824 3895 coronatus
1864 3821 1991 3895 fuit
2020 3821 2115 3921 (1)
2158 3822 2569 3899 Alexander
2603 3822 2678 3895 in
2721 3828 2971 3895 sancto

351 4029 404 4085 1.
451 4027 570 4084 Sur
605 4022 660 4079 le
687 4028 1118 4080 couronnement
1137 4023 1504 4080 d'Alexandre
1532 4024 1604 4081 Vl
1625 4042 1750 4099 voy.
1783 4028 1817 4081 a
1835 4023 2175 4100 l’appendice
2204 4010 2335 4083 n0‘6
2362 4024 2419 4083 la
2436 4026 2677 4101 depeche
2706 4025 2775 4082 de
2793 4023 2975 4083 Valori

282 4118 372 4186 (27
397 4116 562 4189 aeut)
583 4120 646 4171 et
662 4112 718 4169 la
737 4112 966 4170 relation
991 4117 1104 4170 tres
1125 4112 1545 4171 circonstanciee
1566 4113 1634 4169 de
1656 4114 1993 4171 Bernardino
2016 4115 2175 4172 Corio
2204 4118 2349 4189 (app.
2365 4117 2517 4185 n07).
2542 4115 2617 4171 Le
2636 4111 2857 4188 general
2878 4111 2976 4167 des

283 4203 678 4273 CamalduleS,
703 4200 888 4259 Pietro
920 4200 1136 4273 Delfini,
1169 4201 1313 4259 alors
1343 4206 1376 4259 a
1405 4202 1598 4273 Rome,
1627 4210 1849 4261 raconte
1885 4208 2026 4260 cette
2064 4202 2368 4260 ceremonia
2397 4204 2536 4261 dans
2574 4201 2628 4259 la
2665 4203 2821 4259 lettre
2860 4197 2975 4257 sui-

283 4301 446 4352 mnte
482 4338 498 4352 ²
854 4406 882 4435 «
921 4382 1269 4439 Bernardino
1298 4384 1483 4439 Priori
1508 4382 1805 4440 claustrali
1837 4381 2029 4457 (Epist.
2054 4381 2149 4441 lib.
2182 4382 2278 4453 111,
2309 4400 2397 4456 ep.
2428 4342 2563 4452 38).

353 4546 382 4571 «ι
417 4520 480 4578 Si
513 4517 632 4599 tibi
659 4517 908 4575 seriatim
937 4518 1138 4573 referre
1168 4535 1231 4575 ac
1260 4514 1598 4591 perscribere
1624 4516 1847 4572 voluero
1883 4532 1993 4589 qua
2012 4514 2127 4573 heri
2174 4514 2509 4582 celebritate,
2544 4510 2974 4576 honorificentia,

285 4626 490 4682 pompa
541 4611 820 4667 Summus
858 4606 1024 4665 fuerit
1051 4606 1299 4679 pontifex
1338 4612 1646 4674 coronatus,
1679 4623 1790 4663 non
1830 4604 2067 4664 sufficiet
2093 4604 2233 4664 dies,
2267 4602 2561 4661 Pulchrum
2603 4618 2734 4657 sane
2764 4605 2974 4674 specta-

286 4698 472 4756 culum
503 4706 566 4757 et
598 4697 730 4755 visu
769 4696 1090 4755 delectabile
1131 4714 1309 4769 neque
1339 4696 1558 4770 penitus
1585 4696 2003 4767 infructuosum,
2036 4695 2085 4752 si
2121 4696 2193 4751 ad
2222 4692 2467 4767 spiritum
2509 4708 2630 4764 quoe
2661 4688 2979 4763 temporalia

289 4797 440 4859 sunt,
473 4788 723 4845 referas.
767 4785 966 4843 Varius
1003 4785 1146 4841 enim
1183 4784 1566 4842 distinctarum
1605 4801 1962 4859 personarum
1993 4788 2048 4841 et
2074 4782 2404 4857 dignitatum
2434 4786 2681 4848 ornatuS,
2712 4780 2866 4849 ord0,
2891 4778 2977 4835 in-

290 4897 486 4935 cessus
521 4892 904 4951 supernorum
934 4873 1130 4931 civium
1151 4881 1315 4948 atque
1339 4874 1622 4932 beatorum
1641 4875 1839 4931 multas
1864 4884 1919 4933 et
1938 4875 2181 4931 diversas
2202 4870 2469 4929 referebat
2488 4868 2621 4927 mihi
2646 4868 2977 4938 mansioneS,

289 4974 342 5024 et
371 4966 656 5025 Ecclesioe
695 4964 858 5021 istius
905 4962 1187 5020 militantis
1222 4964 1404 5035 decor,
1436 4964 1504 5020 ad
1545 4963 2025 5039 consyderandum
2063 4960 2447 5037 triumphantis
2484 4957 2741 5015 Ecclesioe
2780 4963 2981 5015 statum

292 5075 353 5114 ac
395 5056 795 5133 splendorem,
836 5052 1074 5109 animum
1114 5052 1316 5127 saepius
1361 5052 1640 5111 evocabat.
1687 5053 1875 5109 Effusa
1911 5058 2027 5109 erat
2062 5068 2157 5127 per
2195 5058 2361 5109 totam
2401 5047 2588 5105 urbem
2618 5046 2779 5103 turba
2814 5046 2985 5101 multa

295 5145 547 5203 virorum
578 5162 655 5201 ac
696 5140 984 5197 mulierum
1022 5140 1079 5196 in
1119 5141 1310 5199 itinere
1347 5148 1512 5217 atque
1549 5160 1579 5199 e
1611 5141 1864 5199 fenestris
1896 5141 2278 5216 spectantium,
2309 5141 2483 5197 donec
2512 5153 2546 5193 a
2574 5136 2633 5192 S.
2668 5136 2831 5192 Petro
2858 5137 2986 5208 post

295 5235 650 5295 celebratam
702 5231 771 5287 ab
803 5230 924 5303 ipso
952 5229 1218 5289 Pontifice
1249 5230 1470 5287 missam
1517 5230 1752 5305 Spiritus
1787 5231 1996 5301 Sancti,
2027 5232 2097 5288 ad
2126 5231 2450 5287 Lateranum
2486 5225 2851 5301 pervenimus.
2882 5219 2987 5278 via
