3625 6059
723 545 833 629 238
1632 544 1986 601 JOHANNIS
2034 542 2482 613 BURCHARDI,
2986 546 3212 609 [sanvier
3237 551 3349 611 1135]

825 697 1037 773 Feria
1065 703 1292 787 sexta,
1332 701 1425 771 30
1449 696 1791 793 januarii,
1829 696 2249 771 nunciatum
2279 704 2390 771 est
2416 696 2747 771 Pontifici
2771 697 3202 771 cardinalem
3225 700 3344 773 Va-

726 823 1084 899 lentinum
1136 846 1227 897 ex
1272 821 1556 896 civitate
1603 820 1900 897 Velletri
1949 820 2024 893 in
2068 822 2318 896 habitu
2365 822 2736 897 familiaris
2787 823 3049 897 stabuli
3097 823 3271 921 regis
3321 850 3354 898 a

728 971 904 1045 rege
946 946 1247 1021 Francie
1288 945 1681 1043 aufugisse,
1716 950 1929 1043 prout
1965 947 2186 1020 etiam
2226 946 2317 1020 ab
2363 970 2453 1021 eo
2491 955 2893 1022 recesserat
2939 953 3013 1022 et
3060 946 3350 1021 dormivit

726 1073 867 1147 hac
895 1078 1107 1146 nocte
1156 1070 1231 1145 in
1262 1069 1479 1145 domo
1521 1075 1603 1143 R.
1644 1074 1728 1143 D.
1776 1050 2068 1144 Antonii
2111 1072 2384 1162 FloreS‚
2426 1072 2778 1149 auditoris
2818 1078 3014 1163 rote,
3055 1070 3146 1145 ad
3171 1096 3352 1167 quam

725 1197 960 1296 primo
992 1197 1323 1295 ingressu
1352 1196 1567 1272 venit.
1600 1200 1681 1269 ln
1706 1218 2000 1271 recessu
2029 1196 2360 1294 eJusdem
2381 1196 2766 1273 cardinalis
2789 1210 2957 1271 cum
2982 1219 3150 1293 rege
3171 1198 3355 1269 Fran-

726 1324 838 1399 cie
871 1320 995 1415 (1),
1046 1346 1137 1396 ex
1163 1321 1354 1396 Urbe
1379 1327 1670 1420 portare
1700 1344 1952 1395 secum
1983 1320 2156 1396 fecit
2187 1323 2445 1398 decem
2477 1330 2550 1398 et
2578 1336 2839 1397 novem
2865 1320 3134 1395 salmas
3163 1320 3352 1393 bono-

727 1470 887 1521 rum
932 1469 1231 1521 suorum
1276 1455 1709 1545 apparenter
1751 1470 1921 1520 cum
1947 1448 2307 1545 coopertis
2339 1448 2488 1522 suis
2519 1449 2911 1523 salmarum
2957 1444 3350 1534 honorifice,

728 1570 922 1667 inter
953 1595 1131 1669 quas
1183 1572 1327 1645 duo
1376 1580 1581 1647 erant
1640 1572 2014 1649 credentia
2059 1573 2275 1648 rebus
2317 1573 2463 1647 suis
2499 1580 2571 1649 et
2609 1573 2818 1648 bonis
2858 1576 3200 1658 onerate3
3244 1590 3356 1666 que

728 1696 963 1795 prima
990 1698 1136 1789 die,
1184 1721 1360 1795 rege
1401 1706 1472 1773 et
1504 1698 1866 1773 cardinale
1899 1698 1990 1773 ad
2017 1698 2373 1772 Marinum
2417 1699 2938 1795 equitantibuS,
2977 1701 3362 1769 manserunt

730 1830 929 1898 retro
982 1830 1057 1898 et
1100 1823 1195 1897 ad
1241 1824 1509 1899 Urbem
1564 1824 1634 1898 in
1682 1847 1848 1901 sero
1902 1824 2294 1915 redierunt,
2355 1824 2819 1900 servitoribus
2875 1822 3256 1897 cardinalis
3300 1822 3356 1894 in

732 1948 934 2022 curia
964 1948 1455 2023 asserentibus
1487 1949 1751 2025 salmas
1783 1949 1976 2047 ipsas
2011 1974 2055 2023 a
2083 1949 2517 2047 quibusdam
2549 1972 2712 2025 esse
2743 1952 2993 2047 captas
3027 1954 3103 2023 et
3131 1946 3357 2045 depre-

734 2072 965 2148 (16163.
1018 2073 1176 2147 Alie
1242 2073 1498 2149 decem
1559 2081 1633 2148 et
1684 2082 1965 2172 septem
2016 2073 2244 2149 salme
2291 2081 2642 2151 venerunt
2690 2074 2781 2148 ad
2833 2072 3112 2148 curiam
3169 2070 3356 2167 16313,

734 2222 873 2297 que
942 2204 1180 2298 capte,
1248 2207 1413 2297 post
1472 2221 1844 2273 recessum
1903 2200 2311 2290 cardinalis,
2371 2225 2414 2274 a
2477 2224 2650 2297 rege
2691 2199 2991 2274 fuerunt
3039 2206 3274 2298 aperte
3307 2204 3364 2273 et

740 2323 918 2398 nihil
955 2324 1030 2398 in
1060 2325 1165 2400 eis
1198 2331 1596 2422 repertum,
1642 2333 1856 2422 prout
1896 2325 2190 2422 quidam
2228 2325 2408 2399 mihi
2447 2324 2878 2417 retulerunt,
2927 2348 3113 2421 quos
3159 2332 3363 2397 tamen

740 2450 959 2526 credo
988 2452 1333 2526 mentitos
1366 2474 1555 2525 esse.

836 2575 1111 2650 Eadem
1156 2583 1399 2668 nocte,
1454 2574 1840 2651 cardinalis
1890 2577 2212 2668 UrsinuS,
2270 2557 2568 2651 Gentilis
2607 2576 2914 2673 Virginii
2976 2574 3070 2649 de
3129 2570 3365 2648 Ursinis

742 2699 935 2791 filins
964 2701 1313 2775 naturalis
1355 2701 1502 2775 sive
1539 2701 1918 2776 bastardus
1951 2702 2242 2778 intravit
2267 2703 2334 2776 vi
2366 2708 2437 2777 61
2462 2702 2952 2776 fraudulenter
2989 2701 3066 2774 in
3106 2700 3364 2774 domum

742 2824 1238 2901 Bartholomei
1296 2827 1535 2901 Jubha
1578 2822 1679 2915 (2)
1736 2828 2146 2921 Januensis,
2202 2828 2719 2926 consanguinei
2771 2826 3004 2901 felicis
3065 2824 3366 2900 recorda-

796 3067 866 3129 (1)
1332 3062 1403 3116 Le
1430 3065 1739 3117 lendemain
1765 3082 1799 3116 a
1825 3063 2064 3131 Mar-igne
2093 3064 2249 3118 (113116
2271 3067 2340 3131 (le
2368 3068 2472 3127 roi)

1327 3146 1395 3197 Et.
1418 3148 1529 3197 s’en
1556 3147 1661 3197 alla
1688 3148 1920 3199 coucher
1943 3148 2146 3199 dedans
2171 3141 2388 3199 Belistre
2417 3148 2674 3213 (Velletri)

1324 3226 1448 3293 Ung
1471 3226 1644 3278 moult
1672 3228 1811 3279 beau
1838 3228 1948 3278 lieu
1975 3226 2069 3293 qui
2098 3242 2131 3278 a
2157 3242 2288 3280 nom
2317 3229 2384 3279 de
2403 3228 2478 3280 tel
2505 3229 2646 3281 tiltre

1324 3306 1405 3357 En
1430 3307 1530 3359 tels
1558 3308 1838 3375 enseignes
1865 3322 1971 3373 que
1999 3312 2147 3361 toute
2176 3310 2227 3359 la
2249 3310 2482 3374 journee

1325 3390 1395 3439 La
1424 3390 1586 3455 pluye
1610 3401 1679 3437 au
1707 3387 1807 3438 dos
1837 3400 1976 3439 nous
2003 3388 2084 3438 fut
2101 3387 2510 3439 habandonnee.

1323 3464 1390 3519 Et
1416 3467 1671 3519 furentia
1693 3469 1743 3518 16
1768 3469 1884 3533 Roy
1912 3471 1965 3519 et
1989 3469 2038 3517 le
2061 3468 2198 3518 Turc
2227 3480 2490 3531 avecques

1319 3549 1389 3599 Le
1415 3549 1498 3599 fils
1528 3550 1601 3599 du
1630 3550 1787 3614 Pape,
1819 3551 1940 3600 tous
1967 3548 2133 3613 logiez
2163 3548 2288 3599 chez
2313 3548 2604 3611 l’evesque.

1322 3624 1391 3680 Et.
1420 3642 1479 3679 se
1504 3632 1608 3680 tint
1630 3629 1885 3694 jusqu’au
1909 3641 2064 3693 moys
2085 3629 2152 3679 de
2181 3629 2375 3679 sevrier

1320 3708 1401 3759 oa
1430 3709 1747 3773 cependant‚
1780 3708 1901 3773 plus
1931 3709 2064 3759 viste
2094 3708 2263 3773 qu’un
2292 3706 2490 3759 levrier

1322 3790 1393 3839 Le
1420 3788 1506 3837 1113
1536 3787 1609 3838 (111
1636 3788 1773 3853 Pape
1797 3790 2177 3839 secrettement
2205 3802 2301 3851 par
2323 3792 2460 3853 nuyt

1322 3868 1390 3919 Se
1420 3868 1688 3929 desrobat,
1721 3872 1776 3919 et
1803 3868 1872 3919 de
1899 3867 1995 3918 fait.
2024 3868 2254 3934 s’ent'uyt

1321 3950 1521 4000 Devers
1549 3948 1599 3997 16
1628 3948 1782 4014 Pape,
1819 3949 1954 3999 dont
1979 3952 2105 3999 tous
2131 3948 2271 3999 deux
2299 3950 2407 3999 mal
2437 3943 2724 4015 garderent

1331 4032 1464 4082 Laur
1487 4026 1575 4095 foy
1604 4026 1859 4093 promise,
1895 4038 1984 4076 car
2012 4025 2077 4075 113
2109 4039 2166 4075 36
2195 4024 2549 4089 parjureront,

1323 4103 1387 4161 Et
1412 4125 1481 4162 ne
1506 4108 1783 4161 teindrent.
1805 4107 1926 4158 leur
1951 4110 2110 4173 grant.
2136 4108 2329 4157 accord
2363 4108 2585 4171 parfait:

1322 4192 1423 4252 Qui
1450 4192 1534 4242 fut
1562 4192 1592 4241 a
1620 4180 1743 4241 eulx
1772 4188 1882 4240 tres
1909 4187 2282 4239 villainement
2308 4186 2450 4240 faict.

2093 4265 2170 4323 Le
2198 4267 2426 4341 Vergier
2457 4268 2778 4327 d’Honneur
2809 4272 3000 4344 (Arch.
3035 4272 3102 4329 de
3133 4268 3292 4328 l’hist.

1953 4434 1960 4441 .
2192 4356 2258 4413 de
2284 4357 2508 4429 France,
2543 4366 2583 4416 t.
2618 4361 2661 4430 1,
2693 4378 2749 4434 p.
2781 4360 3000 4432 323-4.)

797 4460 851 4513 2.
893 4454 988 4513 Tel
1004 4460 1091 4513 est
1120 4455 1167 4511 le
1196 4471 1325 4511 nom
1338 4451 1407 4509 de
1426 4470 1487 4509 ce
1506 4466 1854 4525 personnage
1885 4465 1992 4522 que
2009 4445 2063 4503 la
2091 4446 2332 4521 depeche
2363 4448 2576 4505 donnee
2606 4448 2925 4507 ci-dessous
2945 4456 3153 4525 pei-met
3173 4448 3238 4505 de
3257 4449 3372 4501 reta-

728 4545 857 4615 blir3
889 4544 940 4601 le
968 4548 1135 4615 texte,
1168 4542 1305 4599 dans
1337 4546 1465 4597 tous
1494 4538 1577 4595 les
1608 4555 1770 4609 msS.,
1800 4552 1899 4611 par
1929 4534 2073 4592 suite
2104 4535 2267 4591 d’une
2297 4554 2482 4593 erreur
2510 4537 2608 4595 des
2639 4539 2904 4614 copistes,
2937 4540 3193 4597 u’offmnt
3215 4550 3366 4593 aucun

730 4650 879 4691 sene.
900 4634 973 4689 Le
995 4632 1099 4688 149
1118 4636 1172 4689 et
1188 4631 1331 4686 9725
1348 4629 1594 4685 donnent
1620 4645 1633 4685 :
1662 4648 1691 4681 «
1800 4625 2168 4683 Bartholomei
2190 4626 2500 4685 subnobilis
2515 4630 2816 4687 Januensis
2835 4649 2848 4701 ;
2868 4653 2897 4683 »
2930 4629 2980 4688 le
3001 4628 3220 4705 Chigiss'.
3239 4626 3369 4691 465).

728 4722 778 4778 16
802 4724 1025 4779 55222.
1056 4721 1113 4792 (f.
1138 4721 1225 4776 48.
1248 4720 1323 4793 v.)
1354 4718 1681 4776 611613735
1709 4716 1769 4791 (f.
1797 4717 1921 4785 119)
1949 4733 1962 4771 :
1993 4736 2016 4767 ι
2053 4714 2424 4775 Β611110101116ἰ
2455 4718 2558 4776 sub
2589 4719 2898 4777 honorabili
2918 4717 3226 4777 Januensis.
3259 4738 3285 4765 ιι

804 4832 834 4861 «
873 4808 1155 4883 Magnifici
1183 4806 1419 4878 Domini,
1452 4805 1672 4866 Domini
1700 4805 1871 4863 nostri
1900 4806 2225 4863 honorandi.

802 4898 882 4954 La
910 4903 1099 4953 nostra
1126 4896 1317 4954 ultima
1344 4896 1403 4953 fu
1430 4897 1486 4953 di
1512 4897 1671 4953 XXX
1698 4896 1769 4953 da
1796 4895 2009 4952 Marino
2037 4912 2134 4970 per
2167 4895 2222 4953 la
2256 4896 2418 4971 quale
2447 4897 2501 4954 vi
2539 4899 2752 4956 demmo
2783 4898 2978 4958 notitia
3018 4898 3156 4956 della
3191 4889 3367 4970 partita

731 4986 819 5045 del
848 4984 1118 5043 cardinale
1147 4985 1202 5041 di
1238 4985 1487 5043 Valentia
1524 4986 1613 5043 del
1652 4985 1811 5060 quale
1856 4984 1934 5041 s’e
1961 4984 2054 5059 poi
2087 4986 2267 5043 inteso
2309 5004 2402 5042 era
2438 4996 2666 5061 passato
2693 4990 2762 5045 da
2792 4988 3052 5064 Rignano
3081 4996 3137 5045 61
3175 4987 3244 5041 ito
3281 4980 3371 5037 alla

731 5078 879 5137 volta
906 5076 974 5133 de
1004 5074 1213 5150 Spoleti
1249 5092 1349 5131 ove
1388 5074 1436 5131 si
1474 5082 1669 5132 truova
1708 5076 2075 5132 Governatore
2117 5093 2190 5130 un
2229 5075 2416 5149 nipote
2455 5077 2509 5132 di
2547 5085 2738 5135 nostro
2777 5079 3013 5153 Signore
3045 5096 3059 5132 ε
3090 5082 3144 5133 et
3177 5071 3366 5130 bench&

729 5166 1042 5244 qualchuno
1078 5162 1205 5222 dica
1249 5165 1351 5221 che
1385 5164 1545 5222 decto
1596 5164 1868 5223 cardinale
1908 5162 1992 5222 sia
2033 5170 2175 5222 31610
2211 5164 2351 5222 visto
2397 5166 2450 5221 in
2493 5168 2690 5238 Roma,
2721 5168 3052 5225 nondimeno
3099 5164 3148 5223 el
3183 5163 3364 5219 Nostro

730 5253 881 5333 5130.
914 5272 1017 5312 con
1048 5252 1254 5313 efficaci
1283 5251 1469 5328 parole
1498 5257 1554 5311 et
1580 5252 1906 5328 giuramenti
1936 5254 2161 5311 afferma
2197 5258 2268 5311 ne
2297 5272 2488 5330 sapere
2516 5254 2655 5312 dove
2687 5253 2767 5311 sia
2791 5254 2953 5315 ,decto
2985 5248 3266 5318 cardinale,
3298 5246 3360 5299 ne
