3625 6059
699 531 805 586 206
1609 527 1638 582 J
1644 524 1957 584 OHANle
2006 523 2453 592 BURCHARDI,
2606 527 2613 532 '
2864 522 3175 584 [Decembre
3196 523 3317 584 tm]

697 685 1014 759 trissimo
1059 680 1354 756 domino
1401 685 1845 757 Venetorum
1896 680 2030 778 (1),
2082 677 2273 754 idem
2318 677 2671 776 Georgius
2722 677 3085 754 Busardus
3126 701 3319 752 manu

695 809 988 907 propria
1017 807 1266 905 scripsi
1299 813 1373 881 et
1402 805 1820 903 subscripsi.

790 937 874 1006 Et
903 955 1040 1031 ego
1063 931 1433 1030 Philippus
1454 931 1544 1006 de
1564 931 1999 1006 Patriarchis
2014 989 2029 1021 ,
2046 930 2351 1006 clericus
2375 928 2930 1017 ForoloviensiS‚
2954 931 3329 1026 apostoliea

691 1064 762 1134 et
793 1057 1145 1156 imperiali
1177 1056 1720 1132 auctoritatibus
1751 1057 2075 1132 notarius
2110 1056 2440 1154 publicus
2474 1055 3013 1153 suprascriptus
3041 1055 3327 1155 instrue-

691 1185 962 1259 tionem
993 1207 1080 1258 ex
1124 1181 1454 1280 originali
1493 1182 1584 1255 de
1616 1183 2026 1280 Senogallia
2068 1182 2384 1278 fideliter
2416 1180 2837 1256 transmisso
2870 1180 2960 1254 de
3002 1181 3217 1256 verbo
3244 1183 3325 1257 ad

683 1309 980 1385 verbum
1031 1307 1546 1405 transumptavi
1596 1313 1667 1382 et
1710 1308 1993 1406 scripsi,
2047 1307 2629 1407 nihilmutando
2682 1313 2803 1381 aut
2854 1307 3213 1396 addendo,
3262 1316 3328 1382 et

681 1435 826 1508 hoc
868 1435 1104 1532 ipsum
1149 1439 1706 1530 transumptum,
1757 1438 1970 1530 prout
1984 1433 2277 1531 jacebat
2306 1434 2399 1507 ad
2426 1433 2738 1523 literam,
2774 1432 2913 1508 feci
2954 1432 3327 1530 requisitus

680 1567 752 1635 et
781 1566 1078 1658 rogatus
1113 1583 1128 1633 :
1165 1559 1239 1632 in
1270 1558 1475 1656 cujus
1506 1557 1610 1630 rei
1641 1557 2139 1634 testimonium
2170 1559 2289 1634 hic
2335 1581 2451 1634 me
2500 1557 2893 1656 subscripsi
2940 1565 3013 1633 et
3060 1558 3333 1656 signum

685 1707 934 1760 meum
967 1684 1272 1783 apposui
1307 1692 1766 1760 consuetum.

781 1810 1173 1899 Florentie,
1211 1808 1324 1883 die
1353 1832 1499 1882 xxv
1529 1809 1972 1901 novembriS,
2007 1832 2197 1885 anno
2230 1811 2521 1887 Domini
2559 1815 2771 1888 1494.

779 1935 1032 2010 Sultan
1083 1934 1372 2032 Bajazet
1429 1933 1630 2009 Chan
1688 1933 1819 2009 Dei
1878 1938 2135 2032 gratia,
2195 1962 2321 2012 rex
2388 1937 2746 2012 maximus
2810 1939 2883 2009 et
2948 1934 3335 2032 imperator

683 2061 1058 2159 utriusque
1095 2061 1556 2155 continentis,
1605 2060 1915 2159 Asieque
1946 2070 2019 2136 et
2057 2064 2369 2160 Europe,
2407 2061 2967 2136 christianorum
3012 2058 3335 2134 omnium

684 2185 1064 2262 excellenti
1093 2186 1516 2286 presbytero
1569 2194 1644 2263 et
1698 2190 1819 2276 D„
1872 2187 2165 2262 domino
2213 2187 2623 2262 Alexandro
2680 2209 2983 2260 romane
3014 2183 3337 2259 Ecclesie

689 2333 990 2386 romano
1027 2309 1352 2407 pontifici
1395 2308 1846 2408 dignissimO,
1896 2311 2379 2385 reverentiam
2424 2308 2745 2384 debitam
2793 2318 2865 2386 et
2912 2309 3337 2386 benevolam

687 2461 853 2514 cum
905 2435 1188 2510 sincera
1239 2434 1738 2532 dispositione.
1799 2438 1971 2509 Post
2024 2435 2579 2511 convenientem
2638 2442 2713 2510 et
2764 2437 3039 2533 justam
3082 2434 3345 2510 saluta-

693 2561 960 2638 tionem
1024 2559 1512 2658 significamus
1571 2559 1724 2650 tibi,
1783 2582 2124 2658 supremo
2186 2561 2538 2659 pontifici,
2602 2560 3219 2658 quemadmodum
3276 2559 3347 2632 in

691 2683 1011 2786 presenti
1065 2683 1362 2758 misistis
1414 2683 1711 2782 dignum
1765 2693 1839 2758 et
1890 2685 2181 2760 fidelem
2230 2693 2553 2760 vestrum
2612 2686 2987 2760 hominem
3034 2691 3107 2761 et
3150 2686 3349 2782 lega-

687 2819 842 2886 tum
875 2809 1264 2908 Georgium
1323 2809 1728 2882 Busardum
1773 2832 1941 2884 cum
1979 2810 2207 2885 literis
2256 2833 2397 2907 que
2448 2811 2919 2885 continebant
2968 2811 3059 2885 de
3110 2816 3349 2884 vestra

689 2939 952 3028 salute,
1013 2958 1263 3012 amore
1315 2940 1388 3014 et
1443 2934 1766 3009 amicitia
1808 2960 1824 3008 :
1869 2935 2063 3010 venit
2118 2936 2211 3009 ad
2261 2959 2395 3010 nos
2446 2943 2518 3010 et
2574 2936 2896 3033 pervenit
2950 2936 3027 3009 in
3076 2937 3351 3032 optimo

691 3073 1018 3161 tempore
1070 3060 1162 3136 ad
1219 3083 1460 3134 meam
1519 3059 1943 3135 altissimam
2016 3069 2325 3157 portam,
2402 3068 2477 3135 et
2544 3060 2948 3136 dedicimus
3020 3085 3162 3157 que
3226 3085 3351 3158 per

686 3188 932 3262 literas
1005 3184 1631 3284 significabantur3
1693 3193 1767 3259 et
1824 3209 1965 3282 que
2020 3186 2487 3260 commisistis
2539 3186 2674 3284 ipsi
2736 3185 3007 3274 dicere,
3087 3194 3161 3262 et
3223 3211 3347 3260 ore

689 3311 929 3385 retulit
999 3311 1214 3384 etiam
1275 3333 1365 3386 ea
1427 3333 1674 3384 coram
1731 3311 2226 3407 Magnitudine
2290 3329 2456 3384 mea
2518 3311 2800 3408 integra
2863 3311 3349 3408 quemadmo-

689 3435 862 3518 dum
901 3439 1021 3507 tua
1047 3432 1467 3508 Gloriositas
1506 3433 1640 3530 ipsi
1683 3435 2068 3510 mandavit.
2120 3440 2295 3510 Cum
2333 3436 2803 3510 didicerimus
2846 3437 3164 3533 primum
3212 3461 3347 3510 nos

690 3559 779 3632 de
827 3557 1057 3645 salute
1103 3563 1174 3630 et
1214 3558 1406 3631 bona
1449 3557 1873 3634 habitudine
1920 3569 2041 3636 tue
2094 3561 2648 3652 Dominationis‚
2705 3561 3045 3636 delectati
3096 3587 3349 3637 sumus

689 3682 1032 3773 maxime,
1085 3690 1158 3757 et
1206 3681 1584 3757 exsultavit
1625 3686 1919 3785 spiritus
1966 3711 2198 3761 meus.
2257 3691 2675 3784 Propterea,
2726 3694 2803 3761 et
2849 3686 2987 3760 illis
3038 3711 3183 3783 que
3232 3712 3355 3787 per

695 3815 933 3916 ipsum
963 3816 1422 3915 significastis
1449 3814 1724 3890 assensi
1761 3835 2013 3886 sumus
2045 3813 2263 3885 etiam
2298 3818 2371 3886 et
2400 3811 2707 3885 fecimus
2739 3811 2895 3908 ipsa
2922 3818 2995 3884 et
3026 3810 3355 3885 misimus

695 3944 914 4019 etiam
945 3943 1282 4019 homines
1316 3942 1408 4018 ad
1435 3942 1600 4018 loca
1629 3963 1769 4038 que
1801 3938 2293 4036 significastiS,
2339 3944 2411 4010 ut
2442 3937 2901 4011 mitteremus
2934 3936 3125 4011 sicut
3156 3937 3357 4012 vole-

701 4069 824 4144 bat
860 4078 978 4144 tua
1007 4068 1428 4167 Magnitudo
1459 4067 1762 4144 ulterius
1789 4073 1865 4140 et
1893 4063 1993 4153 id,
2025 4063 2215 4160 quod
2259 4069 2694 4138 conventum
2727 4070 2863 4152 est,
2904 4064 3241 4160 quamvis
3272 4063 3355 4138 ad

760 4330 810 4387 1.
854 4329 1010 4404 Cette
1038 4327 1192 4385 lettre
1227 4334 1316 4384 est
1351 4326 1565 4383 donne-e
1592 4324 1794 4398 par-M.
1832 4322 2041 4378 Sanuto
2073 4323 2164 4393 (en
2203 4318 2431 4392 italien).
2468 4317 2593 4377 Suit
2622 4319 3083 4379 iznmediatement
3112 4329 3281 4397 apres
3310 4321 3353 4378 ta

691 4418 844 4494 copie
864 4419 936 4474 du
965 4417 1090 4474 bref
1101 4411 1444 4492 apostolique
1467 4414 1590 4497 (fol.
1606 4415 1658 4482 9)
1679 4431 1691 4468 τ

1561 4571 1588 4600 «
1621 4547 1941 4620 Eaeemplum
1972 4546 2470 4618 brevisupostolici.

1671 4669 1698 4697 «
1730 4647 2047 4702 Alemander
2072 4648 2223 4718 Papa
2260 4645 2348 4716 W.

761 4799 788 4826 «
825 4771 1074 4832 IllustriS.
1120 4769 1312 4831 Sultan
1351 4768 1588 4831 baiseth.
1631 4771 1993 4829 veneratione
2033 4770 2199 4827 divini
2240 4767 2477 4827 nominis
2509 4777 2563 4826 et
2600 4787 2783 4826 amore
2826 4789 2839 4826 :
2884 4788 2979 4844 pro
3020 4772 3349 4844 quibusdam

697 4861 942 4935 negociis
981 4861 1388 4920 occurrentibus
1432 4861 1698 4918 mittimus
1737 4861 1804 4917 ad
1845 4861 2183 4934 Majestatem
2232 4867 2381 4916 tuam
2409 4857 2747 4932 presentium
2788 4859 3153 4918 exhibitorem
3184 4861 3349 4917 filium

671 4951 990 5030 ⁴Georgium
1033 4949 1357 5021 Buzardum,
1390 4951 1701 5008 Familiarern
1739 4959 1794 5006 et
1831 4949 2091 5006 nuncium
2120 4957 2369 5005 nostrum
2400 4947 2485 5003 cui
2514 4951 2888 5008 commisimus
2918 4950 3104 5024 aliqua
3136 4951 3354 5008 nomine

683 5044 870 5097 nostro
896 5047 988 5096 tue
1019 5033 1360 5095 Solemnitati
1396 5039 1761 5113 explicanda:
1795 5038 1944 5096 illam
1974 5039 2323 5094 exhortamur
2366 5044 2427 5094 ut
2456 5037 2509 5094 in
2539 5040 2619 5096 eis
2651 5059 2756 5114 que
2786 5040 3003 5097 nomine
3034 5059 3141 5096 nos
3112 5047 3233 5098 stro
3266 5057 3348 5095 re-

683 5129 864 5200 ferret,
897 5130 1108 5204 plenam
1132 5133 1186 5184 et
1205 5128 1506 5186 indubltam
1528 5129 1689 5187 sidem
1711 5129 1817 5186 sibi
1844 5129 2119 5186 adhibeat.
2146 5128 2337 5198 Rome,
2362 5126 2516 5185 die...
2529 5127 3349 5202 ‚juniiMCCCCLXXXXIlIL

689 5225 840 5291 pont.
873 5217 1045 5278 nostri
1075 5233 1220 5276 anno
1247 5219 1300 5274 2.
