3625 6059
170 589 343 646 [Avril
382 585 535 654 1498!
872 583 1121 642 RERUM
1173 582 1630 640 URBANARUM
1678 582 2202 640 COMMENTARH.
2769 592 2869 645 457

178 739 590 837 reportavit
635 738 937 812 calicem
986 735 1423 812 sacramenti
1470 737 2004 812 communionis
2047 739 2294 836 populi
2343 739 2433 813 ad
2481 739 2705 814 altare
2736 798 2752 831 ,
2803 749 2876 816 et

182 889 321 962 ego
368 865 634 939 ambas
682 870 985 962 patenas
1036 886 1217 961 quas
1260 861 1433 937 tersi
1478 886 1693 959 super
1739 862 2039 936 tacciam
2089 863 2474 938 ablutionis
2524 869 2743 963 Pape,
2795 875 2863 941 et

180 990 435 1062 vinum
492 989 989 1086 supradictum
1038 995 1271 1062 totum
1316 987 1589 1085 sumpsi
1634 993 1705 1060 et
1750 986 1965 1076 male,
2012 988 2142 1062 Dei
2183 989 2435 1086 gratia.
2483 994 2733 1064 Rmus.
2776 994 2862 1066 D.

186 1114 587 1188 cardinalis
624 1113 1041 1190 Valentinus
1072 1137 1115 1188 a
1144 1111 1506 1187 dominica
1546 1111 1633 1184 de
1672 1111 2014 1208 passione
2050 1113 2246 1187 ciica
2287 1137 2512 1254 usque
2551 1114 2644 1189 ad
2677 1115 2866 1189 hanc

188 1239 383 1314 diem
416 1237 780 1312 inclusive
806 1261 953 1310 non
982 1237 1172 1313 venit
1204 1237 1297 1312 ad
1326 1235 1705 1334 capellam.

286 1363 509 1438 Feria
550 1362 876 1436 secunda
917 1362 1224 1452 Pasche‚
1269 1366 1355 1434 16
1386 1360 1559 1434 dicti
1600 1360 1872 1433 mensis
1917 1362 2188 1459 apriliS‚
2226 1369 2475 1437 Rmus.
2514 1369 2600 1438 D.
2638 1366 2876 1440 cardi-

192 1490 373 1563 nalis
405 1515 470 1563 S.
514 1488 863 1563 Praxedis
890 1487 1278 1562 celebravit
1317 1486 1613 1561 missam
1643 1486 2048 1562 solemnem
2080 1488 2153 1560 in
2189 1489 2467 1588 capella
2496 1489 2871 1576 consueta,

196 1619 389 1713 Papa
415 1621 771 1711 presente
801 1637 816 1702 ;
855 1613 1101 1688 omnia
1130 1614 1512 1687 observata
1545 1619 1709 1686 sunt
1740 1635 1946 1686 more
1986 1613 2224 1687 solito.

290 1740 571 1814 Eadem
604 1739 751 1828 die,
783 1739 966 1812 hora
994 1761 1487 1836 vesperarum,
1525 1739 1719 1812 venit
1759 1737 1854 1811 ad
1889 1739 2154 1812 Urbem
2185 1746 2518 1836 prestans
2554 1749 2626 1815 et
2665 1765 2876 1838 spec-

202 1863 431 1937 tabilis
476 1863 587 1936 vir
630 1868 723 1937 D.
757 1863 1127 1938 ,lohannes
1171 1863 1496 1960 Baptista
1526 1861 1619 1936 de
1660 1863 1970 1953 Sanctis,
2017 1863 2264 1962 legum
2308 1865 2589 1956 doctor,
2633 1873 2878 1942 orator

200 1989 591 2086 magnifice
647 1988 949 2064 civitatis
1014 1987 1355 2062 Senensis
1407 2009 1543 2086 per
1587 1997 1874 2086 portam
1916 1989 2298 2080 Viridarii3
2354 1991 2478 2090 qui
2539 1999 2874 2089 receptus

204 2114 329 2187 fuit
374 2115 465 2188 ad
518 2114 793 2190 Urbem
842 2139 885 2188 a
934 2114 1207 2188 familia
1249 2114 1437 2188 Rmi.
1490 2118 1573 2188 D.
1627 2113 2009 2188 cardinalis
2055 2115 2400 2188 Senensis
2449 2123 2521 2190 et
2569 2116 2874 2191 aliorum

210 2241 640 2314 Senensium
670 2241 744 2314 in
771 2240 963 2314 Urbe
991 2239 1486 2328 existentium,
1516 2245 1587 2314 et
1615 2239 1705 2312 ab
1732 2239 1836 2312 eis
1869 2261 2096 2336 usque
2121 2239 2210 2312 ad
2238 2239 2630 2337 hospitium
2663 2265 2871 2316 suum

210 2367 637 2442 associatus,

302 2493 504 2567 Feria
545 2493 762 2568 tertia
803 2492 1109 2583 Pasche,
1145 2517 1285 2590 que
1330 2494 1457 2567 fuit
1510 2500 1591 2567 17
1638 2494 1806 2568 dicti
1847 2494 2120 2567 mensis
2171 2494 2445 2591 aprilis,
2492 2498 2742 2567 RmuS.
2780 2496 2866 2567 D.

218 2617 593 2693 cardinalis
652 2618 1167 2716 Agrigentinus
1224 2618 1610 2694 celebravit
1660 2619 1956 2692 missam
2011 2620 2440 2694 solemnem
2471 2620 2546 2693 in
2595 2621 2874 2719 capella

218 2741 549 2836 predicta,
610 2745 977 2818 consuetis
1016 2746 1479 2836 ceremoniiS,
1516 2750 1709 2842 Papa
1748 2751 2114 2844 presente.
2158 2750 2536 2822 Venerunt
2565 2746 2724 2820 heri
2760 2747 2875 2822 vel

231 3017 423 3075 c’estoit
447 3019 577 3094 qu'il
607 3021 693 3076 dit
719 3019 847 3094 qu’il
886 3019 1035 3079 avoit
1071 3037 1365 3095 esperance
1403 3023 1471 3077 de
1510 3039 1579 3078 ne
1618 3019 1750 3077 faire
1780 3020 1982 3094 jamais
2021 3021 2192 3094 peche
2229 3021 2418 3078 mortel
2456 3039 2524 3078 ne
2563 3022 2759 3093 veniel,
2794 3023 2875 3081 s'il

229 3107 455 3178 pouvoit;
486 3117 543 3167 et
569 3128 645 3166 en
674 3110 863 3167 disant
897 3117 1037 3168 cette
1068 3110 1273 3185 parole,
1306 3110 1343 3166 il
1371 3111 1537 3167 cheat
1563 3114 1597 3168 a
1623 3110 1857 3167 l'envers
1886 3115 1940 3166 et
1967 3110 2148 3185 perdit
2173 3110 2228 3166 la
2256 3109 2438 3185 parole
2469 3111 2526 3182 (il
2556 3130 2624 3170 ne
2653 3114 2878 3187 pouvoit

234 3203 357 3252 estre
384 3199 521 3254 deux
548 3200 755 3256 heures
784 3205 945 3274 apres
986 3199 1177 3276 midy)‚
1211 3207 1266 3257 et
1305 3201 1564 3256 demeura
1592 3199 1643 3256 la
1665 3200 1901 3274 jusques
1932 3205 1965 3257 a
1991 3217 2124 3256 onze
2163 3201 2361 3257 heures
2401 3201 2468 3256 de
2508 3201 2679 3261 nuict.
2718 3203 2877 3260 Trois

234 3283 321 3340 fois
344 3285 433 3362 luy
459 3291 638 3347 revint
679 3290 731 3346 la
766 3290 951 3364 parole
984 3307 999 3346 ε
1034 3291 1171 3348 mais
1213 3308 1319 3365 peu
1358 3290 1453 3365 luy
1488 3291 1645 3360 dura,
1677 3307 1886 3347 comme
1923 3307 2010 3346 me
2047 3295 2209 3345 conta
2249 3288 2383 3346 ledit
2409 3291 2750 3363 confesseur‚
2783 3293 2877 3368 qui

237 3371 361 3430 deux
386 3376 483 3434 fois
508 3387 657 3437 cette
686 3379 928 3436 semaine
966 3378 1151 3436 l’avoit
1186 3378 1439 3436 confesse
1478 3395 1490 3433 :
1522 3376 1669 3435 l’une
1699 3382 1733 3435 a
1758 3395 1926 3435 cause
1957 3377 2023 3434 de
2053 3394 2191 3434 ceux
2219 3376 2314 3451 qui
2341 3378 2600 3436 vencient
2627 3397 2752 3436 vers
2781 3379 2880 3455 luy

238 3477 356 3532 pour
382 3465 427 3522 le
454 3469 557 3524 mal
586 3470 691 3525 des
722 3468 1071 3526 escrouelleS.
1106 3468 1279 3525 Toute
1316 3485 1589 3542 personne
1628 3467 1828 3524 entroit
1869 3484 1937 3524 en
1971 3465 2136 3524 ladite
2176 3465 2402 3540 galerie,
2431 3467 2526 3542 qui
2563 3468 2790 3541 vouloit‚
2825 3479 2880 3528 et

244 3561 281 3604 le
306 3555 615 3614 trouvoit-on
649 3559 855 3614 conche
894 3576 991 3614 sur
1027 3577 1134 3614 une
1178 3575 1381 3631 pauvre
1418 3555 1675 3631 paillasse
1712 3557 1849 3614 dont
1880 3555 2082 3630 jamais
2113 3554 2149 3612 il
2177 3574 2245 3612 ne
2276 3557 2462 3630 partit,
2488 3558 2723 3631 jusqucs
2754 3563 2788 3616 a
2816 3579 2877 3617 ce

244 3638 354 3710 qu'il
378 3651 464 3700 eut
490 3648 665 3703 rendu
704 3647 859 3704 l’ame
888 3649 952 3704 'et
978 3667 1015 3722 y
1055 3645 1136 3704 fut
1164 3647 1299 3704 neuf
1326 3649 1543 3704 hem-es.
1578 3646 1740 3704 Ledit
1774 3646 2115 3716 confesseur,
2146 3646 2241 3719 qui
2281 3646 2559 3720 tousjours
2593 3665 2631 3720 y
2657 3645 2759 3716 fut,
2791 3665 2878 3704 me

240 3726 307 3782 dit
328 3749 425 3803 que
449 3734 553 3793 lors
580 3753 691 3810 que
723 3735 775 3793 la
800 3737 985 3812 parole
1016 3737 1109 3811 luy
1137 3736 1331 3807 revint,
1354 3741 1389 3793 a
1416 3744 1599 3793 toules
1618 3734 1700 3792 les
1728 3735 1835 3793 sois
1860 3734 1897 3790 il
1923 3734 2090 3792 discit
2112 3752 2126 3792 ε
2151 3739 2278 3792 Mon
2294 3737 2437 3792 Dieu
2457 3736 2580 3792 ctla
2599 3737 2874 3806 alerien-sc

254 3817 422 3890 l'ieryc
456 3828 656 3896 ,lun-ic,
686 3829 1073 3897 Monsciqncur
1098 3828 1286 3884 Sainct
1324 3828 1526 3885 Claude
1556 3835 1607 3884 et
1638 3830 2023 3898 Monsciqneur
2057 3829 2248 3884 Sainct
2277 3828 2476 3898 Βῑαίεε,
2507 3846 2591 3884 mc
2620 3831 2791 3886 soient
2815 3845 2880 3885 en

247 3909 365 3973 ayde
390 3929 407 3966 :
435 3920 487 3970 et
512 3915 654 3972 ainsi
689 3915 925 3990 departit
953 3917 1019 3972 de
1050 3934 1109 3973 ce
1138 3918 1335 3973 monde
1376 3917 1424 3973 si
1460 3917 1714 3991 puissant
1754 3924 1810 3973 et
1843 3917 1891 3974 si
1920 3916 2096 3990 grand
2135 3914 2280 3989 Roy,
2312 3923 2366 3973 et
2395 3932 2463 3972 en
2504 3917 2552 3973 si
2590 3918 2878 3976 miserable

252 3993 356 4062 lieu,
383 4002 469 4074 qui
495 4011 610 4062 tant
652 4005 801 4064 aroit
835 4007 905 4063 de
941 4004 1113 4063 belles
1153 4007 1397 4064 maisons
1438 4014 1492 4064 et
1530 4025 1599 4064 en
1643 4007 1828 4064 faisoit
1867 4023 1974 4063 une
2012 4005 2058 4062 si
2097 4004 2238 4062 belle
2273 4011 2328 4062 et
2368 4004 2417 4062 si
2453 4023 2524 4062 ne
2561 4011 2718 4063 sceut
2753 4007 2788 4060 a
2815 4023 2876 4061 oe

249 4080 413 4144 besoin
438 4092 568 4151 finer
596 4096 760 4152 d’une
790 4113 993 4170 pauvre
1021 4096 1297 4154 chambre.
1329 4096 1593 4154 Combien
1621 4098 1763 4154 donc
1790 4102 2018 4171 peut-on
2049 4112 2148 4170 par
2176 4111 2268 4151 ces
2299 4095 2444 4152 deux
2473 4094 2750 4170 exemples
2778 4113 2874 4169 cy-

253 4173 419 4236 dessus
453 4187 682 4242 couchez
711 4187 789 4257 (la
824 4191 964 4242 mort
995 4187 1062 4242 dc
1088 4187 1255 4242 Loccis
1282 4189 1359 4242 XI
1387 4195 1440 4242 ct
1470 4189 1537 4244 dc
1567 4187 1785 4245 charles
1838 4188 2008 4256 Vm),
2041 4184 2352 4259 cognoistre
2395 4183 2450 4240 la
2486 4183 2779 4259 puissance
2807 4184 2876 4240 de

254 4260 369 4320 Dieu
393 4277 523 4328 estre
552 4277 785 4348 grande,
817 4282 872 4333 et
898 4293 1005 4348 que
1033 4277 1169 4334 c’est
1198 4295 1305 4350 pou
1332 4278 1401 4333 de
1430 4279 1598 4334 chose
1619 4295 1723 4351 que
1754 4277 1822 4334 de
1843 4283 2032 4334 nostre
2053 4273 2340 4332 miserable
2362 4273 2442 4332 vie
2473 4274 2566 4349 qui
2587 4280 2709 4331 tant
2733 4291 2876 4332 nous

256 4351 407 4414 donne
428 4362 493 4418 de
519 4367 679 4438 peine
708 4382 846 4439 pour
874 4365 957 4423 les
985 4353 1183 4424 choses
1222 4368 1297 4423 du
1334 4368 1550 4437 monde,
1582 4373 1637 4425 et
1678 4385 1785 4442 que
1814 4367 1896 4425 les
1935 4367 2090 4442 Roys
2120 4365 2215 4440 n'y
2239 4371 2478 4439 peuvent
2513 4363 2740 4422 resister
2766 4383 2878 4422 non

256 4440 357 4511 Plus
383 4467 477 4523 que
502 4455 579 4512 les
609 4455 951 4513 laboureurs.
986 4479 1015 4508 »
1047 4456 1325 4528 ComineS‚
1358 4460 1663 4528 Μέηιοίνεε,
1694 4455 1785 4513 liv.
1819 4456 1966 4524 Vlll,
1999 4456 2085 4512 ch.
2119 4473 2248 4512 xxv.
2283 4454 2424 4528 Voy.
2457 4453 2512 4510 la
2546 4453 2776 4512 relation
2808 4455 2876 4512 de

259 4529 684 4617 Sanut0,·Diarii,
714 4551 755 4602 t.
788 4545 833 4616 Ι,
865 4544 967 4603 col.
1000 4546 1107 4601 935
1134 4553 1189 4602 et
1218 4545 1359 4602 suiv.
1401 4550 1474 4602 οὐ
1514 4563 1573 4601 se
1611 4551 1867 4602 trouvent
1902 4543 2099 4601 relatas
2134 4561 2266 4602 avec
2297 4561 2403 4600 une
2442 4547 2646 4600 nettete
2687 4551 2742 4600 et
2773 4561 2878 4600 une

260 4625 497 4687 concisiori
524 4634 925 4692 merveilleuses
954 4635 1033 4692 les
1062 4635 1365 4692 nombreux
1392 4633 1809 4692 commentaires
1833 4633 1927 4708 qui
1952 4651 2012 4692 se
2031 4633 2285 4690 faisaient
2305 4650 2400 4691 sur
2427 4633 2482 4689 la
2507 4633 2660 4708 place
2691 4633 2876 4692 Saint-
2977 4675 2982 4682 .

264 4709 385 4769 Marc
409 4735 472 4774 au
501 4724 639 4797 sajet
669 4725 739 4782 de
768 4724 820 4782 la
846 4733 988 4782 mort
1016 4725 1091 4781 du
1121 4724 1199 4780 roi
1228 4725 1297 4780 de
1326 4724 1531 4781 France
1566 4731 1621 4781 et
1649 4723 1727 4780 les
1757 4723 2140 4782 observations
2168 4723 2300 4779 d’un
2335 4724 2568 4791 chacun,
2600 4739 2668 4778 en
2699 4729 2877 4780 atten-

264 4798 497 4879 dantque
531 4811 581 4868 la
616 4813 865 4871 nouvelle
904 4832 963 4870 sc
1001 4813 1230 4872 verifizlt.
1266 4813 1399 4870 Suiv
1403 4821 1499 4870 ant
1537 4811 1842 4869 Guillaurne
1881 4814 1949 4869 de
1988 4811 2252 4883 Marinae,
2285 4809 2512 4868 Charles
2547 4809 2676 4867 VIII
2714 4812 2883 4870 serait

266 4897 381 4946 mort
402 4896 537 4957 dela
565 4905 703 4962 suite
732 4905 800 4961 de
830 4923 922 4961 ses
952 4922 1161 4962 exces‹
1147 4925 1176 4955 «
1222 4901 1452 4961 ..mais
1493 4903 1632 4958 Dieu
1660 4901 1735 4959 lui
1764 4903 1893 4959 aida
1921 4901 2200 4958 tellement
2224 4919 2298 4974 qu
2301 4899 2356 4956 ’il
2385 4902 2632 4975 echappa
2666 4901 2880 4958 desdits

269 4969 455 5038 ltaliens
490 4990 541 5056 (ά
576 4993 897 5063 Fournoue),
940 4999 995 5049 et
1036 4994 1150 5050 sen
1194 4993 1371 5050 revint
1417 5010 1485 5049 en
1532 4992 1737 5049 Prance
1778 4990 1912 5048 faire
1954 4991 2137 5048 bonne
2183 4992 2345 5048 chere
2392 5007 2602 5048 comme
2649 4990 2688 5045 il
2732 4990 2884 5048 avoit

269 5077 559 5147 ιοουιιῑυιῃρ,
591 5086 644 5136 ct
678 5080 771 5156 ny
800 5082 1059 5139 demeura
1094 5101 1194 5157 pas
1224 5083 1581 5157 longuement
1616 5081 1749 5154 quil
1786 5087 2006 5138 mourut
2043 5100 2111 5138 en
2149 5081 2292 5156 l'age
2331 5081 2400 5138 de
2447 5079 2628 5152 vingt·
2605 5079 2752 5136 -huit
2778 5097 2880 5136 ans

271 5159 429 5213 autaut
458 5171 508 5220 et
543 5168 659 5239 plus
696 5176 793 5227 use
828 5177 885 5228 et
920 5177 1153 5229 extenue
1196 5176 1229 5229 a
1275 5191 1439 5229 cause
1484 5171 1695 5229 desdits
1744 5175 1906 5228 exces
1953 5189 2060 5245 que
2109 5171 2277 5227 sen-iot
2315 5187 2388 5225 un
2429 5185 2774 5243 personnage
2813 5170 2880 5226 de

272 5241 483 5308 soixante
505 5273 617 5319 aas
634 5265 779 5320 »Vie
806 5264 884 5320 du
912 5264 1223 5320 connatabtc
1251 5263 1317 5319 de
1342 5263 1595 5320 Bourbon
1618 5261 1914 5332 (ΡαηιΙιέοη
1935 5262 2106 5318 litter.
2117 5261 2278 5334 ,.pub
2295 5278 2350 5335 p.
2377 5259 2648 5328 Bur-hon)
2672 5275 2728 5331 P·
2753 5259 2876 5316 127-
