3625 6059
270 564 459 628 [Avril
482 565 625 627 1498]
957 564 1209 622 RERUM
1257 564 1713 624 URBANARUM
1760 565 2286 629 COMMENTARII.
2852 576 2960 632 455

280 717 501 794 novis
534 717 603 790 in
642 719 994 816 capellam
1026 721 1102 794 in
1136 719 1309 795 sede
1340 745 1472 794 sua
1498 727 1826 818 portatus
1857 728 1956 813 et,
1991 724 2364 800 matutinis
2401 724 2650 817 finitis,
2689 725 2856 800 illuc
2885 727 2958 802 in

282 845 551 919 eadem
582 844 754 919 sede
786 851 1191 943 reportatus
1233 871 1247 918 ε
1286 845 1532 919 omnia
1561 845 1935 921 observata
1975 855 2144 922 sunt
2171 867 2376 924 more
2407 849 2648 925 solit0.

384 971 605 1044 Feria
646 978 851 1044 sexta
896 971 1725 1068 majorishebdomade,
1776 978 1862 1046 13
1910 971 2079 1047 dicti
2124 975 2396 1050 mensis
2440 975 2714 1074 apriliS,
2767 977 2962 1050 circa

280 1097 551 1170 horam
582 1096 1079 1186 tredecimam,
1124 1097 1495 1193 inceptum
1520 1095 1659 1170 fuit
1688 1097 2012 1172 officium
2047 1099 2125 1173 in
2163 1101 2442 1198 capella
2483 1102 2763 1199 majore
2794 1125 2960 1200 pre-

281 1219 509 1312 dicta,
548 1220 767 1319 'quod
815 1225 1064 1294 RmuS.
1122 1223 1208 1294 D.
1262 1220 1645 1295 cardinalis
1700 1247 1759 1296 s.
1814 1222 2205 1299 Clementis
2249 1225 2638 1301 celebravit
2692 1251 2709 1301 :
2763 1231 2962 1324 Papa

278 1345 481 1418 venit
514 1343 608 1418 ad
638 1345 1017 1441 capellam,
1062 1345 1135 1418 in
1177 1368 1403 1444 cappa
1434 1352 1508 1420 et
1534 1346 1746 1421 mitra
1775 1354 2096 1445 paratuS‚
2134 1349 2211 1423 in
2245 1351 2415 1426 sede
2459 1375 2614 1426 sua.
2666 1352 2954 1426 Passio-

280 1494 455 1546 nem
519 1472 833 1545 cantavit
890 1470 1235 1545 diaconus
1292 1470 1568 1568 capelle
1628 1471 1763 1545 sub
1817 1495 1997 1547 voce
2053 1475 2519 1572 evangeliste,
2585 1477 2958 1574 Remigius

283 1601 552 1671 cantor
596 1597 727 1669 sub
778 1620 953 1670 voce
1004 1596 1209 1694 judei
1262 1602 1333 1670 et
1385 1595 1864 1671 subdiaconus
1919 1597 2194 1695 capelle
2249 1601 2382 1676 sub
2431 1624 2610 1676 voce
2666 1601 2953 1676 Christi.

286 1725 731 1798 Sermonem
762 1721 936 1796 fecit
972 1721 1191 1795 frater
1228 1720 1591 1796 Marianus
1632 1723 1722 1796 de
1764 1726 2261 1816 Gennazzano,
2296 1725 2655 1824 generalis
2686 1725 2958 1800 ordinis

286 1873 342 1923 s,
390 1849 788 1948 Augustini
824 1847 1374 1924 heremitarum.
1426 1849 1813 1924 Celebrans
1853 1873 2004 1924 non
2031 1852 2222 1926 venit
2254 1852 2344 1927 ad
2387 1874 2679 1950 parvam
2719 1851 2964 1950 capel-

283 1977 431 2050 lam
475 1999 617 2074 pro
662 1985 1116 2050 sacramento
1162 1999 1327 2050 cum
1368 1974 1739 2072 pontifice,
1786 1978 1915 2050 sed
1946 1977 2211 2052 mansit
2251 1977 2329 2051 in
2367 1978 2767 2053 faldistorio
2799 2001 2958 2070 suo,

286 2102 357 2175 in
388 2100 675 2200 capella
704 2125 857 2192 sua,
892 2101 1038 2175 illic
1070 2106 1460 2199 expectans
1496 2124 1511 2172 :
1549 2103 1743 2198 Papa
1766 2101 1980 2177 rediit
2002 2103 2095 2176 ad
2124 2124 2448 2177 cameras
2481 2127 2646 2179 suas
2679 2103 2751 2176 in
2788 2103 2962 2178 sede

288 2252 417 2301 sua
443 2235 811 2327 portatus;
845 2229 1297 2304 offertorium
1334 2227 1662 2302 ascendit
1700 2226 1792 2302 ad
1814 2228 2216 2326 nonaginta
2252 2228 2551 2304 ducatos
2588 2228 2700 2302 vel
2739 2229 2959 2304 circa.

291 2352 522 2426 Habui
555 2354 633 2426 in
674 2358 957 2449 partem
986 2377 1227 2428 meam
1270 2353 1568 2427 ducatos
1608 2351 1764 2426 auri
1803 2352 1896 2428 de
1941 2375 2232 2428 camera
2260 2353 2335 2426 in
2365 2376 2542 2428 auro
2577 2353 2958 2444 tredecim,

294 2481 631 2554 carlenos
662 2479 873 2570 dUOS‚
909 2504 1037 2554 seu
1069 2480 1357 2555 illorum
1392 2480 1741 2553 valorem.

388 2611 543 2682 Hoc
596 2628 839 2696 mane,
894 2609 1090 2704 Papa
1134 2607 1210 2679 in
1258 2604 1537 2702 capella
1582 2603 1967 2697 existente,
2013 2610 2369 2681 venerunt
2411 2626 2592 2680 nove
2646 2603 2840 2700 quod
2890 2602 2964 2677 in

294 2739 501 2808 nocte
548 2731 903 2831 preterita
946 2731 1183 2806 Ursini
1231 2730 1645 2806 habuerunt
1688 2731 2106 2806 conflictum
2137 2731 2321 2830 qum
2365 2729 2966 2804 Columnensibus

293 2881 511 2957 prope
556 2862 859 2935 Formas
903 2856 1341 2948 TiburtinaS,
1392 2863 1466 2933 et
1507 2859 1703 2954 quod
1744 2857 2283 2934 succubuerunt
2323 2856 2560 2931 Ursini
2601 2863 2675 2931 et
2713 2861 2966 2952 captus

298 2983 426 3059 fuit
454 2982 755 3057 Carolus
786 2982 1115 3074 Ursinus,
1146 2987 1219 3056 et
1251 2981 1394 3054 alia
1420 2982 1671 3056 multa.

390 3112 545 3183 Hoc
599 3131 789 3199 set-0,
826 3107 1175 3182 matutine
1218 3107 1508 3204 incepte
1548 3107 1840 3182 fuerunt
1881 3107 2076 3182 circa
2113 3105 2619 3183 duodecimam
2651 3107 2906 3182 horam
2943 3130 2960 3179 :

302 3241 623 3332 portatus
665 3233 798 3306 fuit
837 3235 1033 3330 Papa
1062 3234 1151 3307 ad
1184 3232 1534 3331 capellam
1575 3231 1649 3306 in
1695 3232 1866 3310 sede
1911 3258 2039 3308 sua
2079 3239 2151 3308 et
2194 3233 2268 3306 in
2305 3237 2549 3306 manto
2594 3239 2694 3322 et,
2729 3237 2964 3305 matu-

304 3360 461 3434 tinis
488 3359 744 3450 finitis,
782 3359 875 3433 ad
910 3381 1237 3434 cameras
1274 3382 1495 3433 novas
1530 3357 1605 3431 in
1636 3358 1896 3435 eadem
1928 3359 2101 3435 sede
2134 3364 2540 3456 reportatus
2572 3357 2662 3434 de
2705 3356 2965 3455 quibus

305 3487 492 3581 prius
522 3491 827 3560 venerat
860 3509 877 3560 :
908 3484 985 3558 in
1018 3484 1393 3559 matutinis
1421 3483 1844 3582 hujusmodi
1876 3485 2121 3562 omnia
2150 3489 2526 3564 observata
2565 3492 2730 3561 sunt
2760 3507 2964 3560 more

310 3612 533 3686 solite.

400 3738 715 3812 Sabbato
770 3741 1047 3828 sancto,
1110 3743 1197 3811 14
1254 3736 1424 3814 dicti
1484 3739 1757 3813 mensis
1806 3739 2088 3835 apriliS,
2138 3744 2388 3813 Rmus.
2447 3742 2531 3812 D.
2583 3737 2966 3812 cardinalis

307 3887 361 3935 s.
396 3863 645 3936 Crucis
692 3861 1081 3936 celebravit
1120 3863 1443 3938 officium
1476 3864 1672 3961 quod
1708 3863 2081 3961 inceptum
2117 3863 2251 3939 suit
2288 3865 2484 3938 circa
2525 3864 2782 3938 horam
2821 3871 2967 3939 tre-

310 3989 658 4062 decimam
696 3987 774 4060 in
805 3988 1081 4085 capella
1110 3989 1412 4086 majore,
1449 3992 1642 4087 Papa
1678 3996 2046 4087 presente.
2084 3995 2168 4065 D.
2207 3991 2644 4081 Bonisacius,
2683 3990 2970 4064 subdia-

312 4135 523 4186 conus
577 4113 1575 4216 apostolicusQannunciavit
1621 4117 1813 4212 Pape
1859 4114 2212 4208 Alleluia,
2262 4117 2456 4214 quod
2498 4121 2693 4213 Papa
2739 4115 2968 4189 noluit

318 4237 661 4329 intonare,
698 4239 828 4312 sed
866 4239 1235 4314 commisit
1270 4239 1692 4333 celebranti,
1728 4239 1848 4335 qui
1886 4239 1959 4313 id
1993 4241 2262 4338 optime
2289 4240 2457 4316 fecit
2491 4265 2506 4315 :
2545 4240 2792 4314 omnia
2830 4240 2970 4314 alia

322 4371 475 4438 sunt
503 4372 667 4440 acta
694 4387 898 4439 more
926 4366 1163 4440 solite.
2661 4379 2670 4388 ’

409 4493 621 4566 Festo
649 4491 923 4588 pasche
953 4491 1504 4565 resurrectionis
1536 4495 1623 4565 D.
1652 4495 1737 4565 N.
1768 4493 1941 4564 Jesu
1967 4488 2256 4581 Christi,
2283 4489 2480 4587 quod
2507 4490 2640 4564 fuit
2676 4496 2760 4564 15
2795 4489 2962 4564 dicti

324 4615 577 4688 mensis
608 4614 877 4711 apriliS,
916 4617 1041 4688 SS.
1080 4618 1167 4689 D.
1200 4622 1473 4708 noster,
1510 4624 1797 4715 paratus
1830 4638 2033 4691 more
2074 4615 2285 4689 solito
2317 4615 2391 4687 in
2420 4639 2710 4690 camera
2745 4639 2971 4713 papa-

327 4739 503 4833 galli,
540 4738 909 4813 descendit
941 4738 1034 4812 ad
1060 4739 1433 4816 basilicam
1464 4767 1523 4816 S.
1561 4742 1754 4818 Petri
1787 4741 1908 4816 ubi
1950 4739 2335 4816 celebravit
2374 4741 2672 4816 missam
2703 4742 2971 4817 solem-

324 4883 478 4936 nem
526 4871 597 4940 et
642 4865 1202 4941 communicavit
1230 4865 1617 4965 populum,
1655 4890 1860 4942 more
1901 4866 2138 4940 solito.
2175 4869 2428 4940 Rmus.
2465 4870 2554 4941 D.
2590 4866 2972 4941 cardinalis

330 4987 824 5085 Neapolitanus
875 4989 1003 5063 suit
1052 4991 1425 5084 assistenS,
1474 4997 1723 5066 RmuS.
1776 4996 1863 5066 D.
1915 4991 2296 5066 cardinalis
2341 5017 2400 5065 s.
2459 4992 2747 5089 Georgii
2796 4992 2973 5066 dixit

332 5115 766 5210 evangelium
806 5139 1100 5214 grecum
1148 5123 1221 5200 et
1262 5118 1673 5193 Demetrius
1716 5117 2100 5215 epistolam
2141 5139 2433 5214 grecam
2471 5143 2486 5189 ε
2524 5138 2779 5190 omnes
2818 5115 2972 5190 dia-

332 5237 481 5309 coni
512 5241 911 5317 cardinales
949 5245 1464 5320 communicati
1503 5251 1671 5318 sunt
1700 5245 1789 5318 de
1823 5243 2154 5318 manibus
2184 5245 2403 5342 Pape.
2444 5246 2612 5316 Post
2643 5263 2973 5317 commu-
