3625 6059
204 546 343 611 [Arrii
366 542 493 609 1495]
820 540 1075 600 RERUM
1122 540 1575 601 URBANARUM
1622 541 2148 603 COMMENTARII.
2717 551 2816 609 251

200 701 367 776 ribus
386 708 453 775 et
470 700 845 797 capitaneo
872 695 1200 771 custodie
1244 697 1482 794 palatii
1519 701 1739 795 Pape,
1784 722 1916 797 pro
1955 699 2213 795 quibus
2244 700 2804 777 satisfecerunt:

200 825 347 899 duas
394 824 661 922 palmas
715 826 903 920 Pape
963 830 1353 898 tenuerunt
1406 828 1699 899 senator
1753 848 1796 897 a
1840 823 2109 917 dextris
2160 832 2236 899 et
2279 826 2555 923 primus
2627 850 2808 903 con-

156 1030 161 1037 ,
202 959 479 1025 servator
504 952 945 1028 cancellarie
964 952 1176 1027 Urbis
1215 974 1260 1025 a
1287 950 1618 1025 sinistriS.
1658 953 1939 1049 Aquam
1967 974 2101 1049 pro
2143 951 2416 1029 lotione
2459 978 2810 1031 manuum

198 1080 357 1174 Pape
393 1083 551 1175 post
597 1076 1179 1167 distributionem
1232 1077 1664 1174 palmarum,
1706 1076 2136 1150 ministravit
2185 1080 2270 1153 D.
2323 1079 2812 1179 Hieronymus

199 1202 532 1299 GeorgiuS,
562 1209 811 1278 orator
838 1203 1138 1278 dominii
1170 1207 1618 1280 Venetorum
1652 1227 1668 1275 ε
1706 1202 1890 1276 datis
1921 1201 2180 1299 palmis
2222 1203 2555 1277 omnibus
2583 1205 2817 1281 cardi-

196 1328 461 1416 nalibus,
489 1330 1043 1403 Beneventanus
1074 1327 1571 1403 celebraturus
1604 1326 1902 1400 missam
1933 1325 2299 1423 publicam
2328 1325 2403 1401 in
2427 1316 2726 1405 basilica
2748 1356 2809 1406 S.

196 1454 377 1543 Petri,
409 1453 705 1529 dimisso
733 1455 897 1529 loco
928 1478 1060 1529 suo
1092 1462 1166 1529 et
1190 1453 1511 1550 capsula,
1556 1452 1834 1551 accepit
1868 1475 2173 1551 cappam
2206 1459 2279 1526 et
2309 1451 2684 1527 descendit
2723 1455 2816 1529 ad

194 1578 418 1653 dictam
446 1579 849 1671 basilicam,
884 1580 1152 1656 ibidem
1182 1585 1611 1678 paramenta
1632 1576 2079 1677 pontificalia
2105 1586 2554 1678 recepturus

274 1706 483 1779 Finita
511 1704 1049 1797 distributione,
1084 1709 1279 1803 Papa
1300 1706 1496 1780 venit
1526 1703 2160 1802 processionaliter
2189 1702 2282 1776 ad
2301 1701 2546 1777 locum
2575 1728 2813 1797 suum,

200 1825 292 1899 ubi
315 1825 565 1924 populo
604 1826 889 1925 palmas
928 1826 1077 1903 sive
1115 1826 1521 1926 palmarum
1565 1828 1806 1901 ramos
1844 1832 2001 1901 erat
2019 1831 2518 1923 porrecturus3
2562 1826 2693 1901 sed
2719 1827 2818 1900 ibi

198 1974 309 2023 nou
355 1958 500 2027 erat
545 1953 772 2027 etiam
830 1977 1019 2029 unus
1069 1952 1267 2027 solus
1309 1954 1429 2050 qui
1472 1952 1751 2051 palmas
1794 1956 2240 2050 expectaret.
2297 1951 2565 2025 Palmis
2601 1952 2822 2049 igitur

198 2098 311 2151 non
337 2078 705 2177 proJectiS,
734 2077 1113 2154 descendit
1138 2078 1230 2153 ad
1246 2078 1509 2153 dictam
1538 2076 1912 2152 basilicam
1933 2084 2008 2151 et
2027 2100 2255 2174 usque
2273 2079 2364 2152 ad
2380 2078 2570 2153 illius
2591 2079 2816 2155 altare

198 2202 389 2300 majus
414 2204 1051 2301 processionaliter
1092 2204 1226 2278 sub
1273 2202 1732 2294 baldachino,
1770 2208 1966 2301 Papa
2018 2209 2406 2301 autequam
2454 2204 2684 2281 exiret
2731 2206 2822 2281 ad

197 2327 393 2403 locum
417 2330 529 2405 uhi
558 2332 847 2429 palmas
888 2330 1155 2429 populo
1186 2330 1545 2427 projicere
1577 2329 1817 2419 voluit,
1855 2328 2150 2406 dimisso
2180 2329 2467 2426 pluviali
2499 2330 2804 2429 simplici

200 2460 255 2525 et
276 2456 463 2531 mitra
488 2456 706 2531 solita
731 2455 1083 2547 indebite,
1136 2478 1227 2531 ex
1270 2455 1481 2530 solita
1530 2476 1799 2553 pompa
1837 2478 1968 2529 sua
2005 2456 2284 2553 accepit
2311 2454 2617 2554 pluviale
2648 2480 2820 2555 pre-

202 2578 431 2655 ciosum
454 2604 618 2655 cum
649 2580 875 2680 perlis
917 2581 1167 2679 viginti
1210 2581 1557 2677 quinque,
1594 2580 1683 2653 de
1713 2581 2062 2655 bruccato
2093 2581 2433 2657 vellutato
2465 2581 2812 2687 violaceo,

204 2710 257 2777 et
280 2706 539 2781 mitram
579 2706 997 2805 preciosam
1048 2730 1217 2781 cum
1259 2707 1505 2804 perlis,
1561 2706 1824 2803 quibus
1859 2706 1932 2779 in
1975 2707 2443 2805 processione
2486 2715 2559 2781 et
2598 2706 2820 2782 missa

202 2852 337 2905 usus
364 2840 489 2907 est.
543 2834 881 2909 Ordinavi
931 2833 1129 2929 quod
1171 2832 1539 2931 processio
1590 2857 1680 2907 ex
1732 2832 2012 2929 capella
2039 2833 2365 2924 venienS,
2404 2856 2536 2907 suo
2569 2832 2820 2909 ordine

202 2954 608 3031 continuaret
631 2981 887 3033 versus
917 2956 1289 3031 basilicam
1317 2958 1717 3055 predictam
1753 2959 1854 3033 ita
1886 2959 2105 3055 quod,
2141 2958 2455 3057 demptis
2485 2959 2820 3035 cardina-

202 3076 350 3153 libus
367 3104 521 3157 cum
554 3086 777 3181 Papa,
819 3083 1099 3181 palmas
1136 3084 1529 3181 projiceret
1575 3083 1650 3155 in
1696 3082 1862 3158 aula
1885 3084 2128 3158 nullus
2162 3093 2573 3159 remaneret
2601 3083 2711 3159 vel
2741 3109 2819 3158 se

202 3200 501 3295 firmaret,
534 3213 757 3306 prout
786 3208 1062 3283 factum
1096 3217 1204 3285 est
1245 3234 1261 3282 ε
1300 3215 1467 3283 ante
1497 3214 1785 3307 portam
1817 3207 2132 3283 mediam
2163 3208 2461 3284 basilice
2491 3208 2816 3308 predicte

203 3336 515 3407 cantatum
540 3333 679 3407 fuit
714 3332 981 3426 Gloria,
1019 3332 1243 3407 Laus.
1280 3333 1592 3410 Basilica
1618 3334 1945 3432 predicta
1985 3340 2237 3431 parata
2264 3334 2396 3409 fuit
2435 3344 2504 3411 et
2535 3336 2822 3411 tribuna

202 3474 333 3527 cum
375 3460 623 3553 pannis
668 3460 1021 3550 broccati,
1086 3466 1160 3535 et
1224 3482 1479 3535 omnes
1534 3460 1911 3558 lampades
1959 3459 2149 3536 dicte
2197 3460 2496 3537 basilice
2541 3460 2634 3535 ad
2678 3462 2820 3537 hoc

202 3584 549 3678 composite
580 3608 922 3677 accense,
976 3591 1190 3683 prout
1242 3587 1316 3659 in
1367 3586 1551 3660 festo
1603 3588 1879 3661 Pasche
1931 3586 2087 3661 fieri
2130 3585 2528 3678 consuevit,
2569 3592 2642 3661 et
2664 3587 2821 3687 aliis

202 3703 665 3805 principalibus
716 3710 887 3783 anni
943 3709 1471 3786 festivitatibus
1522 3714 1611 3785 D.
1664 3711 1983 3809 Raphael
2033 3710 2122 3785 de
2173 3714 2414 3803 Mena,
2471 3711 2818 3787 diaconus

204 3830 456 3924 capelle,
532 3835 849 3909 cantavit
916 3859 1085 3909 cum
1144 3835 1428 3909 duobus
1482 3835 1902 3909 cantoribus
1960 3835 2370 3933 passionem
2444 3834 2578 3909 sub
2644 3858 2819 3911 voce

204 3952 416 4030 Christi
450 3986 463 4032 :
498 3965 845 4057 pervento
862 3961 955 4035 ad
970 3968 1250 4059 partem
1272 3983 1412 4058 que
1438 3960 1513 4034 in
1536 3966 1705 4035 tono
1724 3960 2075 4058 evangelii
2095 3960 2362 4057 legitur
2387 3960 2811 4057 genuflexus

206 4085 461 4157 estante
483 4084 735 4176 altare,
770 4086 946 4159 dixit
968 4086 1277 4175 Munda,
1313 4093 1486 4175 etc.,
1522 4093 1598 4160 et
1625 4086 1896 4181 absque
1929 4108 2018 4160 eo
2049 4086 2242 4183 quod
2271 4107 2522 4160 verum
2552 4084 2816 4183 pedem

206 4204 354 4300 Pape
397 4209 958 4301 deoscularetur,
1003 4236 1169 4286 cum
1225 4219 1389 4286 ante
1426 4212 1846 4310 passionem
1887 4233 2057 4285 eum
2097 4210 2560 4285 deosculatus
2591 4215 2814 4299 esset,

204 4325 658 4411 benedictione
698 4339 949 4414 habita
995 4344 1069 4413 et
1112 4338 1488 4412 incensato
1531 4336 1745 4425 libro,
1795 4336 1972 4411 dixit
2017 4336 2236 4411 etiam
2286 4333 2484 4409 illam
2528 4340 2817 4434 partem

206 4474 367 4531 more
392 4460 626 4535 solito,
652 4464 886 4539 Induti
937 4465 1229 4538 fuerunt
1264 4486 1517 4538 omnes
1560 4462 2008 4561 paramentis
2045 4461 2384 4535 violaceis
2414 4460 2810 4537 consuetis,

279 4584 488 4662 Finita
532 4590 781 4681 missa,
831 4590 1216 4688 episcopus
1256 4588 1840 4677 concordiensis,
1892 4591 1983 4663 D.
2045 4587 2429 4662 Leonellus
2473 4586 2816 4661 assistens

210 4700 383 4799 Papo,
414 4708 699 4805 pluviali
722 4709 1043 4785 violaceo
1072 4714 1387 4807 paratus,
1426 4710 1712 4785 mitram
1747 4712 2151 4810 simplicem
2181 4710 2258 4785 in
2287 4711 2618 4785 manibus
2637 4734 2814 4809 por-

212 4828 357 4922 tanS,
378 4834 703 4908 ‘ascendit
734 4836 823 4909 ad
856 4838 1149 4934 Papam,
1183 4835 1387 4931 cujus
1417 4856 1610 4932 genu
1650 4836 2005 4927 osculatO,
2043 4859 2189 4910 non
2219 4836 2445 4934 petita
2469 4834 2816 4912 benedic-

212 4948 386 5043 tione,
416 4960 615 5055 petiit
642 4959 1123 5059 indulgentias
1154 4984 1331 5058 quas
1353 4964 1547 5057 Papa
1573 4959 1933 5057 plenarias
1965 4961 2354 5053 concessit,
2387 4967 2459 5037 et
2484 4961 2815 5035 ascendit

216 5074 534 5173 pulpitum.
562 5084 857 5159 interim
878 5084 1262 5160 cardinalis
1281 5087 1858 5176 BeneventanuS,
1881 5086 2194 5161 dimissis
2227 5084 2449 5163 sacris
2464 5087 2780 5161 vestibus
2793 5144 2809 5177 ,

214 5213 603 5305 reassumpta
650 5231 901 5308 cappa,
949 5211 1136 5285 sedit
1180 5211 1251 5283 in
1294 5210 1638 5311 locosssuo
1685 5210 1876 5284 inter
1915 5212 2094 5285 alios
2143 5213 2572 5290 cardinaleS.
2608 5215 2808 5305 Tunc
