3625 6059
298 535 441 603 [avril
468 537 609 597 149⁴]
956 535 1211 592 RERUM
1256 533 1711 592 URBANARUM
1756 533 2282 594 COMMENTARH.
2853 543 2950 597 111

285 690 524 765 nientia
560 688 1086 787 interrogante,
1130 697 1205 764 et
1240 690 1529 765 dicente
1560 691 1756 786 quod
1790 713 1958 764 cum
1991 690 2226 786 primo
2272 713 2463 762 anno
2495 688 2566 762 in
2603 690 2949 788 Hispania

286 791 535 910 legatus
584 811 677 886 de
719 810 947 884 latere
989 812 1269 902 suisset,
1313 819 1459 886 tres
1498 812 1878 911 episcopos
1918 813 1992 885 in
2037 813 2276 886 missis
2317 837 2449 909 per
2493 840 2661 890 eum
2693 818 2954 893 solem-

282 939 450 1011 niter
488 935 701 1010 dictis
756 936 890 1009 sibi
936 936 1413 1026 ministrasse,
1468 960 1775 1033 quorum
1827 961 2014 1010 unus
2065 938 2153 1010 de
2203 937 2422 1029 libro,
2481 948 2556 1015 ut
2605 944 2947 1018 assistens

280 1063 395 1135 sibi
435 1061 817 1148 serviebat,
870 1061 1050 1134 alter
1094 1061 1577 1158 evangelium,
1650 1062 1908 1136 tertius
1957 1063 2338 1160 epistolam
2387 1065 2674 1140 dicebat
2725 1093 2739 1140 :
2791 1093 2947 1142 res-

274 1187 471 1286 pondi
510 1188 887 1262 Sanctitati
932 1211 1059 1260 sue
1101 1186 1175 1261 id
1202 1185 1405 1260 valde
1445 1186 1964 1260 inconveniens
2007 1187 2224 1260 fuisse
2270 1190 2467 1284 quod
2503 1191 2760 1287 prelati
2793 1217 2948 1268 ser-

276 1315 511 1404 virent,
556 1336 724 1385 cum
757 1312 974 1386 etiam
1003 1316 1193 1407 Pape
1229 1311 1406 1385 tales
1440 1333 1585 1384 non
1618 1310 2056 1397 ministrent,
2091 1337 2326 1410 neque
2358 1318 2790 1416 presbyteri,
2825 1321 2952 1394 sed

272 1438 605 1512 diaconus
636 1446 709 1512 et
738 1436 1227 1511 subdiaconus
1271 1442 1574 1525 tantum,
1612 1443 1687 1509 et
1716 1420 2102 1535 episcopus
2133 1463 2262 1536 pro
2303 1442 2714 1534 assistente,
2755 1446 2945 1519 unde

266 1564 490 1660 legato
556 1585 1015 1658 nequaquam
1085 1561 1402 1658 prelatos
1468 1560 1599 1634 sed
1664 1561 1846 1635 alios
1915 1563 2283 1659 digniores
2349 1569 2814 1666 presbyteros
2874 1573 2948 1644 in

266 1687 721 1785 dignitatibus
776 1685 1236 1772 inferioribus
1313 1686 1743 1760 constitutos
1790 1693 1914 1761 aut
1963 1689 2352 1763 canonicos
2396 1695 2950 1790 metropolitane

266 1815 363 1888 vel
392 1811 835 1888 cathedralis
874 1810 1182 1887 ecclesie
1216 1811 1625 1886 ministrare
1659 1821 1731 1885 et
1760 1812 2102 1888 assistere
2133 1814 2428 1890 debere.

360 1940 522 2025 Quis
568 1947 927 2036 patronus
967 1937 1058 2010 sit
1102 1936 1411 2010 ecclesie
1455 1943 1755 2033 propter
1800 1937 2272 2033 antiphonam
2315 1948 2389 2014 et
2432 1943 2832 2018 orationem
2875 1947 2949 2020 in

267 2065 411 2161 ipsa
436 2063 785 2154 ecclesia,
819 2063 1063 2160 legato
1096 2069 1421 2158 recepto,
1460 2060 1832 2134 dicendas,

353 2189 769 2287 Responsio
809 2212 825 2261 ε
871 2193 1163 2260 sanctus
1189 2191 1224 2260 J
1234 2187 1576 2260 aunarius
1606 2187 1992 2283 episcopus
2024 2195 2095 2260 et
2125 2196 2422 2288 martyr.

350 2319 759 2412 Deputetur
786 2312 1133 2410 prelatuS,
1169 2312 1289 2407 qui
1322 2313 1394 2384 in
1445 2311 1562 2383 die
1593 2311 2085 2384 coronationis
2117 2337 2364 2409 regem
2407 2316 2734 2390 incenset
2778 2323 2850 2389 et
2882 2316 2948 2388 ei

260 2463 499 2534 pacem
532 2439 933 2511 ministret.

352 2537 771 2660 Responsio
808 2587 824 2635 ε
862 2566 946 2634 R.
984 2565 1075 2634 D.
1121 2559 1503 2658 episcopus
1532 2561 2074 2658 Neapolitanus.

350 2690 538 2772 Quot
570 2686 808 2783 etqui
840 2685 1091 2784 prelati
1124 2685 1267 2760 sint
1306 2684 1628 2758 mansuri
1660 2686 1849 2782 apud
1885 2709 2133 2784 regem
2162 2689 2374 2762 etiam
2405 2690 2477 2762 in
2509 2688 2854 2780 thalamO,
2882 2695 2952 2762 et

256 2812 364 2906 qui
396 2813 517 2886 alii
542 2811 866 2886 nobiles,

340 2938 808 3036 Responsio:
860 2937 1241 3035 episcopus
1281 2937 1720 3034 TropiensiS,
1767 2943 1840 3010 et
1881 2938 2104 3010 frater
2129 2936 2502 3010 lohannes
2544 2938 2635 3011 de
2675 2937 2947 3011 Medio-

250 3063 407 3136 lano
462 3065 754 3138 ordinis
796 3063 1063 3136 montis
1125 3063 1381 3137 Oliveti
1436 3061 1788 3159 capellani
1837 3063 2152 3159 majores
2193 3061 2386 3158 regis
2432 3072 2505 3136 et
2553 3086 2809 3137 omnes
2854 3063 2943 3138 de

248 3193 613 3286 sanguine
658 3189 857 3285 regis
888 3195 1097 3262 erunt
1126 3211 1294 3261 cum
1322 3210 1411 3260 eo
1442 3187 1516 3259 in
1547 3186 1889 3278 thalamo,
1926 3211 2070 3260 non
2105 3187 2254 3261 alii.
2300 3239 2312 3260 .

342 3319 819 3413 Deputentur
848 3313 968 3408 qui
1000 3308 1327 3386 deserant
1356 3335 1633 3385 ensem.

344 3439 767 3538 Responsio
803 3463 818 3510 ε
866 3442 951 3510 D.
990 3441 1258 3511 Hector
1292 3437 1574 3511 Caraffa
1600 3436 2046 3510 camerarius
2081 3436 2318 3532 major
2353 3438 2568 3544 regis.

348 3567 488 3652 Qui
518 3587 911 3638 coronam.

346 3691 775 3791 Responsio
807 3712 823 3762 ε
856 3691 1018 3760 Don
1044 3686 1408 3761 soffredus
1442 3688 1727 3785 Boi-gia.

342 3819 479 3904 Qui
516 3821 933 3913 sceptrum.

334 3938 767 4038 Responsio
802 3961 817 4010 ε
857 3938 943 4009 D.
979 3934 1279 4008 Gentilis
1309 3933 1678 4031 Virginius
1712 3937 2040 4012 Ursinus,

332 4068 469 4153 Qui
500 4085 851 4163 pomum.

330 4187 767 4288 Responsio
803 4211 819 4259 :
858 4189 1018 4258 Don
1053 4184 1407 4259 Henricus
1443 4184 1532 4260 de
1563 4187 1955 4282 Aragonia.

332 4312 827 4408 Ollssertorium
858 4333 988 4407 pro
1028 4331 1201 4404 rege
1241 4309 1619 4383 ordinetur
1650 4333 1783 4406 pro
1813 4312 1932 4386 die
1967 4315 2460 4388 coronationis
2494 4323 2568 4391 et
2605 4319 2726 4414 qui
2763 4319 2939 4392 illud

242 4442 371 4517 sibi
400 4466 655 4542 prope
692 4439 919 4514 altare
949 4436 1298 4534 porrigat.

331 4565 768 4668 Responsio
814 4590 832 4638 ε
882 4563 1207 4638 ordinato
1253 4570 1419 4638 sunt
1456 4564 1844 4638 duodecim
1890 4563 2200 4640 medalie
2241 4587 2443 4657 aure,
2486 4589 2664 4662 quas
2693 4568 2800 4642 Ill.
2842 4573 2926 4643 D.

240 4695 666 4769 Fridericus
700 4688 835 4763 sibi
865 4684 1325 4760 ministrabit.

326 4817 821 4896 Credentiam
862 4814 935 4886 in
971 4811 1285 4886 ecclesia
1315 4837 1449 4911 pro
1472 4813 1847 4889 cardinale
1880 4810 2334 4887 celebraturo
2367 4813 2425 4886 si
2459 4838 2546 4889 ex
2576 4819 2936 4914 regalibus

236 4947 413 5020 vasis
440 4967 627 5022 eam
664 4939 891 5013 velint
920 4961 1209 5011 ornare.

328 5065 769 5170 Responsio
815 5090 831 5138 :
887 5064 1079 5161 quod
1125 5063 1409 5161 legatus
1458 5086 1621 5138 eam
1669 5083 1927 5160 parare
1972 5060 2189 5136 saciat
2228 5085 2362 5136 suo
2406 5086 2612 5140 more
2651 5069 2821 5164 quia
2867 5077 2939 5144 et

239 5197 351 5271 alii
380 5195 619 5294 legati
662 5191 777 5264 sic
802 5189 1041 5264 facere
1068 5193 1625 5265 consueverunt.
