3625 6059
228 531 563 595 [Novembre
597 531 737 592 1419‘1]
907 528 1163 589 RERUM
1210 529 1665 590 URBANARUM
1710 531 2232 590 COMMENTARH.
2804 541 2906 596 4113

322 687 525 763 Jovis
589 684 993 782 sequentis,
1051 683 1185 758 fuit
1236 685 1836 761 commemoratio
1892 685 2214 762 fidelium
2277 683 2779 762 defunctorum
2835 697 2908 766 et

228 813 451 887 missa
481 810 776 910 publica
802 809 875 884 in
902 809 1093 884 dicta
1122 811 1425 908 capella,
1458 834 1677 908 quam
1702 811 2092 886 celebravit
2117 816 2368 885 RmuS.
2399 815 2486 883 D.
2517 811 2904 887 cardinalis

228 965 285 1012 s.
314 936 681 1036 Dionysii,
719 940 913 1034 Papa
940 939 1309 1035 presente,
1347 937 1633 1034 pluviali
1665 937 1891 1012 rubeo
1923 943 2198 1034 parato,
2235 935 2456 1032 quiin
2483 936 2634 1011 fine
2663 939 2906 1014 absol-

226 1066 317 1138 vit
354 1088 369 1135 :
406 1063 559 1136 alia
588 1069 755 1136 sunt
788 1067 948 1137 acta
974 1085 1178 1137 more
1212 1062 1450 1137 solito.
1484 1062 1990 1162 Superioribus
2021 1061 2303 1151 diebus»,
2337 1069 2690 1136 venerunt
2719 1073 2906 1139 nove'

228 1186 315 1260 ad
346 1185 627 1260 Urbem
660 1185 855 1283 quod
884 1185 1407 1261 illustrissimus
1444 1190 1529 1261 D.
1564 1185 1959 1278 Johannes‚
1995 1186 2332 1284 princeps
2375 1185 2902 1284 primogenitus

226 1312 413 1409 regis
454 1315 534 1386 et
567 1313 819 1409 regine
853 1311 1392 1409 Hispaniarum,
1428 1313 1502 1386 in
1534 1311 1882 1410 vigesimo
1923 1311 2132 1387 etatis
2173 1333 2300 1384 sue
2331 1332 2522 1383 anno
2553 1313 2902 1387 constitu-

229 1444 364 1528 tus,
395 1437 516 1512 die
552 1442 598 1510 4
641 1435 913 1512 mensis
946 1435 1265 1510 octobris
1294 1437 1623 1534 proxime
1652 1435 2001 1535 preteriti,
2038 1460 2124 1511 ex
2157 1440 2360 1534 peste
2407 1434 2598 1510 diem
2643 1438 2906 1512 clausit

233 1571 673 1654 extremum,
728 1560 1015 1636 duobus
1064 1559 1319 1635 diebus
1369 1561 1715 1634 duntaxat
1756 1557 2114 1634 infirmus.
2185 1559 2318 1634 Hic
2377 1561 2680 1636 maritus
2747 1570 2903 1639 erat

228 1685 715 1760 illustrissime
756 1690 843 1760 D.
892 1686 1309 1784 Margarite,
1350 1685 1493 1761 filie
1538 1684 1978 1762 serenissimi
2022 1684 2213 1782 regis
2243 1685 2710 1760 Maximiliani
2757 1693 2902 1764 Ro-

232 1835 615 1888 manorum
646 1813 841 1910 regis
874 1835 1117 1909 quam,
1156 1818 1233 1886 ut
1264 1811 1559 1909 Hispani
1592 1810 1956 1901 dicebant,
1983 1834 2026 1885 a
2054 1816 2365 1907 quatuor
2392 1813 2763 1889 mensibus
2793 1816 2898 1891 vel

230 1937 413 2011 circa
440 1937 981 2035 impregnatam
1018 1936 1315 2011 dimisit.

322 2062 955 2154 Eisdem'diebuS,
1006 2061 1527 2137 illustrissimus
1572 2062 1715 2136 dux
1769 2062 2098 2138 Ferraria
2152 2062 2463 2138 restituit
2515 2062 2896 2140 castellum

234 2192 445 2264 Janue
492 2188 989 2264 illustrissimo
1039 2194 1123 2265 D.
1176 2188 1536 2264 Ludovico
1584 2188 1751 2263 duci
1797 2189 2348 2281 Mediolanensi,
2397 2197 2471 2265 et
2511 2197 2898 2289 propterea

234 2313 529 2389 ecclesia
570 2314 1143 2390 Mediolanensis
1190 2337 1423 2413 nuper
1473 2314 1781 2413 pastoris
1825 2314 2082 2389 solatio
2127 2314 2495 2405 destituta,
2531 2315 2648 2391 die
2693 2317 2889 2409 lune,

244 2443 319 2513 ¹3
348 2441 765 2515 novembris
804 2441 897 2515 ad
932 2441 1345 2517 instantiam
1388 2445 1473 2514 D.
1510 2440 1713 2514 ducis
1742 2439 2331 2531 MediolanensiS,
2361 2440 2434 2513 in
2465 2441 2894 2516 consistorio

242 2575 530 2660 secret0,
565 2569 711 2643 fuit
748 2593 881 2668 per
920 2573 1049 2645 SS.
1092 2574 1176 2644 D.
1212 2575 1569 2661 nostrum,
1607 2569 1695 2644 de
1736 2572 2170 2642 RRmorum.
2213 2565 2686 2642 cardinalium
2715 2589 2894 2642 con-

246 2693 415 2788 silio,
448 2701 665 2772 Rmo.
702 2701 789 2772 D.
827 2695 1172 2774 cardinali
1202 2695 1514 2787 Estensi‚
1553 2693 1856 2794 predicti
1891 2693 2094 2768 ducis
2122 2693 2448 2769 Ferrarie
2479 2691 2654 2782 filio,
2689 2715 2894 2768 com-

245 2822 585 2898 meudata.

335 2949 531 3023 Feria
558 2947 801 3041 tertia,
834 2949 927 3023 28
948 2947 1393 3040 novembris,
1430 2969 1669 3039 mane,
1704 2951 1829 3022 SS.
1867 2950 1954 3021 D.
1987 2950 2237 3021 noster
2265 2943 2612 3042 equitavit
2634 2963 2886 3018 versus

249 3071 493 3147 Ostiam
543 3074 937 3149 tiberinam
986 3079 1057 3149 et
1102 3072 1649 3154 secumRRmi.
1700 3076 1853 3148 DD.
1904 3071 2296 3147 Perusinus
2341 3073 2416 3144 et
2459 3065 2886 3146 Valentinus

251 3196 623 3273 cardinales
658 3199 679 3271 ε’
712 3197 875 3272 duci
904 3195 1074 3272 fecit
1106 3198 1302 3273 circa
1331 3221 1409 3274 se
1449 3197 1741 3273 barcam
1772 3220 1905 3296 per
1941 3219 2168 3294 equos
2196 3195 2379 3270 duos
2417 3215 2600 3291 quos
2631 3192 2888 3267 decem

253 3319 448 3393 millia
486 3321 713 3420 guisis
762 3326 846 3395 R.
891 3324 970 3394 P.
1027 3326 1115 3394 D.
1165 3323 1525 3420 EgerduS,
1578 3318 1961 3420 episcopus
2011 3318 2512 3410 slesvicensis,
2567 3319 2754 3392 'unus
2797 3338 2887 3390 ex

252 3441 493 3520 domini
539 3449 728 3522 sacri
770 3446 1014 3546 palatii
1054 3447 1431 3546 apostolici
1474 3468 1858 3522 causarum
1901 3443 2344 3519 auditoribus
2386 3443 2890 3517 locumtenen·
3025 3436 3034 3444 ’

258 3564 416 3640 tibus
468 3573 609 3646 'una
664 3594 833 3646 cum
872 3569 1207 3645 familiari
1250 3594 1380 3644 suo
1430 3569 1804 3645 Sanctitati
1855 3591 1984 3644 sue
2037 3568 2328 3643 donavit
2367 3565 2885 3664 semicompul-

256 3711 382 3763 sus.
412 3694 643 3770 Rediit
676 3694 845 3770 inde
877 3695 1071 3770 idem
1103 3699 1189 3770 D.
1235 3699 1320 3769 N.
1356 3695 1430 3769 in
1459 3695 1681 3770 barca
1706 3718 1839 3793 per
1865 3694 2140 3768 flumen
2175 3715 2404 3790 usque
2433 3691 2526 3767 ad
2555 3692 2786 3788 ripam
2809 3689 2884 3764 in

258 3818 734 3916 transtyberim
780 3820 1035 3894 urbem
1081 3819 1477 3894 Leoninam
1518 3817 1662 3910 ubi,
1708 3818 1797 3892 de
1841 3817 2063 3892 barca
2107 3817 2382 3908 exiens,
2430 3815 2754 3890 ascendit
2791 3813 2885 3888 ad

261 3934 516 4017 domum
555 3946 795 4020 doane
840 3949 913 4019 et
954 3943 1055 4018 ibi
1102 3952 1521 4042 paramenta
1568 3943 1874 4042 accepit,
1911 3941 2285 4032 amictum,
2321 3942 2590 4031 album,
2627 3939 2883 4036 cingu-

258 4058 410 4156 lum,
434 4069 687 4144 stolam
714 4075 785 4146 et
814 4069 1269 4168 capuccium.
1294 4074 1669 4145 Venerunt
1694 4067 1792 4142 ibi
1828 4089 2054 4163 usque
2085 4067 2255 4141 illuc
2287 4064 2568 4138 obviam
2597 4062 2887 4136 circiter

264 4183 607 4268 duodecim
640 4194 1089 4288 cardinales3
1130 4194 1457 4270 ascendit
1486 4218 1756 4291 equum
1785 4192 2114 4291 pontifex
2151 4197 2222 4267 et
2259 4196 2556 4288 propter
2596 4194 2882 4285 tempus

264 4309 625 4406 pluviosam
666 4329 797 4418 per
834 4322 1025 4397 viam
1065 4320 1696 4419 transtyberinam,
1732 4327 1882 4394 non
1923 4341 2056 4415 per
2093 4317 2387 4407 Urbem,
2417 4313 2760 4413 equitavit
2795 4311 2887 4387 ad

266 4433 592 4527 palatium.

348 4563 535 4642 Feria
578 4569 851 4667 quinta,
886 4576 977 4648 30
1014 4571 1451 4663 novembriS,
1494 4571 1569 4646 iu
1608 4571 1793 4648 festo
1833 4595 1894 4646 s.
1929 4569 2218 4646 Andree
2255 4564 2590 4665 apostoli,
2627 4565 2755 4638 SS.
2791 4565 2879 4636 D.

270 4693 499 4786 noster,
528 4703 815 4794 paratus
840 4719 1045 4774 more
1072 4698 1311 4790 solite,
1344 4698 1536 4772 venit
1566 4697 1657 4772 ad
1681 4697 2034 4796 capellam
2057 4721 2117 4770 s.
2143 4694 2458 4782 Andree,
2495 4691 2566 4764 in
2593 4687 2888 4764 basilica

272 4813 569 4916 principis
596 4825 1116 4923 apostolorum,
1154 4823 1277 4898 uhi
1306 4822 1633 4898 interfuit
1662 4824 1884 4898 misse
1915 4819 2223 4897 solemni
2253 4841 2466 4916 quam
2501 4811 2887 4890 celebravit

274 4936 341 5008 R·
364 4938 427 5013 in
452 4947 719 5023 Christo
747 4954 827 5024 P.
856 4953 943 5023 D.
970 4950 1353 5049 episcopus
1380 4946 1973 5037 InteramnensiS,
2005 4945 2198 5018 dicte
2229 4940 2520 5017 basilice
2548 4937 2882 5027 vicariae,

278 5059 487 5141 ordine
515 5079 853 5149 consueto
881 5099 896 5147 τ
928 5075 1105 5150 dixit
1128 5099 1347 5150 unam
1374 5073 1777 5151 orationem
1809 5079 2118 5163 tantum,
2147 5074 2221 5143 et
2245 5066 2386 5142 alia
2411 5089 2615 5141 more
2642 5062 2882 5137 solito.

282 5180 476 5263 Finita
516 5197 751 5294 missa,
796 5207 1167 5277 ostensum
1220 5199 1355 5275 suit
1400 5207 1612 5300 caput
1656 5224 1716 5276 s.
1768 5197 2081 5280 Andree.
2133 5192 2424 5292 Capella
2469 5189 2603 5276 suit
2642 5192 2892 5287 parata
