3625 6059
697 570 804 625 492
1603 560 1953 621 JOHANNIS
2002 556 2446 629 unanimam,
3018 560 3163 621 [Aoni
3187 564 3299 627 μοι]

697 722 836 796 illis
863 716 1222 817 exposuit.
1259 716 1564 808 Deinde,
1599 717 1936 792 omnibus
1966 716 2106 789 illis
2132 712 2560 813 genuflexiS‚
2597 712 2925 811 injuncta
2948 738 3126 813 pena
3149 720 3299 815 quod

698 846 772 918 in
799 842 1050 918 habitu
1086 841 1210 938 qui
1241 840 1344 915 eis
1373 839 1753 938 impositus
1789 838 1949 928 fuit,
1984 838 2075 913 ad
2102 838 2247 912 hoc
2286 838 2685 929 ordinatus,
2714 839 2867 912 bini
2898 850 2969 915 et
2996 839 3133 915 hini
3155 842 3299 918 irent

698 972 793 1048 ad
852 968 1228 1045 basilicam
1281 992 1340 1041 s,
1393 966 1584 1040 Petri
1632 966 2035 1040 orationem
2097 963 2367 1038 ibidem
2415 963 2674 1038 facturi
2722 971 2799 1039 et
2848 964 3047 1057 inde,
3090 968 3301 1045 eodem

697 1095 957 1173 ordine
991 1095 1084 1169 ad
1127 1092 1512 1169 ecclesiam
1553 1098 1948 1165 conventus
1991 1089 2205 1167 beate
2239 1090 2466 1166 Mario
2508 1114 2729 1189 super
2767 1091 3147 1168 Minervam
3182 1096 3296 1186 ubi,

699 1222 997 1295 dimisso
1047 1218 1632 1313 habitu‚'posset
1678 1216 1979 1313 quisque
2032 1216 2137 1316 ing
2158 1240 2367 1290 suum
2414 1217 2661 1291 locum
2720 1220 2995 1313 redire,
3042 1222 3300 1320 acceptis

695 1345 1119 1444 hujusmodi
1143 1343 1396 1419 habitu
1427 1349 1501 1417 et
1529 1364 1742 1440 pena.
1782 1341 2093 1417 Predicti
2125 1345 2277 1416 DD.
2316 1343 2641 1440 magistri
2681 1342 2943 1418 Paulus
2980 1350 3050 1417 et
3082 1345 3303 1419 loban-

701 1496 833 1545 nes
873 1470 1332 1546 absolverunt
1367 1492 1649 1561 omneS,
1679 1468 1804 1565 qui
1834 1466 2171 1559 absoluti,
2200 1468 2482 1542 iverunt
2512 1468 2603 1542 ad
2630 1468 3003 1545 basilicam
3032 1475 3095 1545 et
3120 1470 3304 1545 eccle-

699 1598 880 1672 siam
931 1596 1322 1694 predictaS,
1356 1598 1550 1692 Papa
1594 1594 1669 1668 in
1717 1593 2023 1667 cameris
2068 1592 2271 1667 novis
2314 1594 2560 1668 omnia
2596 1594 2930 1691 predicta
2964 1595 3219 1670 vidente
3248 1604 3302 1669 et

705 1722 811 1797 eis
852 1720 1358 1795 benedicente.
1405 1719 1704 1794 Habitus
1744 1725 1989 1793 autem
2032 1717 2243 1792 dictis
2288 1719 2641 1793 marranis
2682 1719 3059 1818 impositus
3095 1720 3302 1817 hujus-

700 1847 897 1921 modi
927 1854 1083 1922 erat
1110 1845 1347 1921 forma
1384 1870 1400 1919 ε
1439 1867 1658 1942 super
1682 1844 1933 1919 habitu
1962 1844 2384 1940 quotidiano
2423 1844 2740 1941 quedam
2782 1845 2929 1920 tela
2964 1846 3167 1921 rubea
3189 1846 3300 1920 sive

699 1973 1082 2073 pavonatia
1119 1994 1337 2070 super
1371 1970 1718 2044 humeros
1756 1975 1924 2043 ante
1962 1975 2219 2067 pectus
2263 1977 2336 2044 et
2379 1976 2609 2067 terga,
2644 1970 2975 2069 pendens
3018 1994 3213 2068 usque
3236 1972 3301 2044 ad

701 2098 945 2186 coxas,
968 2097 1248 2173 habens
1280 2118 1573 2171 crucem
1600 2118 1937 2169 croceam
1968 2094 2189 2169 latam
2219 2101 2531 2191 quatuor
2556 2095 2948 2194 digitorum
2970 2104 3039 2171 et
3062 2097 3301 2192 longam

700 2223 792 2297 ad
819 2222 1348 2319 longitudinem
1377 2220 1616 2318 ipsius
1637 2220 1779 2295 tele
1811 2219 2464 2317 superhumeralis3
2504 2229 2579 2295 et
2618 2222 3103 2319 unusquisque
3129 2219 3303 2318 appli-

702 2349 851 2423 cuit
894 2348 984 2421 ad
1033 2347 1258 2422 altare
1300 2346 1625 2444 predicte
1661 2344 1973 2420 ecclesie
2011 2344 2223 2419 beate
2269 2342 2491 2417 Mario
2524 2342 2611 2416 de
2652 2345 3000 2435 Minerva,
3036 2344 3305 2441 deposita

701 2474 846 2550 tela
875 2498 1008 2547 sua
1031 2472 1380 2571 predicta.
1411 2471 1556 2545 Illis
1585 2469 1925 2567 receptiS‚
1961 2468 2221 2543 fratres
2246 2468 2750 2566 appenderunt
2775 2469 2852 2543 in
2876 2470 3087 2545 altum
3114 2469 3302 2545 eccle-

703 2599 806 2674 sie
837 2622 968 2696 pro
999 2596 1356 2671 memoria
1384 2596 1574 2669 illius
1603 2602 1810 2670 actus
1838 2594 1965 2686 (1).

731 2750 734 2755 ·
803 2722 1146 2813 SabbatO,
1202 2728 1277 2795 11
1337 2720 1610 2795 mensis
1657 2724 1968 2818 augusti,
2007 2724 2162 2799 dies
2211 2725 2677 2801 anniversarii
2729 2726 2861 2799 SS.
2912 2728 2996 2798 D.
3042 2726 3119 2795 N.
3159 2740 3302 2817 pape

701 2848 1087 2925 Alexandri
1123 2850 1218 2922 VI
1261 2846 1352 2920 ad
1381 2845 1660 2943 apicem
1707 2848 1973 2922 summi
2004 2850 2471 2945 apostolatus,
2506 2852 2582 2924 in
2620 2875 2767 2948 qua
2798 2855 3042 2924 Rmus.
3076 2852 3151 2921 D.
3180 2868 3304 2919 car-

707 2970 984 3048 dinalis
1013 2971 1400 3047 Perusinus
1445 2971 1834 3046 celebravit
1882 2972 2176 3045 missam
2224 2974 2628 3057 solemnem
2671 2973 2763 3048 de
2811 2973 3065 3070 Spiritu
3104 2974 3303 3043 sancto

706 3100 780 3172 in
810 3098 1088 3195 capella
1123 3103 1498 3189 consueta,
1534 3102 1726 3195 Papa
1747 3104 2127 3196 presente:
2166 3105 2239 3174 et
2276 3100 2568 3174 fuerunt
2598 3100 2673 3172 in
2700 3096 3108 3196 hujusmodi
3132 3094 3308 3169 missa

706 3220 952 3298 omnia
980 3222 1357 3298 observata
1381 3246 1584 3296 more
1615 3222 1853 3297 solito.

801 3346 1010 3421 Feria
1049 3354 1276 3439 sexta,
1318 3353 1403 3420 17
1437 3346 1610 3421 dicti
1639 3346 1913 3422 mensis
1941 3348 2252 3443 augusti,
2288 3347 2419 3422 fuit
2466 3353 2831 3423 secretum
2863 3343 3309 3422 consistorium

702 3475 773 3546 in
816 3495 959 3569 quo
1004 3477 1251 3545 Rmus.
1291 3475 1376 3544 D.
1414 3472 1798 3546 cardinalis
1833 3472 2261 3548 Valentinus
2304 3472 2683 3571 proposuit
2723 3473 2816 3545 ab
2858 3473 3135 3546 ineunte
3162 3472 3309 3542 etate

702 3622 792 3673 ex
821 3597 1064 3671 animo
1112 3620 1189 3669 se
1231 3595 1651 3669 inclinatum
1682 3596 1910 3672 fuisse
1941 3598 2159 3673 statui
2204 3598 2560 3690 seculari;
2612 3599 2739 3671 SS.
2786 3603 3025 3672 autem
3071 3600 3146 3669 D.
3178 3613 3310 3665 nos-

703 3731 892 3796 trum
926 3721 1224 3795 omnino
1255 3720 1565 3796 voluisse
1595 3727 1674 3794 ut
1704 3746 1783 3796 se
1814 3722 2017 3797 daret
2061 3730 2133 3797 et
2171 3723 2553 3797 inclinaret
2592 3724 2809 3797 statui
2850 3717 3307 3799 ecclesiastico,

701 3855 1092 3945 propterea
1145 3846 1382 3944 ipsum
1436 3853 1542 3921 tot
1605 3848 2282 3945 supervenientibus
2328 3844 2804 3945 ‘dignitatibus
2866 3840 3311 3924 ecclesiasticis

702 3980 774 4047 et
821 3970 1197 4047 beneficiis
1251 3972 1742 4065 condonasse,
1792 3979 1868 4048 et
1924 3972 2014 4046 ad
2068 3973 2395 4049 ordinem
2452 3973 2909 4047 diaconalem
2966 3961 3310 4072 promoveri

703 4097 1042 4188 voluisse,
1089 4097 1295 4195 cujus
1339 4096 1686 4172 voluntati
1726 4121 1807 4174 se
1846 4120 2215 4196 opponere
2246 4097 2379 4172 sibi
2423 4098 2655 4173 visum
2686 4120 2838 4173 non
2870 4105 3001 4175 est.
3031 4100 3187 4173 Cum
3212 4110 3313 4164 au-

707 4225 852 4294 tem
895 4221 1130 4294 omnis
1177 4222 1338 4318 ejus
1381 4220 1664 4295 animus
1697 4228 1772 4297 et
1800 4222 2243 4297 desiderium
2282 4232 2355 4298 et
2396 4221 2767 4299 inclinatio
2808 4224 2901 4299 sit
2928 4220 3146 4296 adhuc
3172 4236 3311 4288 con-

704 4344 907 4419 tinuo
956 4352 1172 4441 prout
1220 4368 1512 4444 semper
1561 4344 1696 4419 fuit
1741 4345 1835 4420 ad
1888 4354 2155 4421 statum
2214 4347 2568 4439 seculare,
2624 4348 3041 4447 supplicavit
3084 4344 3193 4417 SS.
3240 4341 3305 4411 D.

705 4474 1034 4543 nostrum
1083 4477 1162 4543 ut
1206 4469 1541 4568 dignetur
1591 4494 1758 4544 cum
1807 4471 2155 4569 singulari
2206 4472 2591 4548 clementia
2630 4473 2969 4571 prosequi
3012 4478 3081 4544 et
3122 4468 3309 4540 semet

705 4591 1124 4690 dispensare
1166 4602 1270 4685 ut,
1322 4596 1608 4670 omissis
1655 4596 1909 4671 habitu
1952 4603 2025 4673 et
2077 4598 2425 4695 dignitate
2468 4599 2981 4685 ecclesiastica,
3030 4595 3217 4669 liceat
3256 4585 3304 4661 ei

775 4890 826 4945 1.
871 4910 900 4939 «
928 4891 981 4945 A
1018 4891 1077 4945 de·
1101 4890 1158 4955 7,
1203 4892 1277 4947 da
1315 4894 1502 4957 Roma,
1537 4892 1585 4947 si
1621 4892 1759 4949 have
1798 4891 1987 4949 lettere
2022 4910 2175 4950 come
2213 4892 2263 4950 el
2302 4892 2570 4950 Pontitice
2609 4894 2772 4951 havia
2798 4894 2930 4951 fatto
2957 4902 3137 4965 pti-888¹·
3164 4896 3247 4955 Pe?
3270 4874 3309 4931 ¹⁸

701 4976 948 5034 Minerva
983 4980 1177 5035 zereha
1205 4980 1310 5035 300
1345 4980 1553 5037 marani
1594 4980 1851 5054 spagnoli
1878 4980 2063 5038 vestiti
2092 4980 2147 5035 di
2178 4980 2315 5049 zalo,
2345 4998 2449 5038 con
2480 5000 2588 5038 una
2618 4982 2847 5039 candela
2874 4980 2927 5035 in
2953 4990 3122 5041 mano,
3149 4968 3165 5023 i
3191 4958 3309 5052 qual}

701 5083 868 5123 erano
897 5067 1072 5123 reduti
1110 5084 1144 5123 a
1177 5068 1500 5141 penitentia,
1539 5076 1596 5125 et
1632 5069 1732 5125 che
1769 5073 1970 5143 questa
2006 5086 2099 5125 era
2131 5066 2183 5123 la
2221 5068 2469 5143 punition
2506 5070 2745 5144 publica.
2786 5070 2863 5127 La
2898 5071 3096 5124 secreta
3127 5055 3250 5114 saria
3276 5048 3308 5103 1¹

702 5155 1136 5297 (lapa1·i‚lchome
1167 5157 1328 5214 havia
1359 5157 1470 5216 sato
1505 5158 1562 5214 di
1600 5158 1652 5215 lo
1689 5158 1949 5233 episcopo
1986 5159 2041 5215 di
2078 5157 2387 5216 Chalahora
2426 5161 2734 5219 condanato
2762 5168 2823 5217 ut
2848 5172 3029 5230 supra.
3060 5175 3087 5204 υ
3116 5148 3303 5206 Sanuto,

701 5247 742 5299 t.
808 5286 821 5311 ,
855 5260 919 5299 co
949 5290 960 5302 .
995 5246 1150 5302 1029.
