3625 6059
294 548 417 610 [Mai
444 547 587 608 1494]
957 544 1211 604 RERUM
1259 547 1718 611 URBANARUM
1768 553 2294 614 COMMENTARII.
2863 567 2960 624 151

297 698 575 774 fuerunt
611 697 727 774 vel
768 697 1309 796 permittuntur,
1357 703 1488 778 sed
1535 705 1772 780 solum
1814 708 2004 784 inter
2051 709 2232 785 alios
2281 710 2598 811 prelatos
2647 717 2960 814 primum

297 824 527 899 locum
554 822 867 916 habent;
898 824 1093 923 quod
1122 825 1261 900 vidi
1292 827 1369 902 in
1399 831 1715 927 quodam
1747 836 2162 930 patriarcha
2189 839 2645 917 Antiocheno
2673 849 2960 920 oratore

300 951 481 1047 regis
510 950 813 1026 Francie
855 951 948 1026 ad
987 953 1453 1049 prestandam
1495 957 2015 1053 obedientiam,
2053 988 2197 1037 una
2235 989 2401 1038 cum
2443 967 2959 1066 principalibus

296 1076 446 1150 aliis
475 1077 569 1150 ad
598 1077 831 1152 felicis
864 1078 1390 1156 recordationis
1424 1085 1704 1160 Sixtum
1733 1111 1998 1187 papam
2030 1097 2366 1186 quartum
2396 1092 2648 1186 misso,
2687 1102 2760 1166 et
2791 1118 2956 1168 suc-

296 1201 561 1274 cessive
604 1201 683 1274 in
721 1201 912 1278 hone
956 1207 1311 1282 memorie
1354 1211 1743 1287 Laurentio
1786 1215 2009 1290 etiam
2049 1217 2462 1314 patriarcha
2501 1219 2957 1295 Antiocheno

296 1326 454 1400 dicti
496 1329 807 1402 oratoris
846 1353 1271 1408 successore
1302 1341 1377 1409 et
1404 1336 1661 1432 prefati
1698 1339 1998 1414 Jordani
2032 1342 2448 1418 immediate
2492 1349 2956 1420 antecessore

289 1452 653 1546 similiter,
717 1459 790 1529 et
828 1454 919 1528 ·in
978 1462 1059 1532 R.
1126 1465 1213 1533 D.
1281 1461 1798 1537 Bartholomeo
1855 1466 2266 1563 patriarcha
2325 1469 2956 1546 Hierosolimitano

288 1579 626 1677 episcopo
680 1581 1121 1656 Fert-ariensi
1172 1585 1359 1660 Rmi.
1416 1590 1503 1661 D.
1550 1589 1936 1664 cardinalis
1986 1594 2216 1668 sancti
2267 1595 2462 1668 Petri
2512 1596 2604 1670 ad
2649 1597 2958 1673 Vincula

286 1727 663 1800 germano,
702 1706 777 1780 in
805 1730 1111 1782 romana
1150 1710 1351 1785 curia
1389 1718 1462 1786 et
1499 1714 1781 1810 capella
1823 1719 2016 1813 Pape
2053 1717 2445 1811 observari,
2476 1721 2597 1818 qui
2642 1721 2955 1819 primum

282 1829 519 1905 locum
550 1831 751 1906 inter
778 1833 1095 1930 prelatos
1126 1838 1321 1934 Pape
1352 1838 1775 1914 assistentes
1803 1841 2244 1936 habuerunt,
2281 1845 2640 1920 declaravi
2672 1852 2744 1920 et
2771 1845 2958 1920 ordi-

287 1956 433 2030 navi
470 1959 809 2055 prz'mum
856 1959 1097 2032 locum·
1138 1960 1247 2034 D.
1313 1965 1824 2064 archiepiscopo
1893 1968 2370 2066 Neapolitano
2433 1971 2508 2044 in
2549 1972 2842 2067 ¹civitate
2890 1987 2954 2046 et

284 2087 559 2160 ecclesia
610 2083 1101 2184 Neapolitana
1158 2089 1315 2162 dari
1366 2089 1611 2166 debere
1653 2117 1674 2166 .·
1719 2094 2108 2170 secundum
2145 2097 2556 2193 patriarche
2586 2099 2950 2195 predict0‚·

286 2211 695 2308 quodlicet
753 2212 889 2310 ipsi
947 2213 1357 2312 patriarche
1413 2216 1549 2292 suit
1608 2219 1872 2294 durum
1935 2227 2038 2302 et,
2069 2229 2321 2296 contra
2371 2222 2512 2297 hoc
2562 2222 2952 2319 quemdam

284 2335 713 2414 advocatum
752 2338 845 2412 ad
882 2339 1345 2438 allegandum
1388 2343 1674 2420 miserit
1710 2346 1901 2421 inter
1932 2345 2506 2443 patriarcharum
2544 2347 2948 2444 privilegia,

284 2461 395 2558 qui
436 2461 593 2556 illa,
632 2463 779 2536 nisi
822 2488 953 2538 sua
984 2467 1225 2564 culpa,
1265 2468 1601 2545 amittere
1638 2495 1786 2544 non
1828 2470 2121 2564 dehent,
2160 2494 2299 2569 ego
2340 2479 2584 2548 tamen
2618 2495 2952 2547 asserens

284 2588 887 2664 consuetudinem
926 2613 1229 2668 romane
1271 2595 1467 2670 curie
1508 2619 1627 2670 me
1658 2596 1928 2674 imitari
1971 2599 2270 2690 debere,
2305 2598 2381 2674 in
2423 2597 2638 2671 unico
2685 2622 2952 2696 propo-

283 2719 407 2792 sito
434 2718 781 2794 firmatus
810 2719 1119 2818 perstiti.
1155 2721 1477 2796 Tandem
1509 2721 1704 2796 idem
1735 2724 2152 2820 patriarcha
2194 2724 2367 2798 fecit
2397 2746 2486 2799 ex
2514 2725 2950 2800 necessitate

280 2845 643 2937 virtutem,
682 2845 876 2921 venit
906 2846 997 2919 ad
1028 2847 1221 2944 regis
1252 2827 1910 2941 incoronationem,
1945 2857 2020 2924 et
2048 2849 2360 2949 primum
2389 2850 2634 2923 locum
2665 2850 2950 2927 archie-

282 2970 573 3070 piscopo
600 2995 745 3071 per
766 2995 885 3046 me
914 2972 1071 3046 dari
1102 2972 1463 3069 permisit,
1501 2978 1573 3046 et
1603 2973 1758 3070 ipse
1792 2975 2112 3049 secundo
2144 2999 2318 3048 usus
2349 2982 2485 3049 est.

369 3099 581 3172 Feria
620 3103 907 3195 quarta,
946 3105 985 3171 7
1018 3097 1291 3172 mensis
1330 3097 1533 3188 maii,
1569 3104 2022 3174 contractum
2060 3100 2196 3174 fuit
2237 3099 2783 3176 matrimonium
2821 3125 2951 3199 per

279 3224 483 3298 verba
516 3225 613 3298 de
651 3224 977 3321 presenti
1016 3223 1207 3297 inter
1246 3223 1820 3298 illustrissimum
1863 3228 1946 3299 D.
1989 3225 2388 3300 soffredum
2421 3227 2684 3323 Borgia
2721 3226 2948 3304 filium

276 3351 393 3423 SS.
428 3353 519 3424 D.
548 3354 651 3424 N.
684 3348 1072 3424 Alexandri
1098 3373 1285 3448 pape
1318 3354 1413 3426 VI
1444 3356 1513 3422 et
1545 3349 2116 3425 illustrissimam
2157 3355 2243 3426 D.
2281 3351 2617 3426 Sanciam
2647 3353 2736 3426 de
2766 3356 2948 3428 Ara-

275 3478 481 3572 gonia
508 3476 747 3550 filiam
779 3475 1235 3573 illegitimam
1268 3477 1717 3552 serenissimi
1748 3477 2098 3575 Alphonsi
2127 3479 2424 3554 secundi
2455 3477 2694 3554 Sicilie
2721 3476 2940 3573 regiS‚

271 3601 403 3676 hoc
430 3603 701 3676 ordine
732 3605 839 3700 (1)
865 3627 881 3675 z

358 3732 569 3804 Rmo.
622 3731 716 3802 D.
760 3726 1127 3802 cardinale
1165 3729 1435 3802 Montis
1480 3728 1769 3826 Regalis
1804 3729 2048 3825 legato
2090 3733 2487 3828 apostolico
2529 3729 2946 3828 supradicto

270 3861 337 3925 et
398 3877 575 3951 rege
644 3853 1114 3929 serenissimo
1175 3853 1252 3927 in
1304 3854 1617 3952 quadam
1678 3877 1972 3928 camera
2025 3857 2255 3931 Castri
2304 3859 2466 3932 novi
2521 3856 2822 3952 Neapoli
2873 3856 2948 3929 in

270 3977 537 4054 duabus
573 3977 881 4052 sedibus
911 3978 1362 4068 sedentihuS‚
1394 3984 1465 4053 et
1495 3979 1684 4054 inter
1706 3980 1906 4076 ipsos
1937 3981 2080 4054 alia
2123 3981 2318 4056 etad
2357 3981 2724 4055 sinistram
2755 3981 2946 4076 regis

274 4113 521 4202 quarta
580 4105 947 4180 similibus
1004 4105 1295 4180 sedibus
1362 4105 1600 4197 vanis,
1658 4107 1854 4180 venit
1906 4106 2226 4202 prefatus
2287 4110 2444 4182 Don
2496 4104 2858 4180 Joffredus
2905 4125 2950 4176 a

272 4234 513 4328 paucis
572 4231 945 4307 nobilibus
998 4229 1428 4321 associatuS,
1480 4235 1551 4302 et
1613 4228 1801 4304 sedit
1852 4229 1945 4305 ad
1989 4229 2354 4304 sinistram
2400 4231 2632 4327 regis3
2687 4251 2944 4328 parum

272 4367 422 4454 post
467 4359 679 4434 venit
736 4358 995 4432 Sancia
1050 4355 1379 4455 predicta
1424 4377 1561 4454 per
1614 4355 2183 4432 illustrissimum
2227 4361 2314 4430 D.
2363 4355 2808 4431 Fridericum
2855 4356 2945 4428 de

272 4483 637 4582 Aragonia
688 4482 989 4556 fratrem
1033 4481 1227 4579 regis
1272 4506 1317 4555 a
1362 4481 1671 4558 sinistris
1721 4482 1983 4558 eodem
2033 4484 2278 4572 ducta,
2323 4489 2396 4556 et
2443 4505 2545 4555 xu
2593 4481 2704 4554 vel
2753 4482 2948 4554 circa

274 4608 699 4684 mulieribus
742 4608 901 4683 sive
944 4607 1294 4682 matronis
1340 4607 1725 4700 associata,
1768 4633 1908 4706 que
1947 4610 2183 4685 locata
2223 4610 2357 4685 suit
2395 4608 2584 4682 inter
2624 4605 2942 4702 legatum

336 4817 383 4874 1.
422 4815 533 4872 Les
576 4813 936 4888 stipulations
976 4815 1043 4871 de
1077 4834 1138 4872 ce
1176 4815 1421 4888 mariage
1461 4812 1679 4872 avaient
1716 4815 1801 4870 ete
1841 4814 2095 4888 redigees
2136 4819 2167 4870 a
2201 4815 2374 4869 Rome
2419 4813 2468 4871 le
2509 4815 2576 4870 16
2613 4819 2744 4870 aoht
2783 4815 2943 4874 1493.

272 4905 403 4960 Elios
433 4923 495 4962 se
526 4909 793 4962 trouvent
828 4905 1205 4962 mentionnees
1244 4906 1385 4962 dans
1426 4901 1477 4960 la
1514 4907 1623 4959 tres
1662 4901 2030 4958 interessente
2068 4901 2225 4959 lettre
2264 4902 2558 4960 d‘Antonio
2603 4902 2846 4960 Guidotti
2876 4903 2944 4957 de

275 4991 409 5048 Colle
438 5009 555 5050 anx
580 4989 961 5066 Magnifiques
986 4994 1311 5069 Seigneurs,
1345 4993 1426 5050 les
1456 4994 1489 5047 8
1527 4992 1595 5048 de
1634 4991 1852 5048 Pratica
1879 4993 1969 5064 (17
2007 4997 2139 5048 aont
2176 4993 2358 5064 1493),
2388 4994 2602 5050 donnee
2631 4997 2666 5050 a
2701 4991 2944 5065 l'appen-

274 5081 381 5139 dice
408 5093 473 5138 11⁰
500 5084 602 5148 22,
636 5088 691 5138 et
719 5083 861 5138 dans
890 5083 1021 5140 celle
1050 5086 1117 5142 de
1148 5086 1371 5142 Stefano
1400 5084 1469 5140 de
1495 5082 1841 5153 Castrocam,
1871 5082 2217 5139 mentionnee
2246 5085 2688 5157 precedemment
2719 5085 2793 5154 (p.
2825 5081 2940 5152 97),

276 5176 339 5226 ou
368 5181 493 5228 sont
520 5171 765 5228 relatees
798 5171 880 5228 les
909 5176 1264 5232 conventione
1292 5177 1523 5249 passees
1563 5179 1715 5228 entre
1745 5170 1826 5226 les
1866 5172 2289 5230 ambassadeurs
2329 5174 2403 5230 du
2437 5173 2514 5229 roi
2550 5172 2618 5227 de
2657 5168 2856 5242 Naples
2890 5175 2945 5224 et

278 5259 322 5314 le
348 5261 515 5336 Pape,
543 5259 809 5317 relatives
840 5279 911 5318 au
940 5265 1180 5338 mariage
1210 5265 1279 5322 de
1309 5266 1427 5321 Don
1458 5263 1624 5321 Joffre
1652 5279 1784 5318 avec
1814 5263 1970 5318 Dona
1998 5262 2216 5322 Saucia.
