3625 6059
721 533 828 590 210
1629 527 1981 584 JOHANNIS
2030 526 2477 599 eunannm,
2912 530 3213 592 [Decembre
3254 531 3431 593 μω

721 683 980 758 eadem
997 687 1232 756 vestra
1255 679 1750 778 Magnitudine
1773 682 1929 754 sine
1961 680 2201 778 aliqua
2224 682 2657 780 deceptione
2680 689 2754 756 et
2778 681 3019 756 eidem
3043 683 3427 757 faciemus

723 809 967 884 omnia
1012 804 1469 904 beneplacita
1515 810 1586 882 et
1633 807 1903 903 gratias
1966 813 2251 881 nostras
2310 807 2719 905 possibiles.
2768 812 3075 906 Insuper
3121 809 3432 905 promit

729 935 942 1010 timus
969 939 1206 1008 vestre
1240 932 1568 1006 Potentie
1599 955 1731 1028 pro
1757 932 2043 1006 meliori
2076 957 2207 1007 sua
2238 934 2733 1009 satisfactione
2763 933 2959 1030 quod
2988 957 3222 1030 neque
3268 959 3433 1032 per

725 1083 842 1135 me
871 1083 1105 1157 neque
1137 1081 1266 1156 per
1295 1081 1498 1132 meos
1519 1081 1762 1133 servos
1787 1083 2025 1156 neque
2061 1060 2281 1133 etiam
2322 1083 2453 1158 per
2475 1060 2791 1157 aliquem
2815 1082 2900 1133 ex
2928 1058 3179 1158 patriis
3204 1061 3427 1164 meis

723 1185 860 1260 erit
879 1184 1126 1258 datum
1153 1183 1445 1279 aliquod
1477 1183 2080 1280 impedimentum
2120 1192 2241 1259 aut
2285 1185 2555 1258 factum
2596 1185 2939 1260 damnum
2969 1183 3421 1259 christianis

723 1312 1248 1408 cujuscumque
1303 1308 1665 1406 qualitatis
1716 1317 1839 1384 aut
1884 1309 2325 1385 conditionis
2366 1308 2580 1384 fuerit
2614 1309 2761 1382 sive
2801 1309 2874 1381 in
2913 1314 3107 1382 terra
3136 1308 3299 1380 sive
3338 1307 3418 1381 in

721 1433 934 1524 mari,
967 1431 1104 1507 nisi
1137 1438 1384 1506 essent
1407 1433 1623 1530 aliqui
1667 1435 1790 1531 qui
1832 1433 2041 1508 nobis
2080 1441 2204 1508 aut
2248 1432 2552 1508 subditis
2595 1432 2863 1506 nostris
2904 1432 3263 1504 damnum
3302 1431 3427 1504 fa-

723 1582 887 1634 cere
922 1559 1208 1634 vellent.
1241 1560 1330 1632 Et
1351 1581 1482 1657 pro
1515 1559 1773 1657 maj0ri
1797 1560 2035 1634 adhuc
2062 1559 2552 1633 satisfactione
2579 1565 2817 1632 vestre
2842 1557 3419 1655 Magnitudiuis,

722 1691 800 1757 ut
847 1683 937 1758 sit
985 1707 1277 1781 semper
1323 1706 1577 1758 secura
1617 1685 1772 1759 sine
1812 1685 2054 1782 aliqua
2091 1683 2540 1759 dubitatione
2581 1684 2674 1758 de
2716 1682 3053 1757 omnibus
3092 1683 3211 1756 his
3258 1705 3421 1778 que

725 1831 944 1906 supra
981 1808 1494 1905 promittimus,
1530 1809 1763 1907 juravi
1795 1818 1869 1884 et
1915 1809 2266 1884 affirmavi
2307 1810 2555 1884 omnia
2602 1809 2678 1882 in
2727 1809 3097 1906 presentia
3134 1806 3425 1906 prefati

726 1932 1040 2030 Georgii,
1075 1957 1208 2031 per
1234 1957 1479 2007 verum
1511 1937 1744 2008 Deum
1774 1959 1995 2033 quem
2026 1937 2437 2028 adoramuS,
2484 1943 2557 2010 et
2584 1957 2802 2032 super
2822 1933 3200 2031 evangelia
3230 1957 3415 2008 nos-

728 2063 863 2150 tra,
917 2059 1296 2133 observare
1357 2066 1587 2135 vestre
1633 2063 1963 2136 Potentie
2014 2061 2261 2136 omnia
2319 2083 2547 2158 usque
2597 2059 2685 2134 ad
2740 2059 3409 2156 complementum,

728 2206 964 2281 neque
1006 2183 1083 2257 in
1127 2184 1368 2285 aliqua
1395 2209 1473 2261 re
1522 2187 1839 2262 deficere
1878 2189 2035 2262 sine
2075 2186 2364 2263 defectu
2405 2192 2525 2260 aut
2561 2185 2799 2282 aliqua
2838 2184 3288 2259 defectione.
3332 2189 3421 2258 Et

725 2309 963 2384 adhuc
991 2333 1124 2408 pro
1156 2311 1416 2408 majori
1449 2313 1843 2388 securitate
1874 2322 2109 2389 vestre
2136 2314 2681 2413 MagnitudiniS,
2718 2339 2809 2388 ne
2842 2315 2997 2413 ejus
3015 2313 3318 2386 animus
3342 2313 3416 2386 in

724 2435 962 2533 aliqua
986 2435 1432 2513 dubitatione
1465 2446 1867 2528 remaneat,
1906 2439 2054 2514 imo
2104 2439 2193 2513 sit
2225 2441 2672 2514 certissimus
2716 2439 2805 2514 de
2838 2463 3054 2528 nove,
3102 2463 3252 2536 ego
3302 2463 3421 2510 su-

725 2560 1088 2658 pradictus
1139 2561 1373 2636 sultan
1413 2566 1702 2661 BaJazet
1749 2566 1978 2655 Chen,
2015 2567 2184 2663 juro
2228 2590 2361 2664 per
2409 2571 2643 2642 Deum
2688 2589 2933 2640 verum
2964 2566 3085 2662 qui
3129 2565 3417 2640 creavit

673 2697 678 2703 ”
729 2684 966 2760 celum
1003 2692 1075 2761 et
1104 2694 1372 2762 terram
1402 2696 1476 2765 et
1505 2691 1749 2764 omnia
1776 2715 1915 2787 que
1965 2691 2041 2764 in
2084 2691 2189 2766 eis
2222 2700 2414 2783 sunt,
2458 2698 2534 2767 et
2564 2692 2639 2765 in
2670 2714 2886 2789 quem
2922 2690 3301 2765 credimus
3340 2697 3415 2764 et

731 2811 1141 2904 adoramus,
1201 2814 1397 2910 quod
1446 2814 1704 2890 faciam
1753 2815 2148 2914 adimplere
2195 2841 2283 2892 ea
2330 2841 2471 2914 que
2506 2842 2722 2915 supra
2774 2816 3011 2892 eidem
3070 2818 3404 2915 requiro.

732 2937 1081 3014 Promitto
1125 2963 1260 3037 per
1286 2941 1556 3015 dictum
1595 2943 2091 3040 juramentum
2139 2967 2421 3020 servare
2462 2944 2707 3018 omnia
2736 2967 2878 3040 que
2910 2967 3130 3041 supra
3158 2943 3406 3018 conti-

729 3069 992 3138 nentur
1018 3071 1093 3139 et
1123 3064 1440 3164 inaliqua
1487 3093 1562 3142 re
1613 3094 1987 3167 nunquam
2030 3077 2283 3145 contra
2328 3071 2569 3145 facere
2611 3093 2847 3167 neque
2889 3069 3397 3145 contravenire

725 3195 957 3266 vestre
1016 3192 1518 3289 Magnitudini.
1572 3197 1933 3294 Scriptum
1986 3196 2603 3292 Constantinopoli
2660 3196 2733 3268 in
2790 3194 3057 3294 palatio
3108 3201 3395 3284 nostrO,

729 3314 1128 3388 secundum
1157 3314 1540 3392 adventum
1575 3319 1838 3395 Christi
1867 3322 1983 3396 die
2008 3347 2108 3396 xv
2138 3321 2573 3419 septembris
2612 3325 2795 3394 1494
2824 3320 2945 3419 (1).

825 3443 908 3512 Et
951 3463 1088 3538 ego
1126 3442 1498 3542 Philippus
1536 3446 1626 3520 de
1664 3445 2127 3538 PatriarchiS,
2175 3446 2479 3521 clericus
2529 3445 3059 3536 Foroliviensis,
3106 3453 3397 3544 aposto-

725 3564 870 3639 lica
905 3572 977 3640 et
1014 3567 1369 3665 imperiali
1400 3570 1954 3646 authoritatibus
1987 3572 2306 3647 notarius
2344 3571 2674 3670 publicus
2710 3571 3214 3667 infrascriptas
3244 3571 3395 3645 lite-

730 3716 844 3765 ras
902 3716 992 3766 ex
1047 3692 1382 3791 originali
1441 3694 1636 3791 quod
1691 3703 1849 3771 erat
1907 3698 2257 3795 scriptum
2321 3697 2550 3772 literis
2610 3685 2853 3771 latinis
2918 3697 2991 3769 in
3054 3719 3394 3771 sermone

727 3813 995 3906 italico,
1043 3815 1116 3889 in
1161 3816 1417 3892 charta
1456 3818 1772 3919 oblonga
1815 3845 2019 3896 more
2059 3825 2451 3897 Turcarum
2497 3846 2637 3919 que
2678 3821 2994 3897 habebat
3033 3821 3107 3894 in
3165 3823 3393 3919 capite

727 3939 1014 4037 signum
1043 3940 1287 4038 magni
1317 3944 1550 4019 Turce
1581 3969 1912 4036 aureum,
1954 3945 2027 4019 in
2059 3946 2254 4022 calce
2288 3945 2603 4042 nigrum,
2631 3947 3195 4044 transsumptavi
3230 3945 3395 4020 fide-

795 4156 850 4216 1.
889 4155 1042 4213 Cette
1079 4154 1234 4213 lettre
1275 4176 1334 4214 se
1372 4163 1561 4216 trouve
1600 4161 1740 4216 dans
1777 4161 2005 4217 Sanudo
2048 4164 2139 4232 (en
2178 4159 2407 4234 italien),
2440 4169 2495 4218 et
2532 4160 2670 4217 dans
2711 4160 2830 4218 let.
2872 4162 2922 4218 11
2961 4161 3060 4218 des
3092 4163 3306 4221 Letlere
3335 4162 3389 4216 di

725 4246 996 4316 Ρνίηιτίρί,
1027 4252 1154 4316 ete„
1185 4247 1278 4306 fol.
1299 4251 1356 4305 3.

799 4334 877 4389 En
917 4335 1075 4406 1497,
1115 4335 1166 4392 le
1207 4337 1446 4396 cardinal
1483 4339 1552 4396 de
1594 4341 1797 4410 Gurck,
1838 4341 2117 4415 Raymont
2154 4341 2423 4412 Perrault,
2464 4339 2718 4398 affirmait
2759 4357 2831 4395 au
2878 4339 3086 4396 notaire
3140 4339 3387 4398 florentin

724 4421 1059 4482 Alessandro
1091 4426 1278 4484 Bracci
1317 4428 1467 4485 avoir
1499 4448 1572 4486 vu
1601 4429 1654 4487 la
1692 4428 1848 4488 lettre
1876 4430 2017 4487 dans
2055 4430 2289 4504 laquelle
2318 4431 2374 4487 le
2406 4431 2589 4488 sultan
2623 4429 2805 4486 offrait
2831 4431 3069 4498 200,000
3096 4431 3296 4489 ducats
3322 4445 3383 4486 au

725 4514 874 4586 Pape
901 4532 1042 4588 pour
1067 4515 1200 4572 faire
1227 4519 1432 4575 mourir
1461 4518 1642 4575 Zizim.
1679 4543 1708 4571 «
1835 4520 1878 4576 E
1906 4525 1999 4594 qui
2030 4520 2076 4575 si
2106 4520 2311 4595 allai-go
2334 4523 2525 4578 mecho
2545 4517 2943 4594 ponendomelo
2974 4518 3029 4576 iu
3060 4527 3275 4578 secreto
3296 4519 3383 4574 che

725 4600 778 4659 la
806 4603 1022 4662 Santita
1049 4623 1152 4662 sua
1179 4611 1376 4665 teneva
1405 4615 1605 4666 strecta
1638 4609 1881 4684 praticha
1920 4617 1973 4666 et
2010 4609 2243 4666 amicitia
2284 4609 2369 4666 col
2399 4609 2615 4666 Turcho
2654 4606 2881 4664 insieme
2916 4625 3017 4663 con
3053 4606 3105 4664 la
3134 4605 3383 4683 Siguoria

724 4691 781 4746 di
817 4691 1073 4768 Vinegia.
1113 4696 1182 4752 Et
1217 4697 1428 4755 haveva
1471 4697 1616 4755 visto
1661 4699 1825 4755 Brevi
1862 4698 1915 4754 di
1956 4717 2058 4756 sua
2096 4700 2312 4756 Santita
2358 4699 2544 4774 scripti
2590 4698 2641 4754 al
2678 4697 2892 4753 Turcho
2930 4703 2985 4753 et
3019 4697 3263 4772 risposte
3305 4691 3382 4750 del

721 4779 936 4838 Turcho
963 4784 1035 4839 ad
1064 4801 1166 4840 sua
1195 4785 1543 4845 Beatitudine
1575 4806 1590 4844 t
1623 4795 1678 4845 et
1707 4788 2078 4846 ultimamente
2106 4789 2263 4863 copia
2291 4789 2347 4844 di
2385 4788 2520 4846 certi
2548 4786 2767 4862 capitoli
2795 4793 2852 4843 et
2878 4787 3245 4844 conventione
3274 4784 3385 4842 hinc

721 4867 870 4928 inde.
903 4869 1160 4929 Preterea
1189 4891 1392 4948 sapeva
1415 4876 1535 4934 chel
1565 4877 1778 4934 Turcho
1799 4877 1837 4933 li
1866 4880 2040 4936 havea
2069 4880 2260 4936 otl'erto
2290 4879 2377 4936 CC
2408 4878 2538 4934 mila
2568 4875 2761 4934 Ducati
2800 4894 2861 4932 se
2894 4877 3085 4936 faceva
3122 4876 3317 4934 morire
3352 4870 3383 4925 il

719 4956 934 5015 fratello
965 4975 981 5015 ε
1011 4966 1068 5016 et
1093 4962 1196 5017 che
1214 4964 1356 5021 della
1383 4973 1552 5023 morte
1581 4985 1682 5024 sua
1709 4969 1943 5025 credeva
1973 4969 2152 5042 quello
2180 4969 2281 5024 che
2324 4986 2419 5025 era
2456 4969 2525 5023 da
2564 4965 2901 5040 guidicarne.
3028 4964 3276 5034 Perusia,
3306 4959 3383 5016 die

720 5046 852 5104 VIIJ
883 5048 1073 5124 aprilis
1107 5051 1702 5113 MCCCCLXXXXVJ.
1745 5057 2058 5114 Alexander
2104 5058 2362 5114 Braccius
2400 5056 2667 5114 notariae.
2700 5078 2729 5106 >a
2765 5055 2953 5125 (Arch.
2996 5055 3242 5110 Fiorent.
3274 5052 3381 5108 Let-

723 5143 836 5194 tere
863 5140 922 5194 ai
949 5141 999 5196 X
1023 5139 1084 5195 di
1111 5142 1290 5210 Batia,
1321 5141 1454 5200 clas.
1497 5145 1566 5213 X,
1598 5146 1727 5204 dist.
1769 5149 1825 5216 4,
1856 5157 1918 5203 n⁰
1956 5150 2046 5216 46,
2076 5167 2109 5203 a
2138 5167 2185 5204 c.
2221 5148 2367 5218 103.)
2400 5147 2555 5204 Cette
2594 5144 2834 5218 depeehe
2872 5149 2959 5200 est
2998 5143 3216 5200 donne'e
3255 5141 3377 5196 inte-

724 5227 1030 5299 gralement
1055 5233 1090 5286 a
1117 5228 1473 5305 l'appendice,
1505 5242 1566 5290 n⁰
1593 5237 1684 5293 27.
