3625 6059
668 559 774 615 306
1579 551 1931 611 JOHANNJS
1970 549 2417 621 BURCHARDI,
3000 548 3147 613 [aem
3174 548 3296 613 ωε]

663 714 776 789 vel
823 713 1020 787 circa
1061 709 1368 809 sepulte,
1423 732 1638 805 super
1681 730 1824 804 qua
1868 705 2132 780 crescit
2164 704 2479 801 quedam
2526 700 2921 799 singularis
2949 701 3193 789 herba,
3226 702 3307 775 ad

667 839 975 912 formam
1005 837 1371 933 sepulture
1411 841 1688 909 tantum
1720 840 1857 923 est,
1894 840 1965 908 et
1995 833 2203 905 beate
2245 829 2631 905 Catberine
2670 829 2761 907 de
2798 829 3125 903 Bononia
3155 836 3308 903 aute

672 987 818 1036 xxx
860 985 1086 1035 anuos
1137 961 1252 1035 vel
1292 959 1488 1033 circa
1535 958 1897 1049 defuncte,
1950 957 2039 1031 de
2088 957 2335 1053 primis
2375 954 2907 1029 habitatoribus
2954 954 3122 1028 dicti
3163 977 3311 1027 mo-

674 1086 993 1177 nasterii,
1031 1110 1172 1183 que
1211 1086 1288 1157 in
1317 1086 1488 1159 sede
1519 1084 1831 1180 quadam
1853 1082 2115 1157 sedens
2136 1081 2417 1177 integra
2434 1082 2506 1155 in
2535 1084 2693 1180 ejus
2728 1081 3309 1163 extremitatibus,

669 1213 999 1286 videlicet
1053 1212 1261 1299 facie,
1321 1211 1658 1284 manibus
1718 1214 1789 1282 et
1845 1205 2153 1304 pedibus
2210 1206 2495 1280 videtur
2548 1209 3085 1305 inconsumpta.
3138 1206 3315 1283 Vidit

667 1339 834 1413 inde
868 1344 1304 1412 conventum
1353 1360 1411 1409 S.
1463 1334 1851 1425 Dominici,
1902 1333 2061 1432 ejus
2106 1342 2321 1432 caput
2370 1340 2445 1408 et
2504 1334 2959 1429 sepulturam
3006 1358 3095 1409 ex
3136 1356 3313 1409 mar-

671 1487 876 1538 more
907 1463 1080 1538 satis
1109 1462 1516 1559 preciosam
1549 1465 1621 1533 et
1651 1465 2011 1548 ornatam,
2045 1458 2412 1534 librariam
2439 1467 2517 1537 >et
2546 1462 2712 1539 alia.

769 1590 980 1663 Feria
1019 1588 1258 1676 tertia,
1313 1591 1398 1659 16
1440 1585 1724 1683 augusti
1763 1584 1841 1657 in
1872 1608 2112 1674 mane,
2150 1608 2320 1657 cum
2350 1608 2617 1685 magna
2654 1587 2895 1685 pluvia
2922 1584 3221 1661 recessit
3248 1608 3321 1659 ex

676 1714 1003 1789 Bononia
1055 1714 1364 1811 legatuS,
1427 1712 1650 1784 iturus
1708 1709 2083 1783 Mutinam.
2150 1714 2398 1786 Rmus.
2461 1717 2550 1788 D.
2608 1712 2994 1787 cardinalis
3068 1710 3323 1807 Strigo-

675 1840 972 1931 niensis,
1011 1839 1211 1913 ducis
1256 1838 1582 1913 Ferrarie
1615 1837 1833 1927 filius,
1869 1837 2059 1911 venit
2095 1836 2228 1910 sibi
2269 1835 2552 1909 obviam
2592 1860 2724 1933 per
2764 1858 2995 1911 unum
3036 1835 3323 1909 milliare

677 1965 786 2041 vel
819 1966 1014 2039 circa
1059 1974 1262 2038 extra
1301 1963 1678 2052 Mutinam,
1730 1962 1879 2052 ubi,
1933 1963 2138 2036 tactis
2183 1960 2545 2052 manibuS‚
2602 1987 2681 2035 se
2730 1970 2988 2036 mutuo
3040 1960 3320 2035 osculati

677 2096 990 2183 fuerunt,
1051 2091 1352 2165 detectis
1410 2090 1792 2187 capitibus,
1848 2088 1996 2163 Sub
2047 2095 2259 2185 porta
2296 2094 2635 2185 receptus
2673 2087 3323 2185 processionaliter,

675 2217 956 2315 legatus
1002 2222 1073 2291 et
1113 2215 1188 2288 in
1228 2215 1355 2288 illa
1402 2215 1767 2290 osculatus
1818 2217 1927 2287 est
1977 2235 2291 2302 crucem,
2340 2237 2471 2311 per
2518 2218 2602 2287 R.
2660 2217 2738 2286 P.
2791 2219 2880 2287 D.
2932 2213 3323 2287 Johannem

680 2339 1103 2437 episcopum
1146 2339 1592 2428 Firmanum,
1633 2338 1707 2410 in
1737 2338 2275 2435 pontificalibus
2316 2338 2637 2436 episcopi
2680 2338 3116 2413 Mutinensis
3157 2337 3327 2411 vica-

681 2466 866 2539 rium
901 2465 1060 2563 [sibi
1095 2463 1462 2561 oblatam].
1514 2466 1817 2561 Propter
1853 2464 2084 2538 lutum
2126 2470 2197 2539 et
2236 2471 2520 2561 tempus
2559 2463 2965 2560 pluviosum
2995 2487 3147 2539 non
3182 2464 3327 2537 des-

683 2590 924 2664 cendit
950 2613 1038 2663 ex
1069 2589 1287 2662 mula.
1327 2587 1723 2663 Cardinalis
1757 2587 2273 2686 Strigoniensis
2303 2612 2450 2663 non
2480 2590 2849 2663 osculatus
2881 2595 2996 2665 est
3024 2610 3325 2675 crucem,

678 2713 851 2788 licet
897 2713 1176 2813 legatus
1209 2736 1374 2787 eum
1404 2712 1802 2804 invitasset,
1841 2711 2009 2809 quia
2044 2712 2223 2786 dixit
2266 2712 2400 2785 sibi
2442 2737 2588 2786 nou
2630 2714 3052 2803 convenire,
3098 2736 3235 2787 nec
3270 2712 3329 2785 in

682 2838 992 2913 ecclesia
1031 2837 1164 2912 fuit
1195 2836 1451 2911 eadem
1483 2836 1765 2910 ratione
1804 2836 2245 2910 incensatuS.
2276 2836 2510 2911 Ambo
2556 2837 2960 2913 cardinales
3000 2842 3333 2912 venerunt

681 2964 952 3061 pariter
1004 2964 1137 3037 sub
1185 2961 1618 3036 baldachino
1663 2961 1855 3058 quod
1904 2960 2311 3061 presbyteri
2370 2963 2517 3037 sive
2576 2962 2819 3039 clerici
2882 2970 3331 3060 portaverunt

681 3112 812 3187 per
842 3095 1328 3163 transversum
1364 3094 1440 3161 ut
1479 3086 1936 3161 commodius
1978 3109 2103 3161 eos
2134 3093 2451 3184 caperet.
2488 3092 2569 3161 In
2602 3088 2915 3162 ecclesia
2948 3086 3333 3165 cathedrali

685 3213 862 3287 dixit
921 3214 1325 3289 orationem
1370 3211 1459 3287 de
1510 3236 1570 3285 s.
1626 3210 2078 3301 Geminiano,
2130 3211 2471 3309 episcopo
2536 3214 2985 3303 confessore,
3039 3222 3333 3311 patrono

683 3338 1016 3413 ecclesie.
1056 3339 1268 3414 Dedit
1298 3337 1914 3427 benedictionem,
1967 3346 2165 3413 stans
2204 3344 2283 3411 ut
2322 3341 2396 3413 in
2441 3340 2753 3431 ecclesia
2799 3338 3331 3425 Assisinatensi,

682 3468 755 3538 et
802 3461 1286 3559 indulgentias
1317 3464 1533 3537 trium
1563 3487 1917 3537 annorum
1950 3470 2024 3536 et
2054 3463 2355 3537 totidem
2387 3462 3029 3560 quadragenarum·
3050 3468 3336 3560 propter

680 3588 1123 3684 presentiam
1179 3588 1561 3663 cardinalis
1621 3587 2162 3685 StrigoniensiS,
2226 3613 2405 3686 quas
2472 3587 2969 3687 pronunciavit
3022 3588 3339 3685 prefatus

683 3712 1064 3809 episcopus
1119 3714 1523 3789 FirmanuS.
1584 3718 1664 3787 In
1727 3714 2145 3812 aspersione
2200 3737 2387 3811 aque
2448 3713 2859 3802 benedicte,
2924 3713 3001 3787 in
3054 3712 3339 3789 introitu

683 3839 1020 3930 ecclesie,
1054 3840 1332 3938 legatus
1364 3839 1672 3937 aspersit
1709 3840 1944 3936 primo
1972 3838 2414 3914 cardinalem
2446 3840 3053 3938 Strigoniensem,
3086 3838 3337 3914 deinde

681 3986 759 4037 se
793 3968 864 4036 et
889 3962 1101 4053 alios;
1137 3970 1210 4038 et
1237 3963 1380 4037 alia
1407 3962 1787 4039 observata
1819 3971 1985 4039 sunt
2019 3988 2221 4038 more
2256 3965 2493 4039 solito.

780 4092 958 4163 Cum
1005 4088 1366 4163 cardinale
1417 4088 1895 4186 Strigoniensi
1940 4097 2289 4164 venerunt
2341 4094 2489 4164 RR.
2540 4092 2614 4165 in
2664 4089 2946 4165 Christo
2989 4092 3134 4165 ΡΡ.
3188 4092 3333 4163 DD.

679 4218 1059 4308 AntoniUS,
1094 4217 1478 4316 episcopus
1508 4216 2057 4308 Sarsinatensis,
2092 4216 2213 4313 qui
2244 4216 2582 4313 equitavit
2610 4238 2651 4289 a
2682 4215 2987 4289 sinistris
3020 4212 3337 4313 episcopi

683 4341 1238 4439 FulginatensiS,
1287 4342 1360 4415 in
1412 4341 1644 4439 primo
1683 4342 1845 4415 loco
1902 4347 2066 4440 post
2104 4342 2534 4433 cardinaleS,
2586 4349 2658 4417 et
2692 4342 2923 4417 Julius
2958 4344 3187 4415 Cesar
3218 4336 3335 4438 (1).

683 4466 1068 4565 episcopus
1113 4472 1444 4542 Lucanus
1483 4467 1825 4563 equitavit
1868 4492 1911 4540 a
1956 4467 2263 4541 sinistris
2311 4467 2631 4565 episcopi
2673 4466 3233 4543 Assisinatensis
3271 4464 3341 4536 iu

683 4594 1002 4668 secundo
1031 4592 1224 4684 loce,
1262 4600 1333 4668 et
1365 4592 1803 4667 Bertrandus
1835 4592 1926 4667 de
1978 4592 2407 4683 CostabuliS,
2445 4593 2668 4666 frater
2702 4596 2790 4666 D.
2836 4588 3339 4690 protonotarii,

683 4718 804 4813 qui
837 4719 1175 4815 equitavit
1205 4743 1248 4793 a
1277 4719 1585 4794 sinistris
1615 4718 2091 4815 protonotarii
2127 4718 2222 4792 de
2264 4717 2681 4807 BentivoliS,
2727 4718 2851 4814 qui
2894 4717 3219 4815 legatum
3256 4714 3343 4788 de

684 4842 1010 4915 Bononia
1053 4866 1276 4940 usque
1327 4844 1417 4917 ad
1473 4842 1823 4917 Mutinam
1882 4844 2287 4919 associavit.
2354 4843 2900 4918 Protonotarius
2954 4851 3205 4919 noster
3254 4840 3341 4913 de

679 4968 977 5065 Aspetia
1025 4967 1289 5043 mansit
1337 4970 1412 5043 in
1461 4973 1712 5045 Castro
1763 4973 2071 5045 Franco,
2126 4969 2213 5043 Hi
2254 4977 2403 5043 tres
2449 4967 2703 5066 prelati
2757 4990 2927 5041 cum
2978 4964 3341 5041 cardinale

755 5250 806 5302 l.
847 5248 938 5304 Sic
966 5244 1107 5305 dans
1131 5248 1257 5303 tous
1275 5241 1357 5303 les
1385 5262 1522 5305 mss.
1549 5246 1628 5303 En
1656 5244 1814 5315 1496,
1846 5244 2091 5319 l’eveque
2128 5245 2195 5303 de
2235 5245 2489 5320 Lucques
2526 5242 2665 5303 etait.
2690 5244 2913 5305 Nicolas
2958 5240 3333 5305 Sandonnino,
