3625 6059
231 552 518 617 [Decembre
553 552 700 613 1492]
881 548 1134 605 RERUM
1183 536 1634 606 URBANARUM
1674 548 2202 607 COMMENTARII.
2806 560 2871 615 17

229 703 452 779 rubeis
483 709 864 801 cooperte,
898 700 1172 775 familia
1197 696 1370 777 vero
1401 700 1493 775 ad
1521 725 1910 777 numerum
1943 703 2133 777 inter
2164 708 2304 778 700
2335 711 2409 780 et
2439 710 2606 799 800,
2644 731 2875 803 quan-

227 838 368 906 tum
413 828 662 921 audivi,
719 826 1116 903 ascendere
1148 825 1548 900 dicebatur.
1605 831 1784 900 Cum
1838 828 1911 901 in
1965 828 2075 901 via
2124 828 2465 903 strictiori
2514 853 2870 923 essemuS,

225 952 644 1053 precedebat.
682 952 1067 1027 cardinalis
1115 951 1378 1024 Montis
1429 952 1744 1049 RegaliS,
1794 977 2014 1049 quem
2056 953 2495 1052 sequebatur
2533 956 2877 1056 princeps

227 1089 294 1155 et
342 1079 734 1177 principem
788 1077 1142 1154 Ascanius
1201 1083 1271 1151 et
1319 1076 1544 1168 male3
1601 1100 1810 1153 secus
1859 1078 2223 1153 faciebant
2273 1080 2394 1153 alii
2444 1081 2587 1156 duo
2640 1083 2878 1157 cardi-

225 1205 436 1293 naleS,
485 1205 820 1280 videlicet
865 1204 1380 1301 Neapolitanus
1423 1210 1496 1278 et
1537 1205 1909 1296 SenensiS,
1963 1206 2082 1301 qui
2128 1206 2201 1279 in
2246 1206 2459 1281 simili
2502 1208 2615 1282 via
2664 1209 2877 1284 ambo

228 1331 448 1427 ipsum
477 1328 995 1425 sequebantur,
1031 1330 1225 1425 quod
1255 1330 1633 1405 honestius
1664 1329 1825 1405 fuit.

325 1456 645 1531 Perventi
679 1454 771 1529 ad
800 1454 1174 1554 palatium,
1212 1455 1672 1529 ascendimus
1717 1456 1806 1529 ad
1838 1456 2201 1553 pontificis
2250 1461 2718 1556 presentiam,
2763 1459 2883 1557 qui

227 1582 614 1681 principem
657 1580 730 1652 in
788 1579 1042 1655 ultima
1097 1604 1188 1654 ex
1227 1582 1430 1654 novis
1485 1580 1792 1655 cameris
1836 1582 2046 1679 juxta
2104 1586 2567 1660 secretariam
2620 1608 2883 1681 expec-

231 1709 432 1797 tabat,
469 1712 544 1781 et
578 1729 742 1779 cum
775 1728 864 1779 eo
905 1705 1224 1803 quinque
1251 1705 1683 1796 cardinaleS,
1722 1706 2051 1781 videlicet
2078 1710 2617 1806 NeapolitanuS,
2649 1708 2881 1783 sancti

227 1831 634 1920 ClementiS,
699 1836 948 1903 sancte
1001 1830 1408 1923 Anastasia,
1483 1831 1925 1905 camerarius
1986 1834 2285 1907 Ursinus
2353 1858 2437 1907 ac
2504 1834 2876 1908 Senensis,

227 1963 392 2033 Post
439 1956 844 2055 principem
899 1956 1344 2031 intraverunt
1397 1955 1544 2048 alii,
1593 1955 1925 2031 videlicet
1970 1964 2296 2033 oratores
2338 1959 2723 2057 supradicti
2780 1966 2880 2048 et,

227 2110 306 2158 ex
351 2081 702 2181 principis
750 2080 1024 2155 familia
1065 2104 1324 2156 omnes
1368 2081 1680 2157 barones
1731 2090 1804 2157 et
1847 2084 2167 2176 nobiles,
2210 2086 2329 2181 qui
2370 2092 2441 2159 et
2478 2090 2641 2182 post
2683 2084 2885 2183 prin-

229 2209 450 2307 cipem
489 2231 538 2280 a
579 2230 772 2305 papa
814 2207 904 2281 ad
942 2206 1176 2304 pedis,
1226 2231 1484 2281 manus
1526 2213 1597 2280 et
1635 2207 1782 2282 oris
1815 2209 2145 2283 osculum
2186 2219 2589 2309 receptum,
2622 2194 2885 2307 pedem

225 2358 396 2433 pape
466 2332 1018 2422 deoscularunt,
1080 2331 1405 2430 principe
1473 2332 1765 2407 interim
1826 2336 1916 2407 ad
1974 2335 2338 2409 sinistram
2394 2359 2605 2433 pape,
2672 2358 2889 2432 super

227 2459 522 2554 quodam
575 2457 871 2533 cussino
911 2458 1324 2554 genuflexo.
1375 2458 1837 2533 Ordinaverat
1872 2461 2069 2534 enim
2106 2459 2459 2535 Ascanius
2504 2458 2887 2533 cardinalis

229 2584 622 2684 principem
664 2589 830 2681 post
863 2604 1118 2656 omnes
1155 2582 1560 2657 cardinales
1593 2583 1851 2659 sedere
1892 2583 2186 2674 debere,
2224 2585 2418 2683 quod
2455 2609 2592 2683 ego
2632 2606 2887 2683 preca-

234 2733 392 2783 vens
421 2709 630 2789 volui,
653 2708 892 2807 potius
924 2708 1118 2805 quod
1149 2708 1572 2805 genuflexus
1615 2708 1885 2783 ibidem
1917 2718 2402 2807 permaneret,
2446 2734 2665 2808 quam
2696 2708 2891 2807 quo'd

235 2835 300 2907 in
347 2836 504 2910 loco
559 2834 706 2909 sibi
765 2857 913 2908 non
972 2833 1430 2907 convenienti
1492 2834 1803 2908 sederet.
1859 2840 2039 2910 Nam
2086 2836 2291 2910 locus
2340 2843 2509 2911 ante
2552 2836 2885 2911 ultimum

237 2959 609 3035 diaconum
645 2958 1118 3043 cardinalem,
1167 2958 1226 3031 si
1265 2982 1414 3033 non
1448 2964 1643 3049 ante,
1689 2966 1762 3033 et
1802 2984 2021 3057 supra
2057 2960 2300 3057 plures
2344 2960 2717 3050 diaconos,
2755 2957 2887 3034 sibi

237 3084 660 3173 debebatur3
699 3084 830 3158 sed
857 3083 1208 3157 Ascanius
1231 3082 1640 3173 cardinaliS,
1678 3084 1941 3158 ducem
1966 3108 2174 3158 suum
2200 3083 2584 3159 Mediolani
2617 3082 2892 3181 magni-

235 3210 440 3283 ficare
469 3210 750 3299 volenS,
779 3208 892 3281 cui
917 3208 1120 3283 locus
1147 3209 1259 3281 vix
1291 3215 1454 3306 post
1481 3208 1885 3283 cardinales
1911 3208 2241 3311 debetur,
2268 3211 2464 3283 hunc
2488 3208 2703 3283 etiam
2726 3214 2892 3307 post

237 3335 632 3410 cardinales
661 3357 936 3431 ponere
963 3334 1213 3425 voluit,
1249 3333 1735 3429 utaliquando
1768 3335 1924 3433 ipso
1952 3336 2118 3409 duci
2144 3334 2531 3411 Mediolani
2558 3333 2891 3431 magnifi-

238 3483 390 3538 care
429 3459 688 3535 volens
721 3483 888 3533 cum
931 3457 1172 3555 aliquo
1219 3482 1309 3533 ex
1339 3482 1592 3557 regum
1625 3460 1792 3533 filiis
1840 3462 1913 3535 in
1958 3462 2147 3535 Urbe
2195 3468 2702 3551 concurrente,
2747 3459 2896 3532 dis-

239 3588 622 3685 ceptationi
652 3586 857 3660 locus
898 3583 988 3661 de
1027 3584 1496 3680 precedentia
1535 3593 1603 3660 et
1646 3607 1734 3659 eo
1767 3610 1940 3661 casu
1987 3586 2125 3661 dux
2170 3585 2556 3661 Mediolani
2598 3592 2898 3683 propter

237 3713 634 3811 potentiam
663 3710 1140 3809 preferendus
1181 3716 1254 3784 et
1272 3709 1656 3809 juvandus

325 3841 446 3915 His
494 3839 610 3913 sic
653 3836 992 3935 peractis,
1042 3834 1382 3933 princeps
1447 3835 1770 3933 prefatus
1822 3860 1865 3909 a
1917 3836 2200 3909 RRmis.
2238 3840 2389 3910 DD.
2426 3835 2897 3933 Neapolitano

242 3972 306 4039 et
355 3962 668 4039 Senensi
730 3984 954 4057 usque
1019 3960 1110 4033 ad
1170 3959 1558 4056 Apostolos
1617 3965 1689 4035 et
1743 3960 2091 4057 palatium
2148 3961 2333 4035 Rmi.
2386 3966 2472 4035 D.
2520 3958 2898 4034 cardinalis

243 4090 454 4165 sancti
496 4087 700 4163 Petri
739 4086 832 4160 ad
869 4083 1202 4175 Vincula,
1261 4085 1336 4157 in
1380 4108 1526 4182 quo
1569 4084 2052 4191 hospitandus
2092 4094 2275 4175 erat,
2320 4083 2719 4158 associatus
2759 4089 2894 4171 est,

243 4214 508 4291 medius
559 4216 756 4290 inter
809 4212 1108 4287 eosdem
1167 4210 1572 4285 cardinales
1628 4209 2045 4307 equitando.
2112 4215 2283 4285 Post
2335 4232 2501 4285 eum
2552 4211 2905 4283 venerunt

245 4341 483 4437 prelati
528 4336 816 4437 palatii,
853 4344 1176 4411 oratores
1220 4342 1294 4410 et
1335 4334 1454 4408 alii
1495 4335 1776 4432 prelati,
1824 4358 1913 4410 eo
1953 4335 2206 4411 ordine
2244 4360 2389 4432 quo
2428 4336 2518 4411 de
2550 4340 2903 4409 Laterano

247 4466 326 4539 ad
353 4466 705 4565 palatium
735 4462 1215 4561 apostolicum
1249 4468 1617 4536 venerant.
1655 4464 1837 4535 Cum
1868 4467 2114 4536 essent
2144 4468 2311 4537 ante
2346 4470 2629 4559 portam
2661 4457 2904 4557 palatii

247 4590 540 4689 predicti
573 4588 774 4687 apud
802 4588 1215 4687 Apostolos,
1239 4586 1576 4687 princeps
1599 4584 2086 4661 cardinalibus
2112 4585 2378 4683 gratias
2409 4607 2626 4681 agere
2652 4582 2901 4675 voluit,

253 4715 368 4789 sed
409 4716 553 4813 ipsi
599 4713 1123 4789 antecedentes
1165 4711 1568 4810 principem
1619 4710 1857 4808 ipsum
1904 4734 2133 4806 usque
2173 4710 2363 4782 intus
2402 4709 2492 4783 ad
2532 4708 2907 4785 introitum

251 4864 486 4915 versus
541 4841 868 4928 hortum,
923 4838 1044 4911 ubi
1089 4837 1274 4911 ultra
1317 4836 1641 4931 equitare
1693 4858 1837 4909 non
1890 4838 2250 4932 poterant,
2305 4833 2781 4927 associarunt,
2836 4841 2909 4909 et

255 4966 538 5056 ibidem,
575 4964 881 5039 dimisso
921 4962 1276 5061 principe,
1313 4967 1776 5037 recesserunt
1800 4959 2204 5033 cardinales
2236 4967 2308 5034 et
2340 4960 2593 5057 prelati
2620 4984 2903 5050 omnes,

257 5090 574 5189 principe
617 5089 794 5189 ipsis
833 5090 1094 5186 gratias
1142 5110 1289 5160 non
1335 5087 1726 5174 referente,
1777 5084 1945 5181 quia
1986 5107 2130 5158 nox
2171 5092 2349 5175 erat,
2400 5092 2475 5159 et
2517 5086 2669 5182 ipse
2713 5084 2911 5182 prin-

262 5238 418 5313 ceps
445 5241 586 5314 per
615 5212 1042 5305 cardinaleS,
1093 5220 1170 5289 ut
1211 5211 1674 5311 premittitur,
1723 5215 1966 5307 preter
2006 5210 2270 5285 bonam
2313 5207 2911 5284 consuetudinem

541 5372 594 5409 τ.
639 5371 698 5410 ιι.
2566 5351 2601 5401 2
