3625 6059
252 566 403 629 [Aotlt
426 565 567 628 1496]
902 564 1155 625 RERUM
1202 564 1657 623 URBANARUM
1696 566 2218 626 COMMENTARII.
2794 575 2903 635 297

254 720 457 806 sacto,
482 718 769 815 legatus
786 718 1191 815 procedens
1213 723 1379 793 ante
1398 718 1730 793 intimum
1754 719 2064 818 gradum
2083 724 2250 797 ante
2271 722 2597 797 medium
2622 722 2896 815 altaris,

254 842 485 932 oravit,
520 848 597 918 et
628 841 795 917 inde
824 842 919 917 ad
952 845 1251 919 domum
1282 844 1518 919 rediit.

339 968 607 1043 Eadem
660 968 803 1061 die,
867 970 1063 1045 circa
1116 970 1375 1045 horam
1433 970 1791 1047 decimam
1853 994 2124 1047 nonam
2182 974 2484 1049 recessit
2529 997 2618 1049 ex
2673 972 2900 1049 Gallio

250 1096 541 1191 legatus,
584 1094 817 1169 iturus
867 1097 1579 1195 Forosempronium.
1636 1101 1777 1173 Per
1812 1100 2006 1173 viam
2053 1105 2403 1175 venerunt
2445 1098 2580 1174 sibi
2613 1098 2900 1175 obviam

252 1224 325 1295 R.
356 1222 435 1292 D.
466 1223 789 1295 Joannes
820 1220 1203 1320 episcopus
1236 1222 1735 1297 Urbinatensis
1761 1222 2022 1321 primo,
2059 1223 2324 1299 deinde
2351 1224 2784 1320 magnificus
2805 1228 2894 1299 D.

250 1344 767 1442 Sigismondus,
814 1352 1115 1444 patruus
1154 1346 1617 1423 illustrissimi
1664 1351 1750 1422 D.
1800 1348 2148 1423 Gnidonis
2195 1348 2398 1423 ducis
2445 1349 2723 1441 Urbini,
2772 1350 2893 1446 qui

252 1493 403 1547 eum
432 1494 665 1567 usque
697 1473 1387 1569 Forosempronium
1427 1473 1908 1579 associarunt,
1953 1474 2074 1549 ubi
2103 1474 2736 1572 processionaliter
2765 1475 2898 1550 sub

248 1603 439 1694 porta
490 1603 837 1695 receptus
885 1602 1021 1689 est,
1072 1598 1441 1696 preposito
1486 1599 1681 1674 illius
1714 1598 2026 1674 ecclesie
2082 1598 2410 1674 osticium
2469 1607 2892 1698 peragente,

250 1722 400 1819 quia
426 1721 705 1798 electus
736 1722 1523 1819 ForosemproniensiS,
1568 1724 1689 1820 qui
1729 1724 2050 1821 legatum
2091 1724 2526 1815 associabat,
2573 1726 2896 1799 nondum

251 1855 382 1921 erat
436 1854 933 1939 consecratus,
978 1848 1229 1945 sicque
1276 1848 1811 1947 pontificalibus
1854 1849 2184 1945 insigniis
2227 1851 2330 1926 uti
2391 1872 2535 1924 non
2581 1858 2890 1948 poterat.

250 1973 752 2049 Baldaehinum
782 1978 1169 2072 portarunt.
1188 1972 1379 2048 cives
1408 1973 1599 2049 illius
1621 1973 1791 2049 loci.
1823 1974 2250 2072 Magnificus
2279 1980 2364 2049 D.
2394 1975 2896 2073 Sigismondus

249 2098 543 2195 prefatus
582 2098 725 2173 sub
762 2104 975 2196 porta
1010 2121 1101 2173 ex
1140 2120 1331 2196 equo
1370 2098 1775 2189 descendit,
1811 2099 2098 2197 legatus
2130 2100 2560 2197 genuflexus
2601 2122 2896 2177 crucem

254 2224 591 2299 osculatus
624 2231 768 2299 est.
814 2227 895 2298 In
940 2224 1277 2315 ecclesia,
1334 2224 1513 2301 dixit
1550 2226 1958 2301 orationem
2001 2225 2094 2301 de
2137 2232 2392 2301 sancto
2429 2225 2896 2301 Aldobrando

252 2348 1030 2447 episcopo,cont'essore
1048 2356 1353 2448 patrono
1375 2352 1717 2442 ecclesie,
1734 2356 1809 2426 et
1829 2351 2193 2427 concessit
2215 2349 2698 2449 indulgentias
2721 2350 2896 2427 duo·

254 2498 395 2548 rum
410 2497 773 2551 annorum
802 2480 879 2551 et
900 2474 1203 2549 totidem
1219 2476 1852 2575 quadragenarum
1869 2500 2046 2573 quas
2063 2476 2458 2573 publicavit
2478 2475 2889 2573 prepositus

256 2600 539 2695 prefatus
573 2626 591 2675 :
631 2600 779 2675 alia
804 2623 1011 2675 more
1044 2600 1256 2675 solito
1290 2609 1459 2676 sunt
1486 2602 1891 2677 observata.

336 2727 667 2800 Ascendit
710 2726 972 2800 deinde
1014 2726 1282 2801 mulam
1314 2734 1411 2816 et,
1451 2734 1701 2802 vocato
1744 2728 1838 2802 ad
1881 2728 2250 2805 sinistram
2285 2752 2489 2805 suam
2535 2734 2620 2805 D.
2667 2731 2895 2827 Sigis-

256 2852 519 2942 mundo,
557 2851 905 2949 equitavit
948 2873 1176 2948 usque
1216 2852 1309 2927 ad
1350 2852 1697 2950 palatium
1742 2854 1948 2928 ducis
2001 2855 2252 2930 Urbini
2295 2857 2370 2929 in
2421 2878 2566 2951 quo
2609 2854 2888 2951 legatus

260 2976 387 3073 ipse
410 2977 815 3077 hospitatus
844 2984 979 3067 est,
1014 2986 1088 3054 et
1118 3000 1251 3053 nos
1282 3000 1539 3053 omnes
1570 3002 1737 3052 cum
1768 2979 2108 3075 expensis
2141 2980 2478 3056 omnibus
2515 2979 2724 3055 sactis
2763 3002 2892 3075 per

259 3102 463 3199 ipsum
490 3104 787 3180 ducem.

339 3229 525 3303 Feria
557 3229 909 3321 secunda,
946 3234 989 3303 8
1016 3231 1303 3326 augusti
1336 3230 1409 3303 in
1440 3251 1684 3320 mane,
1716 3230 2017 3303 recessit
2049 3228 2330 3327 legatus
2371 3251 2462 3304 ex
2500 3232 2887 3303 Forosem-

260 3354 503 3449 pronio,
537 3364 611 3431 et
636 3354 832 3430 venit
860 3359 1165 3445 Fanum,
1194 3354 1315 3429 ubi
1345 3354 1983 3453 processionaliter
2011 3360 2346 3451 receptus
2370 3362 2522 3445 est;
2564 3352 2892 3429 videlicet

260 3479 433 3573 pueri
489 3504 731 3556 ramos
793 3480 1143 3556 olivarum
1205 3480 1283 3555 in
1338 3481 1677 3555 manibus
1736 3486 2142 3577 gestantes,
2197 3485 2272 3555 et
2337 3479 2824 3555 acclamantes
2867 3503 2883 3552 z

268 3602 523 3679 chiesa!
576 3606 881 3683 Gkiesa!
918 3605 1443 3703 aliquantulum
1492 3611 1696 3681 extra
1740 3613 2026 3702 portam
2071 3610 2423 3680 venerunt
2468 3604 2708 3703 legato
2757 3604 2890 3679 ob-

262 3726 441 3803 viam.
483 3733 611 3818 Qui
660 3732 797 3805 sub
838 3736 1047 3828 porta
1094 3731 1523 3827 genuflexus
1571 3753 1864 3805 crucem
1903 3732 2268 3807 osculatus
2316 3736 2425 3807 est
2469 3754 2510 3806 e
2553 3730 2889 3805 manibus

262 3852 467 3930 locum
502 3856 817 3935 tenentis
856 3854 1182 3954 episcopi
1227 3855 1523 3929 infirmi.
1557 3855 1906 3930 Ascendit
1934 3856 2232 3945 mulam,
2267 3862 2342 3931 et
2379 3856 2572 3931 cives
2603 3856 2888 3931 obtule-

265 3985 400 4055 runt
424 3982 551 4057 sibi
581 3982 821 4057 claves
861 3982 1191 4073 civitatiS,
1227 3981 1425 4078 quod
1452 3980 1968 4055 inconveniens
2005 3980 2238 4053 visum
2283 3979 2414 4054 t'uit
2456 4004 2544 4053 ex
2575 4002 2665 4055 eo
2696 3980 2890 4077 quod

269 4101 475 4180 civitas
512 4111 731 4205 Pape‚
778 4106 1043 4181 sitnon
1082 4128 1365 4195 eorum,
1402 4106 1653 4202 sicque
1693 4128 1840 4179 non
1871 4110 2176 4203 possunt
2214 4103 2304 4178 de
2347 4126 2438 4179 ea
2468 4103 2884 4202 disponere.

266 4229 779 4327 Responderunt
842 4220 1301 4307 consuetum'
1344 4255 1507 4305 esse
1570 4232 1675 4305 sic
1732 4229 1931 4319 fieri,
1993 4230 2214 4305 etiam
2276 4228 2884 4327 gubernatoribus

268 4348 655 4433 intrantibus
704 4356 965 4456 quibus
1021 4355 1338 4431 offerunt
1384 4356 1647 4448 claveS,
1697 4363 1773 4430 ut
1828 4354 2124 4430 nomine
2184 4354 2556 4431 Pontificis
2605 4354 2886 4452 possint

266 4498 371 4571 pro
396 4479 585 4559 libito
614 4506 747 4557 suo
776 4482 869 4557 de
898 4505 989 4558 ea
1023 4479 1439 4578 disponere.
1474 4480 1691 4557 Venit
1720 4479 1857 4553 sub
1885 4477 2320 4553 baldachino
2342 4477 2628 4575 legatus
2656 4500 2886 4576 usque

268 4600 341 4673 ad
384 4607 749 4683 ecclesiam
806 4605 1341 4695 cathedralem,
1392 4606 1587 4702 quod
1641 4605 1834 4681 cives
1891 4607 2376 4703 portaverunt.
2433 4603 2513 4675 ln
2573 4602 2884 4679 eeclesia

267 4721 505 4822 legatus
540 4732 713 4809 dixit
750 4733 1153 4808 orationem
1188 4732 1280 4807 de
1322 4739 1575 4807 sancto
1619 4733 2042 4815 Fortunate,
2077 4725 2418 4824 episcopo
2463 4726 2883 4801 confessore

269 4857 529 4941 patrono
551 4858 884 4947 ecclesie,
910 4864 983 4933 et
1012 4857 1208 4933 dedit
1236 4856 1725 4955 indulgentias
1754 4856 2064 4929 duorum
2089 4872 2446 4927 annorum
2477 4863 2549 4929 et
2580 4852 2882 4929 totidem

272 4976 869 5078 quadragenarum,
912 5006 1093 5080 quas
1134 4980 1526 5081 publicavit
1564 4980 1886 5079 prefatus
1932 4979 2460 5055 locumtenens.
2507 4979 2886 5056 Benedixit

275 5101 435 5175 stans
468 5103 539 5179 in
574 5108 883 5183 ecclesia
915 5108 1289 5201 assistens,
1327 5107 1587 5183 deinde
1628 5106 1824 5181 venit
1851 5106 1944 5181 ad
1971 5106 2320 5205 palatium
2370 5104 2880 5206 gubernatoris

274 5216 331 5291 in
354 5246 476 5319 quo
496 5230 893 5331 hospitatus
922 5240 1059 5325 est,
1088 5237 1164 5309 et
1193 5256 1329 5309 nos
1356 5233 1529 5308 hinc
1554 5240 1629 5308 et
1658 5231 1834 5309 inde
1863 5231 1934 5305 in
1967 5230 2304 5307 domibus
2327 5231 2616 5320 civium,
2646 5250 2886 5356 οαῑιιί-
