3625 6059
250 557 361 620 mai
392 553 535 613 1⁴⁹⁴]
892 547 1144 604 RERUM
1192 543 1647 603 uassANARUM
1688 545 2212 609 COMMENTAnu.
2801 563 2904 617 167

250 707 435 795 dum,
470 710 543 781 et
582 703 768 778 duos
809 701 1081 776 similes
1116 701 1206 776 ad
1247 700 1677 793 sedendum,
1712 709 1785 778 et
1823 704 2174 782 sedebant
2213 712 2644 810 quandoque
2690 715 2904 792 sede-

248 835 406 907 bant
444 831 751 928 legatus·
784 833 855 902 ot
898 849 1029 900 rex
1072 833 1147 900 et
1186 849 1353 901 cum
1402 826 1541 900 illis
1592 829 1809 902 etiam
1859 833 2142 906 stabant
2175 841 2247 908 et
2282 838 2893 931 genuflectebant;

247 959 346 1032 Ad
373 955 850 1031 elevationem
899 951 1363 1042 sacramenti,
1416 973 1724 1050 sponsus
1781 959 1853 1028 et
1905 978 2174 1062 sponsa
2229 960 2591 1056 genuflexi
2640 970 2898 1038 tenue-

250 1091 397 1158 runt
420 1079 729 1180 quilibet
768 1102 991 1152 unum
1031 1100 1325 1152 cereum
1370 1076 1611 1150 album
1654 1078 1958 1175 pulchre
1987 1081 2394 1157 laboratum
2428 1110 2507 1160 111
2551 1089 2897 1166 librarum

248 1210 343 1286 vel
402 1208 625 1297 circa,
670 1229 719 1280 x
773 1205 1077 1279 ducatos
1116 1202 1376 1277 infixos
1419 1200 1727 1293 hahens,
1774 1203 1934 1277 illos
1990 1229 2068 1278 se
2128 1214 2460 1283 tenentes
2521 1237 2748 1310 usque
2805 1216 2894 1287 ad
2937 1227 2942 1231 '

246 1337 447 1410 {inem
509 1332 776 1420 misse,
840 1337 1141 1426 excepto
1200 1350 1287 1401 eo
1350 1334 1675 1424 tempore
1749 1351 1894 1424 quo
1963 1331 2068 1402 eis
2120 1357 2260 1430 pax
2319 1334 2666 1430 dabatur;
2727 1345 2894 1415 tunc

246 1460 531 1536 clericus
588 1453 1183 1532 sacriste·tenuit
1236 1453 1489 1528 ambos
1538 1476 1794 1530 cereos
1844 1463 1943 1547 et,
1987 1481 2166 1553 pace
2209 1468 2533 1558 accepta,
2581 1463 2739 1538 illos
2790 1466 2894 1540 eis

248 1586 561 1662 restituit.

331 1715 540 1785 Facta
572 1705 981 1782 elevatione
1012 1703 1446 1778 sacramenti
1476 1709 1756 1778 tentum
1788 1705 1922 1780 fuit
1963 1731 2184 1805 super
2207 1734 2555 1807 sponsum
2581 1721 2654 1788 et
2685 1738 2895 1813 spon„

252 1861 385 1912 sam
426 1833 948 1910 baldachinum
988 1853 1156 1905 cum
1194 1839 1505 1928 quatuor
1532 1830 1838 1919 baculiS,
1864 1855 2172 1926 quorum
2208 1859 2429 1910 unum
2459 1837 2748 1912 tenebat
2777 1840 2882 1915 lll.

254 1969 325 2038 Ι).
351 1961 719 2036 lohannes
751 1957 1325 2032 Picco'lomineus
1353 1957 1441 2030 de
1471 1957 1836 2053 Aragonia
1864 1959 2189 2032 marchio
2215 1961 2412 2034 Lisiti
2439 1962 2663 2040 frater
2686 1965 2889 2040 ducis

252 2087 450 2178 Melfl,
503 2109 743 2184 nepos
800 2084 987 2160 Rmi.
1041 2082 1427 2157 cardinalis
1486 2082 1830 2158 Senensis
1875 2105 1960 2157 ex
2006 2084 2260 2176 fratre,
2312 2088 2741 2186 magnificus
2800 2095 2886 2165 D.

255 2213 524 2288 Carolus
554 2235 812 2286 comes
832 2209 1146 2286 Venafro
1178 2207 1605 2301 secundum,
1633 2208 1926 2285 tertium
1947 2207 2049 2299 (et
2073 2211 2288 2300 male,
2314 2212 2482 2309 quia
2509 2214 2892 2312 religiosus

256 2365 379 2416 non
416 2339 632 2414 debet
674 2335 956 2434 gravari
996 2335 1074 2408 in
1128 2332 1509 2432 similibus)
1557 2334 1934 2431 religiosus
1984 2339 2070 2408 D.
2117 2337 2587 2412 Collerandus
2639 2341 2898 2438 Borgia

256 2467 437 2542 miles
477 2463 761 2540 ordinis
806 2461 1036 2535 sancti
1070 2459 1420 2534 ‚Iohannis
1468 2459 2107 2551 Hierosolimitani,
2144 2461 2365 2536 frater
2395 2464 2580 2538 Rmi.
2619 2471 2703 2541 D.
2742 2492 2898 2543 car-

259 2591 487 2666 dinalis
516 2586 775 2687 legati,
801 2592 871 2663 et
896 2591 1230 2682 quartum
1262 2583 1686 2680 magnificus
1714 2588 1800 2658 D.
1831 2584 2382 2660 Bartholomeus
2412 2591 2626 2665 Serra
2655 2593 2888 2686 miles,

142 2813 151 2822 ·
260 2743 457 2818 usque
488 2719 578 2794 ad
607 2723 783 2816 post
811 2711 1399 2791 communionem
1432 2708 1889 2784 celebrantis,
1931 2711 2138 2788 Dicto
2177 2737 2311 2810 per
2345 2715 2836 2792 celebrantem
2874 2743 2888 2790 ε

258 2845 385 2920 Per
422 2845 655 2920 omnia
716 2839 949 2915 secula
996 2837 1391 2912 seculorum
1436 2841 1602 2911 ante
1644 2861 1803 2932 pax
1859 2836 2180 2929 Domini,
2234 2840 2611 2913 celebrans
2660 2842 2896 2939 posuit

260 2977 773 3045 sacramentum
814 2989 1037 3062 super
1071 2970 1410 3062 patenam
1440 2984 1668 3059 usque
1700 2961 1896 3036 illam
1927 2964 2355 3059 particulam
2393 2988 2532 3063 que
2567 2965 2896 3061 sanguini

261 3103 389 3169 erat
412 3090 983 3179 commiscenda,
1022 3096 1093 3165 et
1119 3111 1509 3164 conversus
1552 3085 1641 3160 ad
1682 3110 2027 3183 sponsum
2057 3094 2129 3163 et
2155 3112 2496 3186 sponsam
2537 3091 2607 3164 in
2641 3114 2896 3165 eorum

256 3220 398 3293 loco
439 3223 984 3316 permanentes,
1020 3221 1217 3288 stans
1264 3212 1339 3284 in
1379 3210 1621 3284 medio
1653 3211 1896 3285 altaris
1929 3212 2103 3285 dixit
2145 3237 2362 3310 super
2393 3215 2499 3290 eis
2536 3217 2897 3288 Dominus

264 3343 577 3417 vobiscum
625 3343 959 3429 Ormeni,
982 3339 1380 3436 propitiare
1416 3339 1727 3412 Domine
1771 3349 1932 3429 etc„
1967 3345 2182 3435 prout
2212 3339 2284 3412 in
2328 3340 2690 3414 ordinario
2723 3365 2898 3416 nea-

262 3468 551 3568 politano
608 3468 708 3542 de
760 3465 1015 3540 ordine
1065 3462 1543 3539 benedicendi
1595 3485 1937 3560 sponsam
1981 3462 2419 3539 continetur.
2477 3469 2634 3551 Qua
2676 3467 2894 3558 dicta,

265 3619 624 3670 conversus
671 3594 766 3667 ad
807 3594 1031 3667 altare
1080 3590 1456 3664 celebrans
1510 3593 1808 3686 accepta
1859 3589 2216 3687 particula
2258 3590 2435 3665 dixit
2475 3615 2489 3664 :
2533 3592 2700 3666 Paoe
2748 3594 2900 3665 Do-

263 3721 417 3793 mini
440 3734 600 3811 etc„
638 3725 792 3794 tum
826 3717 1017 3793 dicta
1046 3715 1371 3790 oratione
1410 3721 1575 3812 post
1619 3713 1928 3788 Domine
1971 3713 2146 3788 Jesn
2198 3715 2478 3790 Christe
2515 3730 2676 3808 etc„
2712 3718 2901 3794 cele—

266 3846 456 3920 brans
485 3845 686 3920 dedit
715 3867 975 3943 pacem
1004 3843 1309 3917 diacono
1343 3865 1508 3916 cum
1540 3863 1693 3931 ore,
1731 3848 1802 3916 et
1835 3839 2181 3915 diaconus
2217 3862 2384 3913 cum
2426 3862 2553 3915 ore
2595 3865 2890 3939 spons0,

265 3977 505 4046 etcum
534 3995 663 4046 ore
702 3992 1010 4068 sponsus
1042 3989 1333 4066 sponse.
1364 3971 1678 4065 Legatus
1710 3973 1783 4044 et
1814 3991 1940 4041 rex
1983 3989 2126 4041 non
2161 3971 2566 4046 habuerunt
2605 3991 2888 4067 pacem,

266 4095 411 4191 quia
434 4097 531 4172 ita
551 4097 897 4171 dixerunt
924 4117 1083 4170 esse
1115 4100 1572 4169 consuetum.

344 4224 551 4298 Facta
581 4220 1127 4314 communione,
1162 4219 1482 4294 ablatum
1520 4218 1655 4295 suit
1687 4219 2226 4310 baldachinum,
2272 4228 2342 4297 et
2386 4219 2791 4320 repositum
2821 4218 2895 4292 in

269 4347 583 4423 sacristia.

348 4473 569 4548 Finita
614 4472 865 4563 missa,
904 4495 1212 4570 sponsus
1256 4478 1329 4546 et
1378 4497 1645 4569 sponsa
1686 4480 2155 4548 accesserunt
2198 4482 2366 4550 ante
2411 4473 2661 4564 altare,
2699 4481 2772 4548 et
2799 4473 2899 4546 ibi

268 4595 331 4667 in
370 4598 613 4673 ultimo
666 4598 893 4696 gradu
940 4621 1160 4696 super
1206 4597 1416 4672 dictis
1466 4599 1749 4672 duobus
1802 4599 2110 4672 cussinis
2163 4600 2740 4697 genuflexerunt.
2789 4598 2901 4672 Ad

276 4721 442 4817 ipsos
479 4747 873 4799 conversus
912 4721 1287 4798 celebrans
1337 4746 1501 4796 cum
1552 4723 1765 4798 mitra
1814 4730 2010 4799 stans
2061 4724 2236 4797 dixit
2274 4750 2288 4797 :
2329 4725 2560 4820 occisio
2608 4747 2902 4798 uxorem

275 4857 439 4920 tuam
488 4863 652 4942 ete„
698 4857 907 4947 prout
948 4850 1022 4922 in
1071 4848 1265 4923 dicto
1310 4847 1698 4921 ordinario.
1735 4853 1916 4923 Tum
1967 4872 2304 4945 sponsuS,
2339 4849 2602 4924 deinde
2637 4873 2905 4948 sponsa

277 4969 663 5050 obtulerunt
707 4974 1101 5051 celebranti
1156 4996 1406 5049 cereos
1457 4996 1623 5046 cum
1667 4973 1976 5066 ducatiS,
2012 4996 2308 5048 manum
2349 4973 2414 5048 ei
2448 4971 2898 5060 ‚osculantem

280 5095 351 5168 de
392 5100 645 5196 quibus
702 5106 946 5175 tamen
1006 5099 1271 5174 famule
1340 5100 1590 5196 regine
1650 5099 1833 5173 duos
1883 5100 2178 5175 ducatos
2255 5100 2562 5175 totidem
2619 5097 2903 5194 publice

286 5228 743 5315 extraxerunt,
776 5225 1104 5300 videlicet
1133 5225 1223 5300 de
1254 5224 1572 5321 quolibet
1601 5249 1815 5300 cereo
1848 5250 2070 5300 unum
2099 5227 2469 5300 ducatum.
