3625 6059
731 596 840 651 398
1665 592 1945 649 JOHANN
1951 594 2017 649 IS
2067 592 2511 659 BURCHARDI,
3060 592 3224 655 [Αῡὺῑ
3252 591 3367 651 1⁴⁹7]

733 747 951 822 faciet
985 746 1334 837 officium,
1373 753 1446 819 et
1475 746 1699 822 frater
1729 748 1982 820 Petrus
2013 745 2105 821 de
2136 750 2497 833 Ranzan0‚
2524 746 2798 821 ordinis
2827 744 3367 843 predicatorum,

733 873 1173 971 capellanuS‚
1204 870 1423 946 faciet
1453 873 1883 947 orationem.
1924 901 1958 937 »

829 996 1124 1074 Visitavi
1157 997 1414 1070 eadem
1447 996 1591 1085 die,
1617 995 1837 1071 etiam
1871 1002 1963 1069 20
1993 993 2304 1093 augusti,
2336 994 2819 1092 personaliter
2847 992 3178 1069 seniores
3208 1018 3375 1092 pres-

733 1125 1026 1223 hyteros
1066 1122 1492 1211 cardinaleS‚
1529 1129 1600 1197 et
1629 1122 1733 1197 eis
1764 1119 2083 1195 intimavi
2122 1121 2651 1195 absolutionem
2686 1120 3127 1195 faciendam.
3172 1120 3373 1195 Factis

734 1254 978 1323 autem
1026 1246 1348 1343 exequiis
1399 1246 1721 1345 prefatiS‚
1769 1244 1935 1318 dedi
1980 1244 2403 1319 schedulam
2452 1250 2537 1319 R.
2575 1250 2662 1320 D.
2700 1246 2989 1337 Carolo,
3027 1246 3367 1344 episcopo.
3495 1240 3496 1253 ¹

734 1370 1078 1467 magistro
1129 1368 1387 1443 domus
1438 1368 1622 1442 Rmi.
1676 1372 1761 1443 D.
1810 1370 2408 1463 vicecancellarii,
2453 1372 2577 1468 qui
2627 1396 2878 1447 curam
2931 1372 3373 1471 exequiarum
3495 1456 3496 1461 η

733 1495 1073 1584 habebat,
1120 1498 1391 1570 tenoris
1434 1496 1967 1593 subsequentiS‚
2014 1503 2087 1572 et
2141 1520 2309 1571 eum
2356 1498 2597 1595 rogavi
2642 1507 2721 1572 ut
2760 1498 3165 1587 ordinaret,
3199 1498 3373 1595 juxta

735 1621 1362 1711 consuetudinem,
1401 1619 1702 1717 singulis
1733 1620 2095 1694 satisfieri.

837 1750 1017 1820 Cera
1046 1769 1175 1842 pro
1206 1729 1742 1842 presidentibus
1773 1768 2064 1819 camere
2094 1745 2489 1843 apostolice
2529 1773 2544 1822 :

837 1920 974 1991 Pro
1031 1922 1242 1992 Rmo.
1288 1921 1374 1991 D.
1423 1917 1821 1991 camerario
1832 1972 3113 1999 ......................
3304 1945 3373 1993 n

838 2046 978 2117 Pro
1021 2042 1503 2141 gubernatore
1556 2041 1764 2117 Urbis
1815 2042 1963 2117 sive
2011 2042 2600 2120 vicecancellario
2613 2103 3113 2121 .........
3340 2070 3371 2113 x

840 2168 980 2243 Pro
1021 2168 1472 2242 thesaurario
1521 2167 1839 2265 generali
1854 2224 3113 2246 .......................
3337 2190 3371 2239 x

839 2294 978 2369 Pro
1009 2292 1330 2393 quolibet
1370 2290 1635 2369 clerico
1668 2318 1981 2387 camere,
2017 2320 2325 2394 quorum
2368 2303 2646 2395 septem
2685 2305 2882 2389 sunt,
2914 2298 3121 2373 vide-

625 2416 630 2420 ’
737 2420 909 2501 licet
947 2427 1110 2497 octo
1154 2416 1426 2495 faciunt
1437 2473 3111 2497 .............................
3280 2442 3369 2493 m

841 2552 980 2623 Pro
1024 2551 1110 2621 D.
1161 2546 1488 2619 auditore
1541 2570 1830 2620 camere
1846 2604 3111 2625 ......................
3270 2568 3371 2619 vm

839 2678 978 2749 Pro
1009 2671 1355 2746 advocato
1385 2670 1612 2745 fiscali
1625 2726 3111 2751 ..........................
3316 2694 3371 2743 iv

838 2798 978 2873 Pro
1003 2801 1470 2897 procuratore
1502 2797 1731 2872 fiscali
1743 2852 3111 2876 ........................
3316 2818 3371 2867 ιν
3495 2886 3496 2897 ¹

839 2923 978 2999 Pro
1009 2920 1354 2997 advocato
1383 2946 1786 3021 pauperum
1797 2981 3115 3000 .......................
3318 2942 3372 2993 iv
3495 2924 3496 2937 ¹

841 3050 976 3123 Pro
1017 3047 1337 3146 quolibet
1378 3048 1660 3121 notario
1700 3072 2019 3142 camere,
2057 3073 2367 3149 quornm
2408 3072 2664 3126 novem
2692 3055 2901 3153 sunt,
2934 3048 3125 3124 libre

739 3180 888 3249 tres
933 3175 1204 3249 faciunt
1217 3229 2467 3251 ......................
2488 3170 2502 3181 ’
2511 3230 3123 3251 ...........
3224 3190 3369 3244 xxva

842 3304 979 3375 Pro
1016 3298 1340 3396 quolibet
1377 3300 1643 3374 clerico
1675 3301 1990 3399 collegii,
2022 3326 2331 3400 quorum
2364 3301 2508 3375 duo
2541 3307 2732 3391 sunt,
2767 3299 2953 3376 libre
2994 3322 3129 3375 sex

742 3423 1009 3501 faciunt
1023 3480 3121 3499 ...................................
3296 3438 3365 3491 xn

2251 3604 2551 3679 Summa
2563 3659 3121 3677 ..........
3270 3616 3369 3671 etv

837 3759 922 3831 Et
939 3761 1194 3831 omnes
1210 3755 1623 3853 hujusmodi
1643 3756 1942 3831 candele
1963 3757 2228 3832 debent
2244 3780 2407 3832 esse
2432 3781 2521 3831 ex
2544 3754 2683 3829 illis
2702 3754 2965 3852 quibus
2983 3752 3227 3831 RRmi.
3246 3750 3360 3825 111).

737 3882 1138 3959 cardinales
1169 3882 1240 3955 in
1274 3906 1527 3957 mensa
1557 3882 1659 3956 uti
1691 3890 2245 3975 consueverunt,
2274 3890 2347 3959 et
2369 3881 2585 3957 simul
2616 3881 2800 3956 mitti
2832 3881 3107 3957 debent
3132 3881 3362 3955 decano

737 4008 1166 4086 clericorum
1199 4032 1487 4083 camere
1520 4009 1917 4106 apostolice
1944 4010 2056 4085 vel
2086 4010 2482 4101 mensari0‚
2518 4031 2653 4107 per
2681 4006 2920 4104 ipsum
2947 3998 3361 4107 supranomi-

735 4135 919 4209 natis
943 4133 1440 4209 distribuende
1474 4155 1489 4207 :
1514 4133 2105 4209 satisfaciendum
2127 4141 2237 4209 est
2259 4133 2479 4209 etiam
2503 4133 2979 4232 infrascriptis
3004 4132 3095 4209 de
3116 4144 3365 4207 consue-

739 4258 854 4350 tis,
888 4258 1219 4335 videlicet
1257 4257 1624 4358 magistris
1666 4257 2246 4335 ceremoniarum
2290 4260 2570 4359 cap-elle
2604 4264 2730 4336 SS.
2768 4262 2856 4335 D.
2890 4256 3123 4335 nostri
3153 4257 3234 4332 de
3260 4248 3363 4323 du·

737 4382 915 4460 catis
945 4386 1185 4459 aureis
1218 4386 1308 4460 de
1331 4409 1624 4460 camera
1653 4384 1727 4459 in
1757 4408 1931 4460 auro
1958 4384 2236 4461 ducatis
2268 4410 2438 4479 xxv,
2476 4386 2897 4463 cantoribus
2928 4386 3243 4487 ejusdem
3268 4396 3359 4450 ca·

735 4508 926 4609 pelle
955 4510 1046 4587 de
1073 4508 1348 4587 ducatis
1391 4511 1747 4587 similibus
1777 4538 1851 4585 x.
1888 4513 2207 4609 Exequie
2238 4512 2367 4611 huj
2378 4513 2657 4588 usmodi
2698 4512 3003 4614 predicti
3048 4500 3355 4611 quondam

739 4635 1127 4710 cardinalis
1169 4636 1259 4711 de
1299 4641 1574 4713 Lunate
1623 4632 1917 4712 fuerunt
1953 4637 2147 4711 dicta
2189 4638 2407 4713 unica
2446 4639 2563 4714 die
2603 4646 2884 4714 tantum
2932 4636 3271 4714 celebrate
3297 4624 3353 4697 el

738 4784 884 4837 non
919 4783 1051 4860 per
1079 4786 1333 4836 novem
1374 4763 1555 4853 dies,
1593 4761 1775 4838 sicut
1805 4762 1964 4836 aliis
1998 4762 2481 4838 cardinalibus
2512 4780 2673 4838 esse
2707 4764 3107 4839 consuevit.

841 4884 1186 4975 SabbatO,
1236 4890 1327 4959 26
1371 4885 1537 4961 dicti
1579 4885 1853 4961 mensis
1894 4888 2204 4986 augusti,
2250 4888 2365 4963 die
2408 4888 2875 4963 anniversarii
2916 4873 3347 4965 coronationis

739 5012 866 5084 SS.
905 5012 992 5083 D.
1031 5012 1118 5082 N.
1162 5008 1549 5084 Alexandri
1579 5036 1763 5111 pape
1803 5011 2013 5103 sexti,
2068 5036 2210 5109 qua
2252 5014 2502 5113 incipit
2528 5015 2997 5113 pontificatus
3036 5012 3136 5089 sui
3162 5020 3344 5086 annus

743 5140 1015 5225 sextuS‚
1053 5137 1302 5207 Rmus,
1334 5136 1419 5207 D.
1449 5134 1836 5211 cardinalis
1867 5162 1927 5212 5.
1955 5137 2203 5213 Crucis
2235 5138 2624 5215 celebravit
2647 5140 2945 5215 missam
2968 5140 3336 5216 solemnem,

745 5258 939 5355 Papa
973 5266 1044 5334 et
1067 5258 1472 5335 octodecim
1507 5262 1795 5337 RRmis.
1829 5265 1980 5337 DD·.
2012 5266 2470 5363 presentibus
2499 5264 2827 5340 videlicet
2856 5292 2871 5339 ε
2898 5260 3328 5363 Neapolitano,
