3625 6059
759 556 864 613 314
1667 540 2019 603 JOHANNIS
2068 540 2509 611 BURCHARm,
3095 544 3252 610 [Aout
3278 546 3395 609 tm]

765 718 1022 811 postea
1057 708 1238 783 alios
1279 703 1608 804 aspersit.
1657 706 1841 776 Tum
1886 701 2184 777 incenso
2224 696 2593 772 thuribulo
2640 696 2980 796 imposito
3025 700 3117 772 ab
3164 702 3391 775 eodem
3510 680 3512 685 ’

767 833 1425 933 archipresbytero,
1461 829 1656 903 solus
1685 827 1970 924 legatus
2002 831 2111 899 est
2140 824 2579 898 incensatus
2611 827 3135 899 Processerunt
3162 824 3393 900 deinde

765 963 856 1039 ad
887 963 1110 1037 altare
1142 958 1406 1056 majuS,
1443 954 1562 1029 ubi
1595 977 1812 1052 super
1842 952 2125 1027 duobus
2160 951 2448 1049 paribus
2478 950 2895 1023 faldistoriis
2924 973 3057 1046 pro
3084 951 3319 1047 legato
3344 961 3395 1025 et
3512 956 3514 971 ³

773 1092 954 1165 duce
997 1080 1561 1185 paratiS,·spatio
1601 1078 2071 1176 competenti,
2118 1075 2702 1175 genuflexerunt3
2746 1072 2889 1145 dux
2932 1074 3024 1147 ad
3062 1076 3399 1150 sinistram
3514 1094 3516 1217 t

768 1212 988 1309 legati
1020 1211 1090 1283 in
1125 1209 1339 1307 plano
1370 1203 1835 1302 presbyterii3
1872 1208 2197 1275 oratores
2239 1206 2435 1274 retro
2464 1222 2593 1275 eos
2623 1222 2843 1296 super
2871 1199 3183 1273 cussinis
3216 1224 3405 1299 super
3514 1220 3516 1241 ¹

773 1339 1005 1437 gradu
1038 1330 1358 1409 inferiori
1389 1350 1736 1404 ascensus
1766 1324 2197 1423 presbyterii
2225 1346 2357 1422 pro
2388 1324 2495 1398 eis
2532 1323 2815 1422 positiS.

875 1459 1290 1541 Versiculos
1329 1463 1401 1531 et
1443 1454 1847 1529 orationem
1888 1452 2067 1525 dixit
2098 1450 2418 1547 prefatus
2458 1447 3045 1548 archipresbyter
3083 1454 3405 1550 superle-
3516 1481 3518 1559 ι

770 1600 1060 1691 gatum3
1098 1586 1220 1684 qui
1259 1582 1519 1658 deinde
1565 1587 1764 1653 stans
1813 1576 1987 1650 dixit
2026 1577 2427 1650 orationem
2474 1575 2567 1649 de
2606 1576 2822 1651 beata
2860 1578 3091 1651 Maria
3130 1578 3401 1676 virgine,
3516 1560 3518 1613 ³

769 1724 1074 1819 patrona
1107 1710 1442 1785 ecclesie.
1481 1705 1688 1782 Dedit
1722 1702 2308 1777 benedictionem
2340 1708 2411 1775 et
2440 1701 2929 1799 indulgentias
2958 1704 3183 1778 trium
3214 1728 3409 1777 anno-

773 1864 934 1917 rum
971 1846 1043 1913 et
1081 1844 1390 1934 quatuor
1416 1830 2040 1929 quadragenarum
2076 1851 2253 1926 quas
2282 1828 2780 1925 pronunciavit
2816 1854 3007 1903 unus
3038 1854 3131 1905 ex
3160 1830 3409 1905 beneti-
3519 1867 3520 1929 t

774 1968 981 2043 ciatis
1014 1986 1139 2038 seu
1173 1957 1679 2035 mansionariis
1715 1982 1730 2029 ε
1767 1955 1901 2029 alia
1936 1955 2313 2030 observata
2342 1963 2509 2027 sunt
2546 1976 2749 2027 more
2782 1955 3023 2030 solito.
3518 1930 3520 1941 ⁴

871 2089 1222 2163 Omnibus
1253 2086 1372 2159 his
1413 2081 1752 2182 peractiS,
1798 2080 2083 2178 legatus
2112 2080 2524 2155 reascendit
2562 2080 2858 2170 mulam,
2896 2087 2969 2155 et
3007 2081 3159 2156 dux
3198 2105 3277 2155 ac
3312 2082 3405 2154 alii

772 2240 938 2293 cum
972 2238 1088 2305 e0,
1126 2211 1378 2285 ordine
1400 2209 1597 2307 prius
1619 2206 1841 2280 dicto.
1874 2206 2094 2281 Venit
2122 2206 2215 2279 ad
2242 2212 2563 2281 castrum
2594 2206 2713 2280 ubi
2745 2230 2914 2279 eum
2946 2206 3093 2279 dux
3126 2207 3407 2305 hospitio
3520 2253 3522 2329 4

775 2342 1078 2439 recepit,
1133 2338 1262 2411 sed
1302 2335 1723 2434 priusquam
1768 2332 1998 2406 exiret
2034 2332 2123 2406 de
2166 2332 2477 2407 ecclesia
2524 2332 3106 2430 metropolitana,
3164 2332 3300 2405 dux
3336 2331 3405 2403 ad

773 2474 1108 2566 rogatum
1167 2484 1414 2537 meum
1467 2460 1710 2557 posuit
1763 2480 2057 2531 manum
2123 2458 2244 2532 uni
2310 2458 2616 2556 stanghe
2678 2456 3089 2533 baldachini
3138 2466 3209 2532 et
3262 2456 3405 2531 illud

777 2588 1279 2693 parafrenariis
1316 2584 1538 2681 legati
1581 2583 1871 2657 donavit
1914 2590 1987 2657 et
2020 2582 2491 2681 consignavit.
2538 2587 2759 2657 Erant
2798 2583 2991 2657 enim
3026 2584 3145 2659 alii
3186 2590 3409 2657 contra
3523 2680 3524 2685 Ἰ

775 2716 952 2793 illud
989 2713 1126 2788 sibi
1159 2710 1524 2786 vindicare
1565 2708 1971 2805 cupienteS,
2010 2730 2157 2781 non
2198 2708 2527 2783 obstante
2573 2708 2768 2806 quod
2802 2709 2946 2782 dux
2986 2710 3271 2807 pridem
3306 2730 3413 2805 per

777 2843 1142 2917 civitatem
1181 2838 1512 2911 mandari
1548 2836 1845 2910 fecisset
1884 2843 1957 2911 et
1985 2834 2420 2933 proclamari
2450 2858 2543 2908 ne
2574 2834 2735 2930 quis
2768 2835 2899 2909 sub
2940 2858 3132 2931 pena
3168 2857 3413 2931 supen-

777 2964 1000 3039 sionis
1048 2961 1484 3036 baldachino
1533 2984 1829 3035 manum
1884 2960 2317 3057 imponeret,
2372 2958 2483 3032 vel
2532 2960 2725 3032 mule
2768 2958 3015 3055 legati,
3050 2984 3145 3033 ne
3182 2960 3257 3033 in
3292 2958 3409 3031 boc
3524 3030 3527 3053 Ι

773 3092 1056 3188 legatus
1087 3095 1206 3162 aut
1239 3087 1351 3160 sui
1383 3086 1624 3183 aliquo
1653 3086 1875 3159 modo
1904 3085 2443 3182 injuriarentur.

876 3219 1240 3299 Pervento
1279 3212 1372 3285 ad
1424 3218 1742 3285 castrum
1797 3218 1868 3284 et
1918 3212 2193 3283 curiam
2244 3210 2367 3283 ubi
2415 3209 2695 3307 legatus
2748 3210 2838 3283 ad
2887 3234 3059 3284 suas
3112 3232 3413 3285 cameras

779 3340 1006 3413 iturus
1061 3361 1150 3409 ex
1205 3336 1400 3410 mula
1455 3344 1611 3411 erat
1667 3336 2091 3427 descensuS,
2153 3334 2443 3409 ducissa
2492 3334 2909 3426 Mediolani,
2974 3358 3117 3433 que
3170 3334 3411 3410 ibidem

776 3464 1099 3557 legatum
1141 3469 1666 3558 expectaverat‚
1721 3462 1933 3535 exivit
1978 3461 2285 3558 primam
2336 3483 2703 3535 cameram
2742 3462 2890 3537 sive
2940 3462 3183 3537 aulam
3220 3458 3411 3557 legati

775 3610 946 3664 cum
990 3587 1446 3684 pedissequis
1490 3587 1638 3660 suis
1679 3592 1751 3659 et
1778 3586 2097 3683 legatum
2128 3587 2475 3683 suscepit,
2524 3586 2906 3684 ipsumque
2954 3612 3122 3661 cum
3154 3587 3331 3661 duce
3356 3590 3411 3657 et

779 3712 1185 3787 oratoribus
1228 3711 1574 3809 predictis
1618 3735 1848 3809 usque
1894 3712 1986 3785 ad
2022 3712 2401 3786 inferiores
2442 3736 2607 3786 suas
2657 3736 2985 3787 cameras
3030 3711 3409 3787 associavit.

779 3837 1302 3913 Baldachinum
1351 3840 1440 3913 de
1481 3862 1624 3937 quo
1665 3862 1879 3936 supra
1922 3839 2067 3913 dixi
2098 3862 2361 3913 novum
2393 3847 2547 3915 erat
2596 3863 2683 3914 ex
2729 3841 3207 3915 damaschino
3244 3838 3411 3913 albo.

779 3964 1090 4063 pellibus
1121 3962 1570 4041 neutralibus
1593 3964 1956 4039 variorum
1992 3962 2390 4037 suffultum.

877 4091 1216 4165 Introitus
1283 4092 1500 4187 legati
1569 4092 1645 4163 in
1711 4087 2204 4164 Mediolanum
2262 4088 2395 4162 fuit
2454 4089 2645 4162 circa
2700 4089 2961 4163 horam
3018 4090 3415 4187 vigesimam

781 4241 1026 4303 unam,
1069 4216 1179 4290 vel
1211 4215 1397 4290 ultra
1432 4242 1449 4291 ε
1490 4239 1656 4289 cum
1693 4216 1934 4311 legato
1965 4215 2035 4288 in
2071 4221 2310 4290 castro
2339 4216 2757 4312 paucissimi
2790 4238 2879 4289 ex
2910 4216 3060 4289 suis
3090 4212 3413 4314 hospitari

779 4346 1197 4437 potuerunt,
1231 4340 1346 4413 vix
1377 4348 1686 4437 quatuor
1714 4348 1837 4415 aut
1866 4365 1993 4414 sex
2017 4364 2415 4439 personne;
2452 4341 2570 4415 alii
2600 4341 2941 4438 hospitati
2971 4349 3139 4415 sunt
3168 4342 3241 4415 in
3266 4362 3417 4415 con-

779 4470 992 4539 ventu
1037 4489 1094 4538 s.
1143 4466 1533 4556 Francisci,
1579 4472 1652 4540 et
1691 4467 1855 4563 equi
1897 4466 2220 4539 omnium
2262 4472 2333 4540 et
2372 4465 2570 4540 mule
2613 4467 2687 4539 in
2724 4466 3065 4565 hospitali
3108 4489 3313 4549 novo,
3356 4464 3415 4535 in

783 4595 1002 4666 Porta
1028 4595 1380 4666 Romana.
1419 4594 1570 4664 Hac
1594 4591 1827 4689 prima
1852 4596 2067 4665 nocte
2100 4600 2379 4665 tantum
2411 4591 2557 4665 dux
2584 4591 2751 4667 fecit
2783 4614 3143 4689 expensas
3172 4588 3415 4666 familie

783 4724 853 4788 et
897 4717 1147 4790 bestiis
1197 4717 1646 4815 parcissime,
1706 4716 1889 4790 adeo
1934 4717 2130 4813 quod
2168 4740 2424 4791 omnes
2457 4717 2545 4791 de
2576 4740 2667 4791 eo
2695 4716 3327 4815 conquerebantur
3356 4718 3417 4785 et

783 4838 1030 4937 plures
1080 4842 1350 4938 absque
1410 4865 1589 4917 cena
1632 4843 2150 4917 accubuerunt.
2208 4845 2360 4940 Ego
2418 4842 2820 4940 hospitatus
2868 4842 2965 4915 fui
3016 4866 3109 4916 ex
3154 4840 3419 4915 ordina-

779 4964 976 5039 tione
1028 4966 1474 5063 provisorum
1525 4967 1905 5042 cardinalis
1955 4952 2121 5041 cum
2169 4966 2420 5042 bestiis
2476 4976 2552 5043 et
2602 4967 3067 5041 familiaribus
3126 4966 3303 5041 meis
3356 4964 3417 5035 in

779 5088 1096 5188 hospitio
1129 5114 1187 5164 s.
1224 5091 1510 5163 Antonii
1542 5092 1616 5164 in
1647 5096 1866 5167 Porta
1890 5092 2325 5183 Vercellina,
2360 5092 2576 5166 nimis
2606 5092 2776 5166 satis
2808 5092 3241 5169 inordinate.

881 5215 1221 5306 Sabbato,
1259 5220 1348 5289 27
1393 5216 1703 5312 augusti,
1739 5220 1988 5291 Rmus.
2026 5220 2111 5291 D.
2146 5216 2453 5313 legatuS,
2493 5225 2562 5292 et
2610 5241 2780 5292 cum
2830 5240 2919 5291 eo
2966 5216 3113 5292 dux
3162 5224 3235 5291 et
3274 5235 3417 5289 ora·-
