3625 6059
275 531 450 595 [Αοὴὶ.
475 532 628 593 1496]
967 530 1222 589 RERUM
1269 532 1726 591 URBANARUM
1779 533 2300 591 COMMENTARH.
2868 542 2975 598 309

277 688 638 785 episcopo
671 686 1088 761 Placentino
1120 688 1271 784 qui,
1306 688 1605 763 dimisso
1635 712 1768 785 per
1794 690 1983 763 viam
2009 689 2278 785 legato,
2307 693 2635 787 pervenit
2676 694 2769 767 ad
2796 718 2970 792 por-

279 821 428 888 tam
444 873 461 903 ,
492 814 820 889 officium
843 813 1151 912 agendo,
1182 814 1450 889 ibidem
1471 813 1592 887 ubi
1613 814 1893 912 legatus
1919 839 1958 888 e
1982 815 2315 889 manibus
2335 816 2965 915 episcopiorucem

277 939 752 1014 deosculatus
783 945 892 1014 est
913 938 1369 1036 genuflexus.
1407 940 1841 1015 Reascendit
1868 941 2142 1013 mulam
2170 948 2243 1015 et
2273 949 2576 1039 accepto
2612 948 2960 1022 mantello

277 1065 364 1138 de
423 1064 924 1154 ciambelotto,
979 1064 1324 1162 equitavit
1367 1065 1458 1139 ad
1501 1065 1887 1140 ecclesiam
1934 1066 2455 1159 cathedralem,
2493 1072 2960 1165 processione

281 1192 444 1287 ipsa
475 1190 822 1264 continuo
847 1190 1316 1287 precedente.
1349 1191 1876 1265 Baldachinum
1898 1196 2273 1288 portarunt
2301 1192 2673 1285 doctores3
2702 1218 2957 1271 omnes

282 1316 574 1413 equites
621 1325 1134 1412 precesserunt
1173 1316 1742 1413 processionem.
1778 1320 1857 1389 In
1892 1316 2227 1407 ecclesia,
2262 1318 2543 1414 legatus
2576 1318 2753 1392 dixit
2794 1344 2960 1394 ora-

285 1442 568 1514 tionem
597 1442 686 1515 de
717 1442 931 1514 beata
961 1442 1190 1515 Maria
1215 1441 1510 1537 virgine,
1537 1449 1843 1538 patrona
1873 1442 2209 1532 ecclesie,
2239 1424 2309 1515 et
2342 1445 2703 1519 concessit
2727 1446 2958 1519 indul-

287 1568 574 1663 gentias
618 1566 928 1639 duorum
979 1589 1335 1640 annorum
1378 1573 1449 1639 et
1497 1567 1799 1641 totidem
1834 1567 2461 1665 quadragenarum
2506 1594 2683 1666 quas
2721 1571 2961 1667 publi-

289 1693 474 1767 cavit
513 1716 700 1766 unus
733 1717 822 1765 ex
852 1692 1220 1766 canonicis
1245 1693 1553 1767 ecclesie
1580 1692 2024 1782 Placentine,
2049 1717 2301 1767 vocem
2324 1693 2615 1767 totalem
2648 1695 2953 1771 habens,

295 1820 718 1916 Prepositus
769 1818 961 1892 dicte
999 1819 1310 1893 ecclesie
1358 1817 1755 1892 versiculos
1806 1825 1876 1892 et
1926 1819 2331 1893 orationem
2379 1844 2595 1916 super
2640 1821 2959 1919 legatum

289 1945 492 2035 dixit,
522 1968 688 2017 nam
724 1944 1112 2042 episcopus
1150 1944 1640 2035 Placentiam,
1674 1950 1970 2042 recepto
2002 1943 2135 2017 sub
2165 1951 2375 2041 porta
2403 1945 2674 2042 legato,
2713 1945 2960 2022 dimis-

290 2070 383 2142 sis
441 2070 918 2167 paramentiS,
971 2068 1240 2142 ibidem
1297 2069 1710 2143 reascendit
1765 2070 2037 2144 mulam
2100 2094 2303 2175 suam
2357 2078 2431 2144 et
2485 2071 2803 2168 legatum
2855 2074 2959 2147 sic

293 2196 671 2269 associavit
700 2196 773 2267 in
806 2195 1041 2292 primo
1079 2196 1244 2269 loco
1275 2196 1464 2268 inter
1505 2196 1821 2292 prelatos
1853 2194 1988 2268 sibi
2018 2218 2149 2291 per
2177 2218 2295 2268 me
2327 2194 2533 2268 datos
2570 2221 2585 2269 :
2624 2196 2764 2270 alia
2794 2205 2959 2272 sunt

296 2342 493 2393 more
527 2320 740 2393 solito
775 2320 1178 2394 observata.
1212 2322 1520 2417 Legatus
1549 2320 1955 2417 hospitatus
1987 2326 2097 2393 est
2133 2320 2205 2393 in
2235 2320 2501 2416 palatio
2533 2321 2953 2419 episcopali,

297 2469 428 2540 ego
476 2446 548 2517 in
601 2443 922 2541 hospitio
947 2445 1234 2541 Angeli,
1271 2446 1389 2519 alii
1439 2445 1606 2518 alibi
1657 2453 1728 2520 et
1767 2445 1893 2536 ibi,
1945 2445 2034 2519 ad
2074 2444 2603 2519 ordinationem
2635 2446 2956 2544 magistri

297 2571 544 2644 domus
574 2570 793 2668 legati
832 2578 905 2643 et
931 2570 1383 2667 provisorum
1413 2570 1660 2667 legati,
1692 2572 1853 2668 ejus
1882 2570 2244 2666 expensis,

395 2695 793 2783 Dominica,
849 2700 932 2767 21
999 2696 1315 2790 augusti,
1378 2699 1626 2768 RmuS.
1692 2699 1776 2769 D.
1840 2695 2119 2791 legatus
2172 2694 2365 2770 venit
2420 2696 2513 2769 ad
2568 2697 2951 2771 ecclesiam

303 2820 780 2894 cathedralem
826 2819 1200 2894 auditurus
1245 2819 1544 2892 missam
1586 2820 2019 2893 solemnem.
2054 2819 2471 2915 Prepositus
2512 2825 2585 2892 et
2624 2821 2955 2895 canonici

301 2946 369 3017 in
411 2968 656 3019 eorum
705 2944 1230 3043 superpelliciis
1273 2952 1623 3018 venerunt
1668 2944 1802 3018 sibi
1842 2944 2128 3017 obviam
2178 2966 2405 3038 usque
2449 2943 2542 3017 ad
2587 2965 2952 3017 cameram

307 3094 524 3162 suam,
571 3072 914 3168 episcopo
975 3071 1189 3144 etiam
1247 3072 1484 3168 ipsum
1536 3069 1928 3143 comitante
1980 3075 2052 3142 et
2109 3068 2423 3165 primum
2472 3067 2716 3141 locum
2769 3069 2957 3142 inter

308 3196 610 3291 prelatos
649 3196 1047 3270 obtinente.
1092 3199 1176 3268 In
1214 3195 1512 3268 introitu
1547 3194 1885 3283 ecclesie,
1918 3194 2330 3291 prepositus
2361 3192 2666 3290 portavit
2704 3217 2954 3290 asper-

310 3318 558 3392 sorium
607 3344 776 3393 cum
817 3344 1005 3417 aqua
1043 3320 1430 3395 benedicta
1474 3345 1489 3393 ε
1537 3320 1688 3417 qui,
1725 3342 1811 3392 eo
1854 3327 2181 3414 acceptO,
2218 3316 2521 3414 aspersit
2564 3340 2641 3389 se
2686 3317 2947 3414 prim0,

312 3442 548 3517 deinde
579 3444 762 3519 alios
794 3452 866 3519 et
894 3447 1088 3519 venit
1119 3446 1209 3519 ad
1241 3446 1490 3520 sedem
1524 3443 2044 3541 episcopalem,
2081 3443 2271 3515 facta
2297 3442 2499 3538 prius
2530 3449 2693 3515 ante
2726 3442 2951 3515 altare

309 3570 636 3660 oratione,
673 3594 877 3645 more
913 3572 1150 3663 solit0,
1188 3578 1259 3645 et
1300 3570 1761 3645 confessione
1799 3594 1967 3645 cum
2008 3570 2450 3644 celebrante.
2491 3566 2719 3641 Sedes
2750 3568 2943 3664 epis-

309 3695 550 3790 copalis
581 3701 836 3791 parata
863 3698 996 3771 fuit
1020 3699 1237 3795 pallio
1269 3697 1596 3771 bruccati
1631 3696 1782 3768 auri
1824 3719 1839 3767 :
1877 3696 1968 3769 ad
2000 3696 2158 3794 ejus
2190 3695 2561 3768 dexteram
2602 3690 2675 3763 in
2710 3690 2941 3765 banco

313 3827 532 3913 parato
582 3827 936 3895 steterunt
992 3819 1250 3917 prelati
1295 3826 1367 3893 et
1416 3842 1554 3917 ego
1611 3842 1778 3892 cum
1833 3818 2276 3906 caudatario,
2323 3822 2394 3890 et
2445 3814 2587 3887 alio
2646 3812 2741 3886 ad
2791 3814 2948 3910 ejus

316 3942 672 4021 sinistram.
704 3946 1101 4044 Episcopus
1135 3945 1592 4019 Placentinus
1626 3944 1824 4018 stetit
1856 3944 1929 4014 in
1960 3942 2195 4039 prima
2224 3940 2396 4014 sede
2429 3938 2947 4012 canonicorum

319 4068 392 4139 ad
427 4070 788 4146 dexteram
828 4071 1160 4145 intrantis
1200 4069 1550 4145 venientis
1595 4091 1728 4166 per
1763 4072 2049 4165 portam
2089 4061 2565 4160 principalem
2608 4059 2947 4147 ecclesie,

320 4190 378 4263 in
429 4218 558 4290 qua
612 4198 785 4272 sede
839 4196 1017 4269 alias
1075 4194 1482 4292 prepositus
1541 4192 1853 4267 ecclesie
1923 4190 2180 4265 sedere
2251 4184 2624 4260 consuevit
2654 4214 2670 4273 ;
2729 4207 2945 4281 quam

321 4338 540 4410 parare
568 4321 739 4396 fecit
771 4328 974 4395 certo
1004 4320 1222 4417 pallio
1257 4320 1344 4393 de
1383 4318 1662 4393 taffetta
1688 4317 1799 4390 vel
1833 4316 2047 4390 simili
2081 4312 2343 4387 coloris
2376 4308 2605 4383 rubei.
2639 4313 2957 4405 Legatus

325 4436 540 4518 habuit
585 4470 831 4520 coram
881 4470 959 4519 se
1010 4442 1338 4535 missale;
1376 4442 1571 4539 quod
1617 4466 1785 4515 cum
1819 4440 2235 4539 displiceret
2274 4437 2545 4532 legam,
2582 4434 2722 4507 feci
2774 4434 2951 4506 illud

326 4571 628 4643 amoveri.
663 4575 982 4667 Legatus
1013 4570 1185 4641 dixit
1223 4594 1239 4642 :
1270 4568 1346 4641 E
1350 4581 1378 4640 t
1414 4569 1488 4639 in
1527 4566 1770 4657 Terra,
1808 4580 1969 4657 ete„
2004 4566 2326 4652 Patrem,
2359 4573 2517 4649 ete„
2548 4560 2855 4632 Sanctus
2885 4572 2955 4631 et

327 4688 552 4785 Aqnzts
585 4696 731 4768 Dei
768 4720 936 4769 cum
969 4694 1114 4769 suis
1145 4693 1438 4792 prelatis
1466 4692 1558 4767 ad
1580 4693 1737 4789 ejus
1770 4690 2143 4765 dexteram
2174 4684 2558 4773 stantibuS,
2592 4706 2755 4755 cum
2788 4684 2949 4780 qui-

331 4812 437 4887 bus
468 4821 689 4893 stabat
716 4822 936 4896 etiam
965 4820 1284 4895 Achilles
1322 4820 1412 4893 de
1450 4818 1756 4909 GrassiS,
1807 4814 2113 4889 auditor.
2153 4817 2238 4887 D.
2276 4811 2499 4885 abbas
2531 4834 2589 4881 S.
2629 4809 2947 4882 Severini

337 4935 751 5017 Placentinus
811 4944 1066 5020 habuit
1113 4945 1429 5043 primum
1482 4943 1725 5017 locum
1777 4942 1923 5014 sive
1984 4939 2177 5013 stetit
2224 4940 2299 5011 in
2345 4936 2583 5034 prima
2628 4934 2801 5007 sede
2860 4934 2950 5006 ad

337 5060 652 5141 sinistram
685 5070 1018 5143 intrantis
1049 5071 1382 5161 chorum,
1418 5068 1636 5141 modo
1667 5066 2022 5165 predicto,
2048 5065 2148 5137 ita
2177 5062 2372 5160 quod
2400 5060 2848 5157 interipsum
2881 5064 2953 5132 et

341 5186 708 5287 episcopum
741 5194 1238 5268 Placentinum
1279 5201 1490 5292 porta
1532 5198 1808 5266 tantum
1856 5195 2010 5264 erat
2050 5187 2499 5287 intermedia.
2532 5184 2773 5257 Altare
2805 5204 2949 5256 non
