<?xml version="1.0" encoding="UTF-8"?>
<!DOCTYPE html PUBLIC "-//W3C//DTD XHTML 1.0 Transitional//EN"
    "http://www.w3.org/TR/xhtml1/DTD/xhtml1-transitional.dtd">
<html xmlns="http://www.w3.org/1999/xhtml" xml:lang="en" lang="en">
 <head>
  <title>
</title>
<meta http-equiv="Content-Type" content="text/html;charset=utf-8" />
  <meta name='ocr-system' content='tesseract 3.04.00' />
  <meta name='ocr-capabilities' content='ocr_page ocr_carea ocr_par ocr_line ocrx_word'/>
</head>
<body>
  <div class='ocr_page' id='page_1' title='image "./johannisburchar00unkngoog_0324.png"; bbox 0 0 3625 6059; ppageno 0'>
   <div class='ocr_carea' id='block_1_1' title="bbox 719 514 3312 591">
    <p class='ocr_par' dir='ltr' id='par_1_1' title="bbox 719 514 3312 591">
     <span class='ocr_line' id='line_1_1' title="bbox 719 514 3312 591; baseline 0 -16"><span class='ocrx_word' id='word_1_1' title='bbox 719 519 826 575; x_wconf 82' lang='lat'>312</span> <span class='ocrx_word' id='word_1_2' title='bbox 1223 526 1230 535; x_wconf 88' lang='lat'><em>&#39;</em></span> <span class='ocrx_word' id='word_1_3' title='bbox 1341 549 1348 559; x_wconf 93' lang='lat'>·</span> <span class='ocrx_word' id='word_1_4' title='bbox 1435 582 1438 585; x_wconf 14' lang='lat'><strong>⁴</strong></span> <span class='ocrx_word' id='word_1_5' title='bbox 1631 515 1983 574; x_wconf 86' lang='lat' dir='ltr'>JOHANNIS</span> <span class='ocrx_word' id='word_1_6' title='bbox 2032 514 2474 585; x_wconf 79' lang='lat' dir='ltr'>BURCHARm,</span> <span class='ocrx_word' id='word_1_7' title='bbox 3040 523 3183 584; x_wconf 74' lang='lat' dir='ltr'>[Aofit</span> <span class='ocrx_word' id='word_1_8' title='bbox 3206 528 3312 591; x_wconf 65' lang='grc'>1496]</span> 
     </span>
    </p>
   </div>
   <div class='ocr_carea' id='block_1_2' title="bbox 663 670 3327 5283">
    <p class='ocr_par' dir='ltr' id='par_1_2' title="bbox 718 670 3313 1397">
     <span class='ocr_line' id='line_1_2' title="bbox 820 670 3311 769; baseline 0 -22"><span class='ocrx_word' id='word_1_9' title='bbox 820 674 1028 749; x_wconf 87' lang='lat' dir='ltr'>Feria</span> <span class='ocrx_word' id='word_1_10' title='bbox 1081 678 1362 769; x_wconf 89' lang='lat' dir='ltr'>quarta,</span> <span class='ocrx_word' id='word_1_11' title='bbox 1423 678 1513 745; x_wconf 77' lang='lat'>24</span> <span class='ocrx_word' id='word_1_12' title='bbox 1569 671 1740 745; x_wconf 91' lang='lat' dir='ltr'>dicti</span> <span class='ocrx_word' id='word_1_13' title='bbox 1799 672 2071 745; x_wconf 82' lang='lat' dir='ltr'>mensis</span> <span class='ocrx_word' id='word_1_14' title='bbox 2130 670 2439 768; x_wconf 86' lang='lat' dir='ltr'>augusti,</span> <span class='ocrx_word' id='word_1_15' title='bbox 2496 672 2700 744; x_wconf 90' lang='lat' dir='ltr'>missi</span> <span class='ocrx_word' id='word_1_16' title='bbox 2751 670 3045 746; x_wconf 84' lang='lat' dir='ltr'>fuerunt</span> <span class='ocrx_word' id='word_1_17' title='bbox 3090 674 3311 749; x_wconf 82' lang='lat' dir='ltr'>obviam</span> 
     </span>
     <span class='ocr_line' id='line_1_3' title="bbox 718 796 3313 897; baseline -0.001 -21"><span class='ocrx_word' id='word_1_18' title='bbox 718 798 993 897; x_wconf 50' lang='lat' dir='ltr'>legato:</span> <span class='ocrx_word' id='word_1_19' title='bbox 1030 823 1164 897; x_wconf 91' lang='lat' dir='ltr'>per</span> <span class='ocrx_word' id='word_1_20' title='bbox 1229 800 1488 872; x_wconf 89' lang='lat' dir='ltr'>ducem</span> <span class='ocrx_word' id='word_1_21' title='bbox 1557 797 1943 872; x_wconf 81' lang='lat' dir='ltr'>Mediolani</span> <span class='ocrx_word' id='word_1_22' title='bbox 2012 820 2057 869; x_wconf 92' lang='lat' dir='ltr'>a</span> <span class='ocrx_word' id='word_1_23' title='bbox 2120 796 2531 871; x_wconf 79' lang='lat' dir='ltr'>Mediolano</span> <span class='ocrx_word' id='word_1_24' title='bbox 2590 820 2818 893; x_wconf 90' lang='lat' dir='ltr'>usque</span> <span class='ocrx_word' id='word_1_25' title='bbox 2882 798 3313 896; x_wconf 86' lang='lat' dir='ltr'>Marignanum</span> 
     </span>
     <span class='ocr_line' id='line_1_4' title="bbox 723 921 3313 1022; baseline -0.002 -20"><span class='ocrx_word' id='word_1_26' title='bbox 723 949 976 1002; x_wconf 90' lang='lat' dir='ltr'>omnes</span> <span class='ocrx_word' id='word_1_27' title='bbox 1014 925 1336 1022; x_wconf 81' lang='lat' dir='ltr'>episcopi</span> <span class='ocrx_word' id='word_1_28' title='bbox 1369 931 1440 999; x_wconf 88' lang='lat' dir='ltr'>et</span> <span class='ocrx_word' id='word_1_29' title='bbox 1471 923 1946 1021; x_wconf 72' lang='lat' dir='ltr'>protonotarii</span> <span class='ocrx_word' id='word_1_30' title='bbox 1979 923 2399 1012; x_wconf 78' lang='lat' dir='ltr'>existenteS,</span> <span class='ocrx_word' id='word_1_31' title='bbox 2434 921 2765 996; x_wconf 89' lang='lat' dir='ltr'>videlicet</span> <span class='ocrx_word' id='word_1_32' title='bbox 2796 923 3313 1021; x_wconf 80' lang='lat' dir='ltr'>archiepiscopus</span> 
     </span>
     <span class='ocr_line' id='line_1_5' title="bbox 722 1048 3313 1147; baseline -0 -22"><span class='ocrx_word' id='word_1_33' title='bbox 722 1051 1082 1142; x_wconf 75' lang='lat' dir='ltr'>BarensiS,</span> <span class='ocrx_word' id='word_1_34' title='bbox 1119 1051 1502 1147; x_wconf 89' lang='lat' dir='ltr'>episcopus</span> <span class='ocrx_word' id='word_1_35' title='bbox 1544 1049 2031 1139; x_wconf 79' lang='lat' dir='ltr'>NovariensiS,</span> <span class='ocrx_word' id='word_1_36' title='bbox 2069 1060 2140 1123; x_wconf 90' lang='lat' dir='ltr'>et</span> <span class='ocrx_word' id='word_1_37' title='bbox 2180 1048 2495 1145; x_wconf 90' lang='lat' dir='ltr'>quinque</span> <span class='ocrx_word' id='word_1_38' title='bbox 2524 1048 3023 1144; x_wconf 79' lang='lat' dir='ltr'>protonotarii,</span> <span class='ocrx_word' id='word_1_39' title='bbox 3070 1050 3123 1121; x_wconf 87' lang='lat' dir='ltr'>si</span> <span class='ocrx_word' id='word_1_40' title='bbox 3164 1058 3313 1125; x_wconf 83' lang='lat' dir='ltr'>recte</span> 
     </span>
     <span class='ocr_line' id='line_1_6' title="bbox 721 1174 3312 1269; baseline 0 -22"><span class='ocrx_word' id='word_1_41' title='bbox 721 1175 1046 1266; x_wconf 76' lang='lat' dir='ltr'>memini,</span> <span class='ocrx_word' id='word_1_42' title='bbox 1083 1174 1416 1248; x_wconf 88' lang='lat' dir='ltr'>videlicet</span> <span class='ocrx_word' id='word_1_43' title='bbox 1454 1174 1544 1247; x_wconf 91' lang='lat' dir='ltr'>de</span> <span class='ocrx_word' id='word_1_44' title='bbox 1575 1175 1842 1269; x_wconf 81' lang='lat' dir='ltr'>NigriS,</span> <span class='ocrx_word' id='word_1_45' title='bbox 1878 1174 1966 1248; x_wconf 92' lang='lat' dir='ltr'>de</span> <span class='ocrx_word' id='word_1_46' title='bbox 2002 1175 2598 1265; x_wconf 81' lang='lat' dir='ltr'>VicecomitibuS,</span> <span class='ocrx_word' id='word_1_47' title='bbox 2642 1175 2733 1248; x_wconf 90' lang='lat' dir='ltr'>de</span> <span class='ocrx_word' id='word_1_48' title='bbox 2774 1174 3095 1248; x_wconf 90' lang='lat' dir='ltr'>Cribellis</span> <span class='ocrx_word' id='word_1_49' title='bbox 3122 1180 3181 1247; x_wconf 88' lang='lat' dir='ltr'>et</span> <span class='ocrx_word' id='word_1_50' title='bbox 3208 1174 3312 1247; x_wconf 85' lang='lat' dir='ltr'>duo</span> 
     </span>
     <span class='ocr_line' id='line_1_7' title="bbox 722 1299 3107 1397; baseline -0 -23"><span class='ocrx_word' id='word_1_51' title='bbox 722 1300 838 1374; x_wconf 88' lang='lat' dir='ltr'>alii</span> <span class='ocrx_word' id='word_1_52' title='bbox 871 1324 955 1374; x_wconf 89' lang='lat' dir='ltr'>ac</span> <span class='ocrx_word' id='word_1_53' title='bbox 987 1300 1343 1397; x_wconf 88' lang='lat' dir='ltr'>generalis</span> <span class='ocrx_word' id='word_1_54' title='bbox 1371 1299 1640 1372; x_wconf 89' lang='lat' dir='ltr'>ordinis</span> <span class='ocrx_word' id='word_1_55' title='bbox 1677 1299 2227 1373; x_wconf 89' lang='lat' dir='ltr'>Humiliatorum</span> <span class='ocrx_word' id='word_1_56' title='bbox 2260 1301 2407 1373; x_wconf 88' lang='lat' dir='ltr'>sive</span> <span class='ocrx_word' id='word_1_57' title='bbox 2441 1299 2903 1374; x_wconf 87' lang='lat' dir='ltr'>Camaldulen</span> <span class='ocrx_word' id='word_1_58' title='bbox 2916 1300 3107 1373; x_wconf 88' lang='lat' dir='ltr'>tium.</span> 
     </span>
    </p>

    <p class='ocr_par' dir='ltr' id='par_1_3' title="bbox 663 1425 3327 5283">
     <span class='ocr_line' id='line_1_8' title="bbox 740 1425 3315 1524; baseline -0.001 -25"><span class='ocrx_word' id='word_1_59' title='bbox 740 1486 744 1491; x_wconf 86' lang='lat'>.</span> <span class='ocrx_word' id='word_1_60' title='bbox 821 1427 1218 1524; x_wconf 88' lang='lat' dir='ltr'>Episcopus</span> <span class='ocrx_word' id='word_1_61' title='bbox 1270 1425 1729 1499; x_wconf 81' lang='lat' dir='ltr'>Placentinus</span> <span class='ocrx_word' id='word_1_62' title='bbox 1776 1425 2097 1522; x_wconf 87' lang='lat' dir='ltr'>legatum</span> <span class='ocrx_word' id='word_1_63' title='bbox 2148 1448 2235 1499; x_wconf 86' lang='lat' dir='ltr'>ex</span> <span class='ocrx_word' id='word_1_64' title='bbox 2287 1426 2652 1499; x_wconf 88' lang='lat' dir='ltr'>Placentia</span> <span class='ocrx_word' id='word_1_65' title='bbox 2694 1426 3036 1499; x_wconf 89' lang='lat' dir='ltr'>continuo</span> <span class='ocrx_word' id='word_1_66' title='bbox 3082 1434 3315 1499; x_wconf 87' lang='lat' dir='ltr'>secutus</span> 
     </span>
     <span class='ocr_line' id='line_1_9' title="bbox 723 1550 3317 1648; baseline -0.002 -20"><span class='ocrx_word' id='word_1_67' title='bbox 723 1562 834 1629; x_wconf 90' lang='lat' dir='ltr'>est</span> <span class='ocrx_word' id='word_1_68' title='bbox 871 1582 884 1627; x_wconf 74' lang='grc' dir='ltr'>ε</span> <span class='ocrx_word' id='word_1_69' title='bbox 923 1575 1060 1648; x_wconf 90' lang='lat' dir='ltr'>ego</span> <span class='ocrx_word' id='word_1_70' title='bbox 1092 1552 1308 1625; x_wconf 91' lang='lat' dir='ltr'>etiam</span> <span class='ocrx_word' id='word_1_71' title='bbox 1349 1553 1438 1624; x_wconf 92' lang='lat' dir='ltr'>ad</span> <span class='ocrx_word' id='word_1_72' title='bbox 1479 1558 1792 1647; x_wconf 88' lang='lat' dir='ltr'>quatuor</span> <span class='ocrx_word' id='word_1_73' title='bbox 1832 1551 2163 1625; x_wconf 86' lang='lat' dir='ltr'>milliaria</span> <span class='ocrx_word' id='word_1_74' title='bbox 2198 1551 2310 1625; x_wconf 81' lang='lat' dir='ltr'>vel</span> <span class='ocrx_word' id='word_1_75' title='bbox 2346 1551 2540 1625; x_wconf 90' lang='lat' dir='ltr'>circa</span> <span class='ocrx_word' id='word_1_76' title='bbox 2578 1552 2821 1647; x_wconf 87' lang='lat' dir='ltr'>legato</span> <span class='ocrx_word' id='word_1_77' title='bbox 2868 1550 3133 1623; x_wconf 90' lang='lat' dir='ltr'>occurri</span> <span class='ocrx_word' id='word_1_78' title='bbox 3174 1550 3317 1623; x_wconf 82' lang='lat' dir='ltr'>rela—</span> 
     </span>
     <span class='ocr_line' id='line_1_10' title="bbox 724 1675 3315 1773; baseline -0.003 -19"><span class='ocrx_word' id='word_1_79' title='bbox 724 1688 926 1755; x_wconf 84' lang='lat' dir='ltr'>turus</span> <span class='ocrx_word' id='word_1_80' title='bbox 981 1677 1044 1752; x_wconf 89' lang='lat' dir='ltr'>ei</span> <span class='ocrx_word' id='word_1_81' title='bbox 1105 1702 1245 1773; x_wconf 89' lang='lat' dir='ltr'>que</span> <span class='ocrx_word' id='word_1_82' title='bbox 1309 1700 1476 1751; x_wconf 91' lang='lat' dir='ltr'>cum</span> <span class='ocrx_word' id='word_1_83' title='bbox 1534 1677 1718 1751; x_wconf 92' lang='lat' dir='ltr'>duce</span> <span class='ocrx_word' id='word_1_84' title='bbox 1776 1675 2164 1752; x_wconf 88' lang='lat' dir='ltr'>Mediolani</span> <span class='ocrx_word' id='word_1_85' title='bbox 2224 1676 2401 1749; x_wconf 90' lang='lat' dir='ltr'>mihi</span> <span class='ocrx_word' id='word_1_86' title='bbox 2460 1677 2903 1765; x_wconf 85' lang='lat' dir='ltr'>acciderant,</span> <span class='ocrx_word' id='word_1_87' title='bbox 2966 1676 3123 1748; x_wconf 90' lang='lat' dir='ltr'>dato</span> <span class='ocrx_word' id='word_1_88' title='bbox 3169 1676 3315 1771; x_wconf 87' lang='lat' dir='ltr'>prius</span> 
     </span>
     <span class='ocr_line' id='line_1_11' title="bbox 726 1801 3317 1898; baseline -0.003 -19"><span class='ocrx_word' id='word_1_89' title='bbox 726 1804 978 1879; x_wconf 88' lang='lat' dir='ltr'>ordine</span> <span class='ocrx_word' id='word_1_90' title='bbox 1009 1802 1457 1898; x_wconf 87' lang='lat' dir='ltr'>processioni</span> <span class='ocrx_word' id='word_1_91' title='bbox 1481 1810 1554 1876; x_wconf 92' lang='lat' dir='ltr'>et</span> <span class='ocrx_word' id='word_1_92' title='bbox 1579 1802 1735 1875; x_wconf 84' lang='lat' dir='ltr'>aliis</span> <span class='ocrx_word' id='word_1_93' title='bbox 1760 1802 2145 1893; x_wconf 83' lang='lat' dir='ltr'>faciendis3</span> <span class='ocrx_word' id='word_1_94' title='bbox 2173 1801 2431 1897; x_wconf 88' lang='lat' dir='ltr'>quibus</span> <span class='ocrx_word' id='word_1_95' title='bbox 2452 1802 2869 1893; x_wconf 79' lang='lat' dir='ltr'>intellectiS,</span> <span class='ocrx_word' id='word_1_96' title='bbox 2898 1802 3132 1876; x_wconf 81' lang='lat' dir='ltr'>statuit</span> <span class='ocrx_word' id='word_1_97' title='bbox 3156 1801 3317 1875; x_wconf 86' lang='lat' dir='ltr'>etiam</span> 
     </span>
     <span class='ocr_line' id='line_1_12' title="bbox 725 1926 3317 2028; baseline -0.002 -27"><span class='ocrx_word' id='word_1_98' title='bbox 725 1932 881 2028; x_wconf 88' lang='lat' dir='ltr'>ipse</span> <span class='ocrx_word' id='word_1_99' title='bbox 930 1935 1167 2002; x_wconf 87' lang='lat' dir='ltr'>astute</span> <span class='ocrx_word' id='word_1_100' title='bbox 1213 1950 1456 2024; x_wconf 88' lang='lat' dir='ltr'>agere,</span> <span class='ocrx_word' id='word_1_101' title='bbox 1511 1928 1573 1999; x_wconf 92' lang='lat' dir='ltr'>si</span> <span class='ocrx_word' id='word_1_102' title='bbox 1614 1926 1801 2001; x_wconf 84' lang='lat' dir='ltr'>forte</span> <span class='ocrx_word' id='word_1_103' title='bbox 1848 1929 1994 2000; x_wconf 84' lang='lat' dir='ltr'>dux</span> <span class='ocrx_word' id='word_1_104' title='bbox 2041 1950 2171 2024; x_wconf 91' lang='lat' dir='ltr'>per</span> <span class='ocrx_word' id='word_1_105' title='bbox 2212 1926 2355 2000; x_wconf 92' lang='lat' dir='ltr'>hoc</span> <span class='ocrx_word' id='word_1_106' title='bbox 2403 1927 2496 2000; x_wconf 89' lang='lat' dir='ltr'>ad</span> <span class='ocrx_word' id='word_1_107' title='bbox 2520 1927 2849 2001; x_wconf 90' lang='lat' dir='ltr'>debitum</span> <span class='ocrx_word' id='word_1_108' title='bbox 2881 1926 3317 2008; x_wconf 64' lang='lat' dir='ltr'>reducere-tum</span> 
     </span>
     <span class='ocr_line' id='line_1_13' title="bbox 726 2050 3319 2151; baseline -0.003 -22"><span class='ocrx_word' id='word_1_109' title='bbox 726 2056 843 2129; x_wconf 91' lang='lat' dir='ltr'>cui</span> <span class='ocrx_word' id='word_1_110' title='bbox 891 2054 1320 2128; x_wconf 88' lang='lat' dir='ltr'>renunciare</span> <span class='ocrx_word' id='word_1_111' title='bbox 1370 2051 1543 2125; x_wconf 86' lang='lat' dir='ltr'>fecit</span> <span class='ocrx_word' id='word_1_112' title='bbox 1598 2078 1728 2150; x_wconf 91' lang='lat' dir='ltr'>per</span> <span class='ocrx_word' id='word_1_113' title='bbox 1793 2056 1879 2126; x_wconf 90' lang='lat' dir='ltr'>D.</span> <span class='ocrx_word' id='word_1_114' title='bbox 1941 2052 2517 2148; x_wconf 88' lang='lat' dir='ltr'>protonotarium</span> <span class='ocrx_word' id='word_1_115' title='bbox 2578 2052 2668 2125; x_wconf 91' lang='lat' dir='ltr'>de</span> <span class='ocrx_word' id='word_1_116' title='bbox 2736 2054 2973 2151; x_wconf 87' lang='lat' dir='ltr'>Nigris</span> <span class='ocrx_word' id='word_1_117' title='bbox 3033 2076 3105 2127; x_wconf 90' lang='lat' dir='ltr'>se</span> <span class='ocrx_word' id='word_1_118' title='bbox 3159 2050 3319 2123; x_wconf 80' lang='lat' dir='ltr'>intel-</span> 
     </span>
     <span class='ocr_line' id='line_1_14' title="bbox 725 2176 3321 2274; baseline -0.003 -19"><span class='ocrx_word' id='word_1_119' title='bbox 725 2180 991 2255; x_wconf 88' lang='lat' dir='ltr'>lexisse</span> <span class='ocrx_word' id='word_1_120' title='bbox 1026 2203 1230 2253; x_wconf 89' lang='lat' dir='ltr'>suam</span> <span class='ocrx_word' id='word_1_121' title='bbox 1277 2179 1861 2252; x_wconf 85' lang='lat' dir='ltr'>Dominationem</span> <span class='ocrx_word' id='word_1_122' title='bbox 1906 2178 2083 2254; x_wconf 87' lang='lat' dir='ltr'>velle</span> <span class='ocrx_word' id='word_1_123' title='bbox 2127 2201 2215 2251; x_wconf 85' lang='lat' dir='ltr'>ex</span> <span class='ocrx_word' id='word_1_124' title='bbox 2247 2200 2436 2274; x_wconf 89' lang='lat' dir='ltr'>equo</span> <span class='ocrx_word' id='word_1_125' title='bbox 2484 2178 2960 2270; x_wconf 86' lang='lat' dir='ltr'>descendere,</span> <span class='ocrx_word' id='word_1_126' title='bbox 3007 2186 3076 2254; x_wconf 89' lang='lat' dir='ltr'>et</span> <span class='ocrx_word' id='word_1_127' title='bbox 3109 2176 3321 2274; x_wconf 66' lang='lat' dir='ltr'>rogaxit</span> 
     </span>
     <span class='ocr_line' id='line_1_15' title="bbox 731 2304 3320 2404; baseline -0.003 -23"><span class='ocrx_word' id='word_1_128' title='bbox 731 2307 925 2404; x_wconf 92' lang='lat' dir='ltr'>quod</span> <span class='ocrx_word' id='word_1_129' title='bbox 955 2306 1150 2381; x_wconf 92' lang='lat' dir='ltr'>nullo</span> <span class='ocrx_word' id='word_1_130' title='bbox 1178 2307 1396 2380; x_wconf 91' lang='lat' dir='ltr'>modo</span> <span class='ocrx_word' id='word_1_131' title='bbox 1423 2306 1494 2378; x_wconf 89' lang='lat' dir='ltr'>id</span> <span class='ocrx_word' id='word_1_132' title='bbox 1515 2312 1763 2403; x_wconf 90' lang='lat' dir='ltr'>ageret</span> <span class='ocrx_word' id='word_1_133' title='bbox 1798 2334 1811 2376; x_wconf 91' lang='lat'>:</span> <span class='ocrx_word' id='word_1_134' title='bbox 1853 2304 1982 2379; x_wconf 90' lang='lat' dir='ltr'>sed</span> <span class='ocrx_word' id='word_1_135' title='bbox 2003 2328 2138 2379; x_wconf 90' lang='lat' dir='ltr'>nec</span> <span class='ocrx_word' id='word_1_136' title='bbox 2163 2304 2306 2378; x_wconf 92' lang='lat' dir='ltr'>hoc</span> <span class='ocrx_word' id='word_1_137' title='bbox 2328 2304 2570 2377; x_wconf 90' lang='lat' dir='ltr'>medio</span> <span class='ocrx_word' id='word_1_138' title='bbox 2591 2305 2737 2378; x_wconf 84' lang='lat' dir='ltr'>dux</span> <span class='ocrx_word' id='word_1_139' title='bbox 2765 2306 3059 2380; x_wconf 90' lang='lat' dir='ltr'>mutavit</span> <span class='ocrx_word' id='word_1_140' title='bbox 3088 2310 3320 2377; x_wconf 85' lang='lat' dir='ltr'>senten-</span> 
     </span>
     <span class='ocr_line' id='line_1_16' title="bbox 730 2424 3321 2529; baseline -0.004 -23"><span class='ocrx_word' id='word_1_141' title='bbox 730 2433 930 2506; x_wconf 85' lang='lat' dir='ltr'>tiam.</span> <span class='ocrx_word' id='word_1_142' title='bbox 969 2432 1364 2529; x_wconf 85' lang='lat' dir='ltr'>Respondit</span> <span class='ocrx_word' id='word_1_143' title='bbox 1417 2432 1612 2505; x_wconf 92' lang='lat' dir='ltr'>enim</span> <span class='ocrx_word' id='word_1_144' title='bbox 1643 2455 1777 2528; x_wconf 90' lang='lat' dir='ltr'>per</span> <span class='ocrx_word' id='word_1_145' title='bbox 1805 2429 2145 2506; x_wconf 88' lang='lat' dir='ltr'>eumdem</span> <span class='ocrx_word' id='word_1_146' title='bbox 2186 2430 2760 2527; x_wconf 87' lang='lat' dir='ltr'>protonotarium</span> <span class='ocrx_word' id='word_1_147' title='bbox 2794 2431 2887 2505; x_wconf 90' lang='lat' dir='ltr'>de</span> <span class='ocrx_word' id='word_1_148' title='bbox 2918 2430 3135 2526; x_wconf 84' lang='lat' dir='ltr'>Nigris</span> <span class='ocrx_word' id='word_1_149' title='bbox 3176 2424 3321 2522; x_wconf 86' lang='lat' dir='ltr'>quod</span> 
     </span>
     <span class='ocr_line' id='line_1_17' title="bbox 729 2552 3318 2653; baseline -0.003 -23"><span class='ocrx_word' id='word_1_150' title='bbox 729 2563 1117 2653; x_wconf 88' lang='lat' dir='ltr'>postquam</span> <span class='ocrx_word' id='word_1_151' title='bbox 1159 2556 1757 2630; x_wconf 88' lang='lat' dir='ltr'>reverendissima</span> <span class='ocrx_word' id='word_1_152' title='bbox 1789 2556 2202 2630; x_wconf 89' lang='lat' dir='ltr'>Dominatio</span> <span class='ocrx_word' id='word_1_153' title='bbox 2230 2580 2358 2629; x_wconf 87' lang='lat' dir='ltr'>sua</span> <span class='ocrx_word' id='word_1_154' title='bbox 2388 2556 2613 2629; x_wconf 89' lang='lat' dir='ltr'>nollet</span> <span class='ocrx_word' id='word_1_155' title='bbox 2642 2556 2884 2653; x_wconf 89' lang='lat' dir='ltr'>ipsum</span> <span class='ocrx_word' id='word_1_156' title='bbox 2917 2552 3318 2628; x_wconf 81' lang='lat' dir='ltr'>descendere.</span> 
     </span>
     <span class='ocr_line' id='line_1_18' title="bbox 730 2678 3321 2778; baseline -0.003 -24"><span class='ocrx_word' id='word_1_157' title='bbox 730 2681 921 2778; x_wconf 90' lang='lat' dir='ltr'>quod</span> <span class='ocrx_word' id='word_1_158' title='bbox 953 2687 1122 2755; x_wconf 90' lang='lat' dir='ltr'>tunc</span> <span class='ocrx_word' id='word_1_159' title='bbox 1153 2689 1402 2778; x_wconf 91' lang='lat' dir='ltr'>posset</span> <span class='ocrx_word' id='word_1_160' title='bbox 1433 2682 1565 2753; x_wconf 90' lang='lat' dir='ltr'>sibi</span> <span class='ocrx_word' id='word_1_161' title='bbox 1591 2681 2193 2756; x_wconf 88' lang='lat' dir='ltr'>reverendissima</span> <span class='ocrx_word' id='word_1_162' title='bbox 2222 2681 2629 2755; x_wconf 88' lang='lat' dir='ltr'>Dominatio</span> <span class='ocrx_word' id='word_1_163' title='bbox 2662 2704 2797 2754; x_wconf 94' lang='lat' dir='ltr'>suo</span> <span class='ocrx_word' id='word_1_164' title='bbox 2832 2682 3032 2778; x_wconf 90' lang='lat' dir='ltr'>signo</span> <span class='ocrx_word' id='word_1_165' title='bbox 3066 2678 3167 2750; x_wconf 70' lang='lat' dir='ltr'>vel</span> <span class='ocrx_word' id='word_1_166' title='bbox 3190 2681 3321 2747; x_wconf 90' lang='lat' dir='ltr'>nutu</span> 
     </span>
     <span class='ocr_line' id='line_1_19' title="bbox 731 2804 3322 2903; baseline -0.004 -25"><span class='ocrx_word' id='word_1_167' title='bbox 731 2810 855 2878; x_wconf 92' lang='lat' dir='ltr'>aut</span> <span class='ocrx_word' id='word_1_168' title='bbox 905 2805 1124 2879; x_wconf 88' lang='lat' dir='ltr'>verbo</span> <span class='ocrx_word' id='word_1_169' title='bbox 1180 2805 1594 2901; x_wconf 88' lang='lat' dir='ltr'>prohibere.</span> <span class='ocrx_word' id='word_1_170' title='bbox 1650 2805 1869 2882; x_wconf 88' lang='lat' dir='ltr'>Venit</span> <span class='ocrx_word' id='word_1_171' title='bbox 1920 2806 2134 2901; x_wconf 90' lang='lat' dir='ltr'>igitur</span> <span class='ocrx_word' id='word_1_172' title='bbox 2186 2806 2329 2879; x_wconf 83' lang='lat' dir='ltr'>dux</span> <span class='ocrx_word' id='word_1_173' title='bbox 2381 2830 2549 2879; x_wconf 89' lang='lat' dir='ltr'>cum</span> <span class='ocrx_word' id='word_1_174' title='bbox 2598 2830 2869 2903; x_wconf 88' lang='lat' dir='ltr'>magna</span> <span class='ocrx_word' id='word_1_175' title='bbox 2914 2804 3233 2888; x_wconf 83' lang='lat' dir='ltr'>comitiva,</span> <span class='ocrx_word' id='word_1_176' title='bbox 3272 2806 3322 2868; x_wconf 87' lang='lat' dir='ltr'>et</span> 
     </span>
     <span class='ocr_line' id='line_1_20' title="bbox 730 2920 3321 3028; baseline -0.004 -26"><span class='ocrx_word' id='word_1_177' title='bbox 730 2930 924 3027; x_wconf 86' lang='lat' dir='ltr'>regis</span> <span class='ocrx_word' id='word_1_178' title='bbox 977 2932 1430 3028; x_wconf 89' lang='lat' dir='ltr'>Neapolitani</span> <span class='ocrx_word' id='word_1_179' title='bbox 1473 2932 1771 3005; x_wconf 89' lang='lat' dir='ltr'>dominii</span> <span class='ocrx_word' id='word_1_180' title='bbox 1825 2937 2301 3023; x_wconf 87' lang='lat' dir='ltr'>Venetorum,</span> <span class='ocrx_word' id='word_1_181' title='bbox 2356 2933 2556 3007; x_wconf 92' lang='lat' dir='ltr'>ducis</span> <span class='ocrx_word' id='word_1_182' title='bbox 2608 2934 2934 3007; x_wconf 87' lang='lat' dir='ltr'>Ferrarie</span> <span class='ocrx_word' id='word_1_183' title='bbox 2978 2936 3047 3004; x_wconf 91' lang='lat' dir='ltr'>et</span> <span class='ocrx_word' id='word_1_184' title='bbox 3084 2920 3321 3002; x_wconf 89' lang='lat' dir='ltr'>dominii</span> 
     </span>
     <span class='ocr_line' id='line_1_21' title="bbox 681 3056 3323 3161; baseline -0.003 -28"><span class='ocrx_word' id='word_1_185' title='bbox 681 3121 695 3133; x_wconf 82' lang='grc'><em>.</em></span> <span class='ocrx_word' id='word_1_186' title='bbox 733 3056 1317 3133; x_wconf 90' lang='lat' dir='ltr'>Florentinorum</span> <span class='ocrx_word' id='word_1_187' title='bbox 1355 3060 1785 3147; x_wconf 82' lang='lat' dir='ltr'>oratoribuS‚</span> <span class='ocrx_word' id='word_1_188' title='bbox 1830 3059 2387 3156; x_wconf 88' lang='lat' dir='ltr'>precedentibus</span> <span class='ocrx_word' id='word_1_189' title='bbox 2428 3057 2837 3132; x_wconf 86' lang='lat' dir='ltr'>oratoribus</span> <span class='ocrx_word' id='word_1_190' title='bbox 2876 3056 3061 3153; x_wconf 88' lang='lat' dir='ltr'>regis</span> <span class='ocrx_word' id='word_1_191' title='bbox 3100 3057 3323 3161; x_wconf 80' lang='lat' dir='ltr'>Neapo-</span> 
     </span>
     <span class='ocr_line' id='line_1_22' title="bbox 731 3178 3324 3259; baseline -0.004 -6"><span class='ocrx_word' id='word_1_192' title='bbox 731 3180 935 3254; x_wconf 86' lang='lat' dir='ltr'>litani</span> <span class='ocrx_word' id='word_1_193' title='bbox 961 3190 1035 3255; x_wconf 90' lang='lat' dir='ltr'>et</span> <span class='ocrx_word' id='word_1_194' title='bbox 1073 3184 1370 3257; x_wconf 88' lang='lat' dir='ltr'>dominii</span> <span class='ocrx_word' id='word_1_195' title='bbox 1401 3189 1849 3259; x_wconf 89' lang='lat' dir='ltr'>Venetorum</span> <span class='ocrx_word' id='word_1_196' title='bbox 1882 3208 1967 3257; x_wconf 89' lang='lat' dir='ltr'>ac</span> <span class='ocrx_word' id='word_1_197' title='bbox 1996 3183 2182 3258; x_wconf 90' lang='lat' dir='ltr'>duce</span> <span class='ocrx_word' id='word_1_198' title='bbox 2210 3183 2452 3258; x_wconf 91' lang='lat' dir='ltr'>medio</span> <span class='ocrx_word' id='word_1_199' title='bbox 2484 3184 2670 3256; x_wconf 91' lang='lat' dir='ltr'>inter</span> <span class='ocrx_word' id='word_1_200' title='bbox 2699 3193 3057 3257; x_wconf 90' lang='lat' dir='ltr'>oratorem</span> <span class='ocrx_word' id='word_1_201' title='bbox 3085 3178 3324 3252; x_wconf 85' lang='lat' dir='ltr'>Floren-</span> 
     </span>
     <span class='ocr_line' id='line_1_23' title="bbox 735 3302 3320 3402; baseline -0.004 -27"><span class='ocrx_word' id='word_1_202' title='bbox 735 3302 1053 3377; x_wconf 89' lang='lat' dir='ltr'>tinorum</span> <span class='ocrx_word' id='word_1_203' title='bbox 1101 3329 1144 3377; x_wconf 90' lang='lat' dir='ltr'>a</span> <span class='ocrx_word' id='word_1_204' title='bbox 1195 3306 1465 3379; x_wconf 86' lang='lat' dir='ltr'>dextris</span> <span class='ocrx_word' id='word_1_205' title='bbox 1510 3314 1583 3381; x_wconf 90' lang='lat' dir='ltr'>et</span> <span class='ocrx_word' id='word_1_206' title='bbox 1629 3307 1835 3380; x_wconf 90' lang='lat' dir='ltr'>ducis</span> <span class='ocrx_word' id='word_1_207' title='bbox 1884 3308 2211 3382; x_wconf 80' lang='lat' dir='ltr'>Ferraria</span> <span class='ocrx_word' id='word_1_208' title='bbox 2266 3331 2307 3381; x_wconf 88' lang='lat' dir='ltr'>a</span> <span class='ocrx_word' id='word_1_209' title='bbox 2360 3306 2671 3379; x_wconf 88' lang='lat' dir='ltr'>sinistris</span> <span class='ocrx_word' id='word_1_210' title='bbox 2724 3306 2923 3402; x_wconf 92' lang='lat' dir='ltr'>ipsos</span> <span class='ocrx_word' id='word_1_211' title='bbox 2976 3306 3320 3399; x_wconf 50' lang='lat' dir='ltr'>sequentes</span> 
     </span>
     <span class='ocr_line' id='line_1_24' title="bbox 731 3415 3319 3527; baseline -0.004 -27"><span class='ocrx_word' id='word_1_212' title='bbox 731 3428 1011 3524; x_wconf 87' lang='lat' dir='ltr'>prefato</span> <span class='ocrx_word' id='word_1_213' title='bbox 1053 3430 1293 3527; x_wconf 84' lang='lat' dir='ltr'>legato</span> <span class='ocrx_word' id='word_1_214' title='bbox 1341 3432 1620 3505; x_wconf 89' lang='lat' dir='ltr'>obviam</span> <span class='ocrx_word' id='word_1_215' title='bbox 1665 3432 1756 3504; x_wconf 91' lang='lat' dir='ltr'>ad</span> <span class='ocrx_word' id='word_1_216' title='bbox 1798 3432 2119 3506; x_wconf 89' lang='lat' dir='ltr'>medium</span> <span class='ocrx_word' id='word_1_217' title='bbox 2162 3431 2465 3506; x_wconf 91' lang='lat' dir='ltr'>milliare</span> <span class='ocrx_word' id='word_1_218' title='bbox 2517 3430 2627 3505; x_wconf 91' lang='lat' dir='ltr'>vel</span> <span class='ocrx_word' id='word_1_219' title='bbox 2674 3430 2894 3521; x_wconf 89' lang='lat' dir='ltr'>circa,</span> <span class='ocrx_word' id='word_1_220' title='bbox 2940 3415 3319 3503; x_wconf 81' lang='lat' dir='ltr'>videlicetad</span> 
     </span>
     <span class='ocr_line' id='line_1_25' title="bbox 732 3546 3326 3656; baseline -0.003 -33"><span class='ocrx_word' id='word_1_221' title='bbox 732 3552 1038 3650; x_wconf 87' lang='lat' dir='ltr'>primam</span> <span class='ocrx_word' id='word_1_222' title='bbox 1085 3560 1390 3628; x_wconf 89' lang='lat' dir='ltr'>statuam</span> <span class='ocrx_word' id='word_1_223' title='bbox 1441 3556 1587 3629; x_wconf 88' lang='lat' dir='ltr'>sive</span> <span class='ocrx_word' id='word_1_224' title='bbox 1637 3559 2030 3656; x_wconf 84' lang='lat' dir='ltr'>imaginem</span> <span class='ocrx_word' id='word_1_225' title='bbox 2082 3584 2221 3655; x_wconf 90' lang='lat' dir='ltr'>que</span> <span class='ocrx_word' id='word_1_226' title='bbox 2276 3563 2385 3631; x_wconf 89' lang='lat' dir='ltr'>est</span> <span class='ocrx_word' id='word_1_227' title='bbox 2428 3580 2648 3652; x_wconf 88' lang='lat' dir='ltr'>supra</span> <span class='ocrx_word' id='word_1_228' title='bbox 2694 3556 3037 3630; x_wconf 82' lang='lat' dir='ltr'>fossatum</span> <span class='ocrx_word' id='word_1_229' title='bbox 3078 3550 3158 3625; x_wconf 86' lang='lat' dir='ltr'>ad</span> <span class='ocrx_word' id='word_1_230' title='bbox 3192 3546 3326 3617; x_wconf 77' lang='lat' dir='ltr'>dcx—</span> 
     </span>
     <span class='ocr_line' id='line_1_26' title="bbox 733 3678 3325 3782; baseline -0.003 -31"><span class='ocrx_word' id='word_1_231' title='bbox 733 3684 964 3751; x_wconf 87' lang='lat' dir='ltr'>teram</span> <span class='ocrx_word' id='word_1_232' title='bbox 1001 3680 1328 3753; x_wconf 85' lang='lat' dir='ltr'>exeuntis</span> <span class='ocrx_word' id='word_1_233' title='bbox 1368 3680 1855 3757; x_wconf 88' lang='lat' dir='ltr'>Mediolanum</span> <span class='ocrx_word' id='word_1_234' title='bbox 1895 3693 2060 3782; x_wconf 88' lang='lat' dir='ltr'>post</span> <span class='ocrx_word' id='word_1_235' title='bbox 2100 3682 2511 3769; x_wconf 85' lang='lat' dir='ltr'>ecclesiam,</span> <span class='ocrx_word' id='word_1_236' title='bbox 2550 3704 2679 3755; x_wconf 90' lang='lat' dir='ltr'>seu</span> <span class='ocrx_word' id='word_1_237' title='bbox 2718 3691 3135 3757; x_wconf 88' lang='lat' dir='ltr'>conventum</span> <span class='ocrx_word' id='word_1_238' title='bbox 3162 3678 3325 3751; x_wconf 83' lang='lat' dir='ltr'>beate</span> 
     </span>
     <span class='ocr_line' id='line_1_27' title="bbox 733 3798 3327 3906; baseline -0.002 -29"><span class='ocrx_word' id='word_1_239' title='bbox 733 3803 958 3877; x_wconf 88' lang='lat' dir='ltr'>Marie</span> <span class='ocrx_word' id='word_1_240' title='bbox 998 3804 1185 3878; x_wconf 88' lang='lat' dir='ltr'>delle</span> <span class='ocrx_word' id='word_1_241' title='bbox 1219 3806 1486 3898; x_wconf 88' lang='lat' dir='ltr'>Gratie,</span> <span class='ocrx_word' id='word_1_242' title='bbox 1535 3807 1680 3900; x_wconf 87' lang='lat' dir='ltr'>ubi,</span> <span class='ocrx_word' id='word_1_243' title='bbox 1725 3810 1979 3906; x_wconf 87' lang='lat' dir='ltr'>primis</span> <span class='ocrx_word' id='word_1_244' title='bbox 2011 3811 2293 3885; x_wconf 90' lang='lat' dir='ltr'>duobus</span> <span class='ocrx_word' id='word_1_245' title='bbox 2321 3814 2725 3888; x_wconf 88' lang='lat' dir='ltr'>oratoribus</span> <span class='ocrx_word' id='word_1_246' title='bbox 2753 3837 2997 3888; x_wconf 87' lang='lat' dir='ltr'>coram</span> <span class='ocrx_word' id='word_1_247' title='bbox 3020 3812 3229 3904; x_wconf 81' lang='lat' dir='ltr'>legato</span> <span class='ocrx_word' id='word_1_248' title='bbox 3262 3798 3327 3871; x_wconf 83' lang='lat' dir='ltr'>ad</span> 
     </span>
     <span class='ocr_line' id='line_1_28' title="bbox 735 3928 3327 4034; baseline 0.001 -32"><span class='ocrx_word' id='word_1_249' title='bbox 735 3930 991 4004; x_wconf 88' lang='lat' dir='ltr'>decem</span> <span class='ocrx_word' id='word_1_250' title='bbox 1039 3955 1294 4027; x_wconf 88' lang='lat' dir='ltr'>passus</span> <span class='ocrx_word' id='word_1_251' title='bbox 1342 3932 1452 4006; x_wconf 86' lang='lat' dir='ltr'>vel</span> <span class='ocrx_word' id='word_1_252' title='bbox 1505 3933 1697 4007; x_wconf 87' lang='lat' dir='ltr'>circa</span> <span class='ocrx_word' id='word_1_253' title='bbox 1748 3935 2181 4026; x_wconf 80' lang='lat' dir='ltr'>constitutiS,</span> <span class='ocrx_word' id='word_1_254' title='bbox 2236 3937 2768 4014; x_wconf 87' lang='lat' dir='ltr'>descenderunt</span> <span class='ocrx_word' id='word_1_255' title='bbox 2810 3963 2899 4015; x_wconf 87' lang='lat' dir='ltr'>ex</span> <span class='ocrx_word' id='word_1_256' title='bbox 2941 3935 3126 4034; x_wconf 83' lang='lat' dir='ltr'>equis</span> <span class='ocrx_word' id='word_1_257' title='bbox 3162 3928 3327 4004; x_wconf 79' lang='lat' dir='ltr'>ambo</span> 
     </span>
     <span class='ocr_line' id='line_1_29' title="bbox 735 4056 3326 4159; baseline -0.001 -31"><span class='ocrx_word' id='word_1_258' title='bbox 735 4057 974 4154; x_wconf 91' lang='lat' dir='ltr'>ipsum</span> <span class='ocrx_word' id='word_1_259' title='bbox 1071 4065 1486 4133; x_wconf 90' lang='lat' dir='ltr'>reverenter</span> <span class='ocrx_word' id='word_1_260' title='bbox 1583 4060 1968 4156; x_wconf 87' lang='lat' dir='ltr'>recepturi.</span> <span class='ocrx_word' id='word_1_261' title='bbox 2062 4060 2204 4135; x_wconf 89' lang='lat' dir='ltr'>Sed</span> <span class='ocrx_word' id='word_1_262' title='bbox 2276 4062 2557 4157; x_wconf 86' lang='lat' dir='ltr'>legatus</span> <span class='ocrx_word' id='word_1_263' title='bbox 2644 4088 2939 4137; x_wconf 87' lang='lat' dir='ltr'>manum</span> <span class='ocrx_word' id='word_1_264' title='bbox 3021 4056 3326 4159; x_wconf 81' lang='lat' dir='ltr'>porrigere</span> 
     </span>
     <span class='ocr_line' id='line_1_30' title="bbox 663 4176 3325 4285; baseline 0 -33"><span class='ocrx_word' id='word_1_265' title='bbox 663 4210 682 4227; x_wconf 88' lang='lat'><strong>·</strong></span> <span class='ocrx_word' id='word_1_266' title='bbox 735 4204 1080 4256; x_wconf 88' lang='lat' dir='ltr'>recusans</span> <span class='ocrx_word' id='word_1_267' title='bbox 1163 4176 1616 4281; x_wconf 67' lang='lat' dir='ltr'>priusquam&#39;</span> <span class='ocrx_word' id='word_1_268' title='bbox 1689 4209 1916 4280; x_wconf 89' lang='lat' dir='ltr'>equos</span> <span class='ocrx_word' id='word_1_269' title='bbox 2010 4186 2524 4278; x_wconf 81' lang='lat' dir='ltr'>ascenderent3</span> <span class='ocrx_word' id='word_1_270' title='bbox 2605 4189 2869 4285; x_wconf 88' lang='lat' dir='ltr'>quibus</span> <span class='ocrx_word' id='word_1_271' title='bbox 2944 4176 3325 4263; x_wconf 75' lang='lat' dir='ltr'>conscensis,</span> 
     </span>
     <span class='ocr_line' id='line_1_31' title="bbox 739 4304 3327 4410; baseline 0.002 -33"><span class='ocrx_word' id='word_1_272' title='bbox 739 4304 934 4377; x_wconf 86' lang='lat' dir='ltr'>dedit</span> <span class='ocrx_word' id='word_1_273' title='bbox 978 4329 1278 4379; x_wconf 90' lang='lat' dir='ltr'>manum</span> <span class='ocrx_word' id='word_1_274' title='bbox 1329 4316 1400 4381; x_wconf 89' lang='lat' dir='ltr'>et</span> <span class='ocrx_word' id='word_1_275' title='bbox 1449 4309 1541 4382; x_wconf 89' lang='lat' dir='ltr'>ad</span> <span class='ocrx_word' id='word_1_276' title='bbox 1578 4309 1724 4383; x_wconf 92' lang='lat' dir='ltr'>oris</span> <span class='ocrx_word' id='word_1_277' title='bbox 1766 4311 2093 4383; x_wconf 88' lang='lat' dir='ltr'>osculum</span> <span class='ocrx_word' id='word_1_278' title='bbox 2152 4313 2447 4410; x_wconf 90' lang='lat' dir='ltr'>recepit.</span> <span class='ocrx_word' id='word_1_279' title='bbox 2486 4313 2722 4386; x_wconf 80' lang='lat' dir='ltr'>Finxit</span> <span class='ocrx_word' id='word_1_280' title='bbox 2767 4314 3053 4389; x_wconf 88' lang='lat' dir='ltr'>interim</span> <span class='ocrx_word' id='word_1_281' title='bbox 3098 4308 3219 4381; x_wconf 82' lang='lat' dir='ltr'>dux</span> <span class='ocrx_word' id='word_1_282' title='bbox 3262 4322 3327 4371; x_wconf 65' lang='lat' dir='ltr'>ex</span> 
     </span>
     <span class='ocr_line' id='line_1_32' title="bbox 736 4428 3327 4534; baseline -0.002 -31"><span class='ocrx_word' id='word_1_283' title='bbox 736 4452 925 4526; x_wconf 89' lang='lat' dir='ltr'>equo</span> <span class='ocrx_word' id='word_1_284' title='bbox 975 4431 1418 4521; x_wconf 87' lang='lat' dir='ltr'>descendere</span> <span class='ocrx_word' id='word_1_285' title='bbox 1471 4443 1541 4507; x_wconf 89' lang='lat' dir='ltr'>et</span> <span class='ocrx_word' id='word_1_286' title='bbox 1583 4457 1659 4507; x_wconf 90' lang='lat' dir='ltr'>se</span> <span class='ocrx_word' id='word_1_287' title='bbox 1704 4435 1778 4506; x_wconf 93' lang='lat' dir='ltr'>in</span> <span class='ocrx_word' id='word_1_288' title='bbox 1825 4435 2050 4509; x_wconf 86' lang='lat' dir='ltr'>staffls</span> <span class='ocrx_word' id='word_1_289' title='bbox 2083 4436 2405 4526; x_wconf 84' lang='lat' dir='ltr'>elevavit,</span> <span class='ocrx_word' id='word_1_290' title='bbox 2449 4438 2772 4534; x_wconf 86' lang='lat' dir='ltr'>legatum</span> <span class='ocrx_word' id='word_1_291' title='bbox 2814 4433 3235 4534; x_wconf 87' lang='lat' dir='ltr'>conspiciens</span> <span class='ocrx_word' id='word_1_292' title='bbox 3270 4428 3327 4497; x_wconf 83' lang='lat' dir='ltr'>ut</span> 
     </span>
     <span class='ocr_line' id='line_1_33' title="bbox 734 4555 3324 4660; baseline -0.003 -31"><span class='ocrx_word' id='word_1_293' title='bbox 734 4555 1170 4631; x_wconf 90' lang='lat' dir='ltr'>descensum</span> <span class='ocrx_word' id='word_1_294' title='bbox 1194 4559 1726 4657; x_wconf 89' lang='lat' dir='ltr'>prohiberetur,</span> <span class='ocrx_word' id='word_1_295' title='bbox 1765 4561 1892 4634; x_wconf 90' lang='lat' dir='ltr'>sed</span> <span class='ocrx_word' id='word_1_296' title='bbox 1922 4561 2267 4635; x_wconf 73' lang='lat' dir='ltr'>laboravit</span> <span class='ocrx_word' id='word_1_297' title='bbox 2295 4563 2369 4635; x_wconf 90' lang='lat' dir='ltr'>in</span> <span class='ocrx_word' id='word_1_298' title='bbox 2394 4586 2683 4655; x_wconf 86' lang='lat' dir='ltr'>vanum,</span> <span class='ocrx_word' id='word_1_299' title='bbox 2714 4564 2954 4660; x_wconf 85' lang='lat' dir='ltr'>legato</span> <span class='ocrx_word' id='word_1_300' title='bbox 2979 4558 3324 4633; x_wconf 83' lang='lat' dir='ltr'>nullatenus</span> 
     </span>
     <span class='ocr_line' id='line_1_34' title="bbox 735 4680 3323 4781; baseline 0.002 -31"><span class='ocrx_word' id='word_1_301' title='bbox 735 4680 943 4774; x_wconf 87' lang='lat' dir='ltr'>signo</span> <span class='ocrx_word' id='word_1_302' title='bbox 1003 4682 1110 4755; x_wconf 88' lang='lat' dir='ltr'>vel</span> <span class='ocrx_word' id='word_1_303' title='bbox 1167 4687 1344 4756; x_wconf 89' lang='lat' dir='ltr'>nutu</span> <span class='ocrx_word' id='word_1_304' title='bbox 1405 4684 1537 4758; x_wconf 91' lang='lat' dir='ltr'>sibi</span> <span class='ocrx_word' id='word_1_305' title='bbox 1597 4683 2106 4780; x_wconf 90' lang='lat' dir='ltr'>respondente.</span> <span class='ocrx_word' id='word_1_306' title='bbox 2170 4686 2497 4758; x_wconf 85' lang='lat' dir='ltr'>Accessit</span> <span class='ocrx_word' id='word_1_307' title='bbox 2551 4686 2767 4781; x_wconf 86' lang='lat' dir='ltr'>igitur</span> <span class='ocrx_word' id='word_1_308' title='bbox 2822 4686 2965 4760; x_wconf 83' lang='lat' dir='ltr'>dux</span> <span class='ocrx_word' id='word_1_309' title='bbox 3022 4680 3323 4778; x_wconf 70' lang='lat' dir='ltr'>equester,</span> 
     </span>
     <span class='ocr_line' id='line_1_35' title="bbox 736 4803 3325 4908; baseline -0 -35"><span class='ocrx_word' id='word_1_310' title='bbox 736 4803 969 4898; x_wconf 89' lang='lat' dir='ltr'>capite</span> <span class='ocrx_word' id='word_1_311' title='bbox 1028 4805 1316 4882; x_wconf 90' lang='lat' dir='ltr'>detecto</span> <span class='ocrx_word' id='word_1_312' title='bbox 1366 4808 1457 4882; x_wconf 87' lang='lat' dir='ltr'>ad</span> <span class='ocrx_word' id='word_1_313' title='bbox 1499 4808 1819 4907; x_wconf 90' lang='lat' dir='ltr'>legatum</span> <span class='ocrx_word' id='word_1_314' title='bbox 1872 4809 2089 4883; x_wconf 90' lang='lat' dir='ltr'>etiam</span> <span class='ocrx_word' id='word_1_315' title='bbox 2138 4819 2355 4906; x_wconf 88' lang='lat' dir='ltr'>caput</span> <span class='ocrx_word' id='word_1_316' title='bbox 2402 4812 2864 4908; x_wconf 86' lang='lat' dir='ltr'>detegentem</span> <span class='ocrx_word' id='word_1_317' title='bbox 2894 4819 2963 4886; x_wconf 89' lang='lat' dir='ltr'>et</span> <span class='ocrx_word' id='word_1_318' title='bbox 2997 4808 3130 4881; x_wconf 93' lang='lat' dir='ltr'>oris</span> <span class='ocrx_word' id='word_1_319' title='bbox 3156 4818 3325 4877; x_wconf 86' lang='lat' dir='ltr'>oscu-</span> 
     </span>
     <span class='ocr_line' id='line_1_36' title="bbox 733 4926 3327 5033; baseline -0.001 -33"><span class='ocrx_word' id='word_1_320' title='bbox 733 4926 882 5001; x_wconf 93' lang='lat' dir='ltr'>lum</span> <span class='ocrx_word' id='word_1_321' title='bbox 932 4928 1067 5001; x_wconf 88' lang='lat' dir='ltr'>sibi</span> <span class='ocrx_word' id='word_1_322' title='bbox 1117 4941 1544 5028; x_wconf 81' lang='lat' dir='ltr'>negantem3</span> <span class='ocrx_word' id='word_1_323' title='bbox 1599 4935 2130 5009; x_wconf 89' lang='lat' dir='ltr'>descenderunt</span> <span class='ocrx_word' id='word_1_324' title='bbox 2189 4960 2277 5009; x_wconf 86' lang='lat' dir='ltr'>ex</span> <span class='ocrx_word' id='word_1_325' title='bbox 2338 4937 2544 5033; x_wconf 88' lang='lat' dir='ltr'>equis</span> <span class='ocrx_word' id='word_1_326' title='bbox 2592 4944 2664 5024; x_wconf 84' lang='lat' dir='ltr'>et</span> <span class='ocrx_word' id='word_1_327' title='bbox 2712 4937 2831 5011; x_wconf 89' lang='lat' dir='ltr'>alii</span> <span class='ocrx_word' id='word_1_328' title='bbox 2872 4937 3006 5011; x_wconf 92' lang='lat' dir='ltr'>duo</span> <span class='ocrx_word' id='word_1_329' title='bbox 3060 4936 3327 5004; x_wconf 82' lang='lat' dir='ltr'>oratores</span> 
     </span>
     <span class='ocr_line' id='line_1_37' title="bbox 732 5047 3325 5157; baseline -0.003 -33"><span class='ocrx_word' id='word_1_330' title='bbox 732 5076 899 5125; x_wconf 90' lang='lat' dir='ltr'>cum</span> <span class='ocrx_word' id='word_1_331' title='bbox 939 5054 1196 5150; x_wconf 89' lang='lat' dir='ltr'>quibus</span> <span class='ocrx_word' id='word_1_332' title='bbox 1235 5055 1518 5151; x_wconf 88' lang='lat' dir='ltr'>legatus</span> <span class='ocrx_word' id='word_1_333' title='bbox 1560 5082 1637 5132; x_wconf 92' lang='lat' dir='ltr'>se</span> <span class='ocrx_word' id='word_1_334' title='bbox 1676 5058 1930 5132; x_wconf 88' lang='lat' dir='ltr'>habuit</span> <span class='ocrx_word' id='word_1_335' title='bbox 1964 5066 2039 5132; x_wconf 92' lang='lat' dir='ltr'>ut</span> <span class='ocrx_word' id='word_1_336' title='bbox 2081 5082 2248 5133; x_wconf 88' lang='lat' dir='ltr'>cum</span> <span class='ocrx_word' id='word_1_337' title='bbox 2291 5060 2545 5157; x_wconf 89' lang='lat' dir='ltr'>primis</span> <span class='ocrx_word' id='word_1_338' title='bbox 2590 5061 2893 5134; x_wconf 87' lang='lat' dir='ltr'>duobus.</span> <span class='ocrx_word' id='word_1_339' title='bbox 2931 5064 3111 5133; x_wconf 86' lang='lat' dir='ltr'>Duce</span> <span class='ocrx_word' id='word_1_340' title='bbox 3145 5047 3325 5145; x_wconf 86' lang='lat' dir='ltr'>igitur</span> 
     </span>
     <span class='ocr_line' id='line_1_38' title="bbox 733 5175 3321 5283; baseline -0.002 -34"><span class='ocrx_word' id='word_1_341' title='bbox 733 5176 824 5249; x_wconf 91' lang='lat' dir='ltr'>ad</span> <span class='ocrx_word' id='word_1_342' title='bbox 872 5178 1237 5253; x_wconf 88' lang='lat' dir='ltr'>sinistram</span> <span class='ocrx_word' id='word_1_343' title='bbox 1285 5180 1504 5277; x_wconf 87' lang='lat' dir='ltr'>legati</span> <span class='ocrx_word' id='word_1_344' title='bbox 1550 5183 1946 5278; x_wconf 86' lang='lat' dir='ltr'>equitante,</span> <span class='ocrx_word' id='word_1_345' title='bbox 1988 5184 2160 5259; x_wconf 91' lang='lat' dir='ltr'>licet</span> <span class='ocrx_word' id='word_1_346' title='bbox 2205 5184 2279 5258; x_wconf 90' lang='lat' dir='ltr'>id</span> <span class='ocrx_word' id='word_1_347' title='bbox 2318 5186 2437 5259; x_wconf 90' lang='lat' dir='ltr'>diu</span> <span class='ocrx_word' id='word_1_348' title='bbox 2468 5194 2865 5277; x_wconf 88' lang='lat' dir='ltr'>recusaret,</span> <span class='ocrx_word' id='word_1_349' title='bbox 2902 5175 3321 5283; x_wconf 77' lang='lat' dir='ltr'>processimus</span> 
     </span>
    </p>
   </div>
   <div class='ocr_carea' id='block_1_3' title="bbox 3478 2820 3485 4123">
    <p class='ocr_par' dir='ltr' id='par_1_4' title="bbox 3478 2820 3485 4123">
     <span class='ocr_line' id='line_1_39' title="bbox 3478 2820 3485 4123; baseline 0 0"><span class='ocrx_word' id='word_1_350' title='bbox 3478 2820 3485 4123; x_wconf 95' lang='lat' dir='ltr'> </span> 
     </span>
    </p>
   </div>
   <div class='ocr_carea' id='block_1_4' title="bbox 3477 2820 3486 4348">
    <p class='ocr_par' dir='ltr' id='par_1_5' title="bbox 3477 2820 3486 4348">
     <span class='ocr_line' id='line_1_40' title="bbox 3477 2820 3486 4348; baseline 0 0"><span class='ocrx_word' id='word_1_351' title='bbox 3477 2820 3486 4348; x_wconf 95' lang='lat' dir='ltr'> </span> 
     </span>
    </p>
   </div>
  </div>
 </body>
</html>
