3625 6059
311 556 654 625 [Decembre
673 556 822 621 1492]
1005 552 1262 612 RERUM
1309 554 1764 617 URBANARUM
1808 556 2331 619 COMMENTARII.
2970 569 3007 623 5

329 710 452 785 del
495 715 730 785 Rosso
775 710 851 785 in
891 708 1134 785 medio
1175 709 1410 807 campi
1439 709 1652 787 Flore
1697 712 2059 787 insultavit
2091 714 2551 789 Dominicum
2583 718 3001 795 Beneacce-

333 838 590 913 dutum
630 837 798 935 ejus
849 834 1254 924 inimicum,
1303 859 1470 911 cum
1518 860 1660 933 quo
1709 843 1953 913 tamen
2002 838 2135 915 sub
2179 839 2675 939 fideijussione
2720 843 3004 920 vivebat

333 964 900 1060 quingentorum
949 960 1402 1053 ducatorum,
1445 961 1825 1059 ipsumque
1876 964 2154 1039 duabus
2198 967 2787 1063 percussionibus
2832 994 3003 1067 per-

331 1088 562 1162 cussit
621 1095 696 1163 et
751 1086 1146 1161 vulneravit
1191 1085 1546 1175 letaliter;
1601 1110 1691 1161 ex
1742 1088 1999 1184 quibus
2049 1097 2379 1164 mortuus
2427 1091 2584 1165 fuit.
2631 1094 2717 1165 Et
2760 1098 2803 1165 4
2854 1093 2996 1185 die,

333 1216 530 1311 Papa
559 1212 758 1287 misit
786 1211 1428 1287 vicecamerarium
1457 1236 1626 1288 cum
1667 1215 2295 1289 conservatoribus
2329 1225 2400 1289 et
2431 1221 2581 1289 toto
2610 1220 2879 1317 populo
2911 1220 3005 1295 ad

337 1336 858 1413 destruendam
891 1337 1052 1435 ejus
1081 1336 1410 1429 domum,
1447 1359 1754 1434 eamque
1785 1337 2165 1414 destruxit.
2201 1343 2289 1413 Et
2318 1340 2574 1415 eadem
2604 1346 2647 1413 4
2682 1340 2797 1415 die
2830 1365 3001 1440 sep-

331 1463 672 1553 tembris,
725 1462 1214 1561 Hieronymus
1287 1460 1510 1535 frater
1567 1460 1738 1536 dicti
1803 1460 2187 1536 Salvatoris
2250 1464 2760 1537 adinstantiam
2829 1463 3001 1539 dicti

331 1588 694 1665 Dominici
739 1588 876 1661 fuit
921 1608 1345 1683 suspensuS,
1390 1591 1468 1659 ut
1517 1608 1760 1683 supra.
1811 1588 1901 1659 Et
1945 1587 2049 1661 sic
2094 1587 2348 1662 eadem
2400 1587 2541 1677 die,
2588 1586 2679 1662 de
2731 1610 2819 1661 eo
2864 1588 2999 1663 fuit

329 1722 712 1812 assumpta
745 1712 1084 1802 vindicta,
1122 1711 1314 1807 quod
1359 1732 1508 1785 non
1547 1714 1658 1784 est
1699 1710 2143 1785 credendum
2174 1711 2330 1787 sine
2362 1712 2493 1788 Dei
2524 1710 2995 1810 dispositione

327 1838 808 1939 processisse.
835 1841 1031 1935 Papa
1057 1835 1355 1913 abstulit
1385 1858 1650 1933 penam
1676 1859 1719 1909 a
1747 1835 2324 1935 fidejussoribus.

430 1965 708 2041 Eodem
737 1986 1018 2055 mense,
1039 1960 1452 2037 Alexander
1481 1960 1835 2037 ordinavit
1860 1961 2263 2038 visitatores
2294 1986 2695 2055 carcerum,
2726 1972 2801 2039 et
2829 1964 2999 2041 fecit

325 2098 644 2189 quatuor
673 2088 1212 2165 commissarios
1243 2086 1366 2183 qui
1411 2085 1743 2162 audirent
1782 2088 2119 2185 querelas
2160 2089 2232 2162 in
2276 2089 2494 2165 Urbe.
2531 2093 2618 2164 Et
2648 2091 3001 2165 ordinavit

327 2214 789 2316 syndicatum
825 2212 1136 2310 Vignole
1161 2216 1234 2286 et
1263 2235 1563 2286 suorum
1585 2212 2031 2303 officialium,
2069 2221 2141 2288 et
2172 2215 2421 2288 statuit
2449 2213 2890 2289 audientiam
2924 2215 2993 2288 in

329 2341 446 2417 die
483 2339 738 2415 martis
779 2338 1118 2413 omnibus
1157 2338 1426 2415 civibus
1467 2346 1614 2412 tam
1655 2338 1975 2413 maribus
2014 2360 2232 2435 quam
2276 2338 2588 2429 feminis,
2627 2350 2699 2414 et
2729 2339 2997 2415 audivit

328 2466 642 2565 ipsemet
677 2464 1040 2562 querelas,
1075 2469 1146 2539 et
1162 2464 1515 2561 justitiam
1541 2464 1850 2539 mirabili
1875 2465 2093 2559 modo
2124 2466 2363 2541 facere
2398 2468 2591 2565 cepit
2621 2466 2741 2567 (1).

421 2590 702 2673 Eodem
727 2612 948 2679 ann0,
973 2608 1227 2665 m'ense
1255 2588 1691 2679 decembris,
1719 2611 1977 2685 parum
2002 2595 2169 2665 ante
2202 2590 2490 2665 Domini
2518 2590 2989 2681 nativitatem,

327 2818 476 2892 sujtet
501 2820 559 2871 et
584 2812 684 2871 fait
709 2811 943 2869 allusion
973 2829 1044 2868 au
1075 2829 1340 2893 concours
1363 2810 1692 2869 scandaleux
1723 2814 1873 2887 prete
1898 2828 1996 2887 par
2024 2810 2072 2867 le
2104 2812 2240 2869 frere
2260 2814 2333 2869 du
2355 2812 2461 2870 duc
2489 2812 2556 2871 de
2576 2812 2745 2870 Milan
2768 2816 2801 2869 a
2820 2811 2997 2869 l'elec-

325 2908 438 2965 tion
467 2905 546 2961 du
571 2899 1017 2959 viee-chancelier
1047 2900 1249 2973 Borgia
1283 2919 1296 2957 :

555 3070 584 3121 .“
615 3048 681 3103 Ρ.
715 3046 787 3102 Μ.
819 3045 892 3102 Α.
927 3047 999 3101 Μ.
1031 3046 1274 3101 Ascanio
1305 3045 1551 3115 Sfortiae,
1582 3047 1917 3109 Vir-ecome'ci,
1950 3046 2259 3109 Cat-dinaei,
2299 3047 2771 3105 VicecancellariO.

391 3196 424 3227 κ
546 3173 660 3231 Sed
697 3173 806 3229 hoc
840 3170 1057 3241 habete,
1091 3170 1355 3245 Princeps
1387 3169 1782 3241 Illustrissime,
1801 3188 1903 3226 nec
1930 3168 2207 3245 placuisse
2234 3170 2371 3227 meis
2393 3169 2662 3243 Regibus,
2688 3171 2989 3228 Innocentii

321 3262 612 3322 pontificis
641 3267 892 3331 mortem,
922 3277 1100 3335 neque
1139 3258 1526 3317 Pontificatum
1565 3260 1634 3315 ad
1671 3259 2065 3328 Alexandrum,
2107 3258 2355 3334 quamvis
2399 3277 2584 3316 eorum
2623 3260 2995 3333 ditionarium,

319 3352 658 3428 pervenisse.
691 3350 964 3407 Verentur
989 3366 1226 3423 namque
1258 3366 1324 3405 ne
1355 3346 1500 3405 illius
1541 3348 1834 3423 cupiditaS,
1864 3366 1933 3404 ne
1962 3348 2205 3419 ambiti0,
2238 3367 2307 3405 ne
2348 3349 2515 3422 (quod
2557 3349 2827 3423 gravius),
2858 3352 2998 3409 mol-

317 3443 466 3501 lities
494 3440 678 3499 filialis
708 3439 1062 3497 christianam
1091 3437 1410 3513 religionem
1439 3438 1494 3494 in
1525 3430 1993 3513 praeceps'trahat.
2024 3436 2135 3493 Nec
2152 3446 2212 3493 tu
2236 3444 2367 3494 nota
2389 3454 2567 3507 cares„
2590 3439 2683 3513 qui
2714 3440 3000 3514 suffragiis

313 3532 572 3608 pluribus
615 3528 766 3587 illum
815 3527 1112 3599 hominem,
1150 3534 1212 3585 ut
1239 3528 1580 3599 eveheretur,
1611 3526 1808 3585 diceris
1847 3526 2197 3601 adjuvisse...
2230 3524 2470 3582 Vulnera
2506 3526 2795 3601 calcesque
2824 3527 2894 3585 ab
2933 3545 2997 3585 eo

317 3620 502 3695 magis
540 3635 708 3692 quam
747 3616 1135 3691 gratitudinem
1171 3610 1508 3693 aut'linguae
1556 3615 1844 3674 lambentis
1892 3615 2254 3673 medicamina
2298 3613 2644 3689 suspicamur
2688 3615 2991 3693 proditura.

317 3712 564 3783 Tempus
595 3706 700 3765 erit
727 3723 908 3764 rerum
936 3705 1122 3763 index.
1153 3704 1306 3765 Vale.
1341 3728 1370 3759 »

1348 3818 1379 3849 «
1420 3795 1500 3853 Ex
1530 3796 1970 3870 Caesaraugusta,
1998 3796 2049 3854 V
2082 3794 2197 3854 Cal.
2225 3794 2465 3853 octobris
2497 3794 2657 3852 1492.
2692 3817 2721 3847 »

390 3894 537 3966 (Lib.
571 3892 642 3965 V,
673 3894 848 3969 Epist.
883 3894 1077 3965 CXIX,
1108 3910 1238 3969 pag.
1269 3895 1386 3969 66.)

390 3994 442 4051 1.
485 3990 574 4049 Un
606 3992 706 4049 des
733 3991 997 4067 premiere
1027 3990 1180 4063 soins
1211 3991 1285 4048 du
1314 4009 1454 4067 pape
1482 3992 1565 4049 sut
1591 3992 1658 4048 de
1687 3991 1911 4049 retablir
1938 3990 2219 4049 l'exercice
2248 3992 2315 4049 de
2345 3990 2397 4049 la
2416 3992 2645 4067 justice,
2677 3993 2995 4070 quin'exis-

317 4080 422 4139 tait
449 4081 582 4155 plus
611 4084 646 4138 a
671 4082 846 4139 Rome
873 4080 1069 4156 depuis
1097 4078 1152 4139 la
1177 4078 1412 4137 maledie
1440 4079 1535 4153 qui
1562 4079 1710 4139 avait
1735 4085 1979 4155 emporte
2008 4081 2275 4139 Innocent
2300 4080 2448 4140 V111.
2492 4082 2625 4142 Huit
2662 4082 2802 4139 mois
2840 4088 3001 4157 apres

320 4189 420 4229 son
452 4169 710 4241 electiori,
739 4168 778 4226 il
815 4168 1004 4244 publia
1041 4170 1094 4227 la
1129 4168 1280 4227 bulle
1325 4170 1474 4225 Inter
1509 4171 1845 4242 multiplices
1890 4186 2069 4235 curas,
2112 4177 2298 4228 contre
2345 4188 2483 4229 ceux
2528 4173 2625 4247 qui
2656 4191 2715 4231 se
2742 4172 3000 4231 faisaient

311 4260 518 4335 justice
547 4264 896 4315 eux-memes
926 4276 996 4315 ou
1025 4258 1120 4333 qui
1154 4258 1410 4317 faisaient
1427 4258 1526 4315 des
1556 4258 1869 4317 incursione
1898 4276 1993 4317 sur
2012 4258 2062 4315 le
2090 4260 2359 4318 territoire
2388 4260 2821 4337 ecclesiastique.
2853 4263 2997 4339 Voy.

319 4348 698 4406 Baliarum...
750 4349 1094 4419 amplissima
1137 4348 1400 4417 collectan,
1439 4354 1480 4407 t.
1513 4348 1613 4418 111,
1643 4348 1700 4405 3·
1729 4356 1895 4423 part„
1926 4365 2059 4423 pag.
2091 4350 2215 4407 232.
2249 4350 2411 4407 Anno
2440 4351 2653 4408 Domini
2686 4352 2845 4409 1493.
2874 4350 2997 4409 Kal.

318 4438 532 4512 apriliS.
565 4436 646 4495 Le
676 4438 758 4493 1⁸¹
787 4452 933 4493 mars
975 4436 1134 4505 1494,
1164 4435 1204 4492 il
1233 4452 1452 4494 nomme.
1479 4455 1586 4494 une
1623 4438 1977 4496 commission
2007 4444 2299 4514 composee
2337 4441 2437 4497 des
2486 4446 2903 4497 conservateurs
2934 4441 3000 4497 de

317 4524 370 4583 la
404 4526 556 4597 ville,
603 4526 705 4583 des
734 4524 887 4581 chefs
927 4526 995 4581 de
1024 4525 1294 4599 quartiers
1325 4532 1382 4584 et
1407 4526 1476 4583 de
1504 4532 1760 4601 quatorze
1788 4528 2307 4603 citoyens‘romains
2336 4529 2404 4584 de
2434 4533 2783 4603 competence
2816 4546 3000 4587 recon-

313 4629 422 4671 nue
449 4630 594 4689 pour
621 4611 912 4681 romanier,
935 4612 1178 4687 corrigar
1205 4624 1262 4671 et
1289 4616 1581 4689 completer
1609 4616 1688 4673 les
1716 4616 2107 4675 constitutions
2138 4616 2431 4673 anciennes
2459 4622 2513 4673 et
2542 4615 2821 4673 nouvelles
2850 4634 2989 4691 pon-

315 4702 548 4761 tifleala
575 4710 634 4760 et
659 4700 1042 4775 municipaleS,
1065 4700 1148 4759 les
1181 4709 1404 4775 statuts,
1431 4705 1664 4775 decretS,
1695 4710 1825 4776 etc„
1846 4722 1984 4781 pour
2013 4706 2207 4763 unifier
2234 4688 2407 4763 en'un
2436 4715 2551 4763 mot
2578 4703 2631 4763 la
2659 4703 2992 4780 legislation.

317 4792 390 4850 Ce
417 4792 550 4850 bref
570 4809 634 4849 se
661 4798 854 4848 trouve
884 4790 1024 4845 dans
1066 4788 1148 4846 les
1174 4792 1396 4851 statuta
1442 4800 1492 4849 et
1527 4812 1681 4853 novae
1717 4798 2133 4864 reformationes
2175 4794 2335 4851 Urbis
2364 4798 2563 4865 Romae,
2596 4794 2799 4867 iri-fol„
2833 4798 2993 4867 1558,

315 4882 523 4951 Romae,
557 4881 650 4939 liv.
685 4880 780 4950 IV,
822 4878 917 4937 fol.
949 4879 995 4937 1.
1027 4880 1110 4935 En
1152 4881 1310 4951 1498,
1342 4880 1652 4941 Alexandro
1678 4884 1752 4942 Vl
1781 4900 1995 4956 songea
2030 4886 2064 4941 ὁ,
2094 4882 2290 4941 etablir
2319 4900 2387 4941 en
2418 4883 2591 4953 Italie,
2624 4884 2766 4943 ainsi
2798 4884 2995 4959 qu’elle

317 4972 538 5031 existait
563 4988 638 5029 en
667 4971 946 5045 Espagne‚
977 4967 1032 5027 la
1057 4969 1324 5027 consterie
1351 4970 1420 5028 de
1449 4970 1500 5028 la
1529 4971 2113 5043 Sainte-Hermandad,
2130 4990 2268 5048 pour
2295 4972 2558 5047 reprimer
2576 4975 2623 5031 le
2650 4972 2992 5049 brigandage

315 5068 368 5119 et
390 5062 557 5138 punir
585 5058 669 5117 les
699 5057 916 5115 voleurs
945 5064 1000 5113 et
1025 5056 1108 5114 les
1136 5057 1376 5117 banditS.
1412 5059 1456 5115 11
1485 5077 1556 5117 ne
1583 5060 1666 5116 l‘ut
1701 5078 1802 5135 pas
1839 5060 2019 5119 donne
2048 5059 2190 5119 suite
2218 5065 2253 5119 a
2280 5079 2343 5117 ce
2372 5064 2563 5136 projet.
2597 5062 2741 5136 Voy.
2770 5066 2991 5119 Decreta

315 5150 725 5211 cmzsistortaha
751 5149 822 5203 ab
849 5148 1170 5205 Aleaeandro
1205 5148 1280 5204 VI
1304 5164 1474 5221 usque
1500 5149 1575 5205 ad
1606 5150 1887 5207 Urbanum
1920 5150 2078 5215 VIII,-
2106 5147 2251 5207 Bibl.
2284 5155 2423 5219 nat.,
2445 5168 2583 5209 mss.
2612 5152 2804 5219 12555,
2828 5148 2991 5206 fonds

311 5240 426 5311 lat„
455 5240 552 5301 fol.
585 5240 642 5299 2.
677 5238 787 5295 Les
817 5241 1018 5293 statuts
1047 5236 1116 5294 de
1145 5241 1288 5295 cette
1316 5236 1580 5295 confrerie
1611 5245 1738 5296 sont
1765 5256 1836 5296 en
1860 5236 2146 5315 espagnol.
