3625 6059
733 528 840 583 400
1644 520 1991 578 JOHANNJS
2042 519 2483 619 BURCHARm,
3060 518 3211 582 [Anat.
3236 522 3361 581 tm]

737 678 957 751 misse
990 674 1135 749 sive
1161 672 1382 749 officii
1409 680 1819 769 expectare,
1850 673 2048 769 quod
2073 673 2397 748 nondum
2424 680 2579 750 erat
2604 673 3050 748 inchoatum.
3080 674 3363 747 Scamua

734 826 868 900 pro
904 798 1382 876 cardinalibus
1429 803 1780 874 steterunt
1825 800 1900 871 in
1942 800 2125 873 10015
2173 799 2539 873 consuetis
2578 798 2766 873 inter
2808 798 3180 873 columnas
3214 798 3367 871 hinc.
3510 845 3527 910 ,Ι

734 926 929 1017 inde,
963 926 1038 999 in
1066 926 1486 1023 quibusper
1528 930 1754 1001 totum
1787 948 2059 998 annum
2090 932 2280 1000 stare
2310 930 2750 999 consuerunt
2780 947 2797 995 ε
2832 924 3121 999 fuerunt
3150 930 3373 997 autem

735 1058 990 1127 ornata
1033 1058 1105 1123 et
1132 1058 1478 1147 cooperta
1501 1051 1881 1149 spalleriiS‚
1918 1058 1992 1129 01
2017 1074 2315 1126 scamna
2339 1051 2608 1150 pedum
2638 1050 3030 1147 tapetibus,
3064 1048 3381 1123 videlicet

735 1178 828 1252 ad
871 1176 1234 1251 sinistram
1277 1175 1608 1250 intrantis
1653 1177 2038 1252 ecclesiam
2084 1202 2223 1276 que
2268 1183 2437 1251 sunt
2482 1199 2729 1250 versus
2774 1197 3003 1247 cornu
3049 1171 3385 1269 evangelii

738 1304 981 1378 altaris
1037 1326 1168 1399 pro
1219 1303 1578 1400 episcopis
1641 1311 1713 1377 et
1759 1303 2228 1402 presbyteriS,
2282 1310 2355 1379 et
2403 1303 2494 1376 ad
2531 1302 2935 1391 dexteram,
2976 1297 3305 1374 videlicet
3350 1320 3387 1369 a

737 1452 964 1503 cornu
1019 1427 1324 1526 epistole
1371 1450 1500 1525 pro
1546 1427 1903 1517 diaconis3
1955 1436 2119 1526 post
2168 1431 2371 1527 cujus
2420 1430 2645 1504 finem
2690 1429 2823 1503 fuit
2862 1429 3221 1527 pulpitum
3268 1450 3387 1523 pro

741 1560 1060 1645 oraturo,
1103 1559 1174 1627 et
1211 1552 1282 1626 in
1321 1551 1483 1627 loco
1525 1576 1655 1627 suo
1679 1553 1932 1645 solito,
1970 1556 2188 1628 totius
2220 1554 2387 1629 anni
2432 1556 2629 1653 quod
2664 1555 2796 1630 fuit
2825 1553 3043 1653 pallio
3083 1550 3387 1649 quodam

742 1703 1008 1775 magno
1051 1684 1387 1753 ornatum
1419 1678 1509 1751 ad
1547 1679 1771 1776 pedes
1809 1680 1983 1753 dicti
2022 1680 2275 1777 pulpiti
2318 1703 2543 1776 usque
2584 1681 2678 1756 ad
2718 1679 3113 1755 scabellum
3156 1678 3393 1751 diaco·

740 1826 1002 1878 norum
1052 1802 1522 1878 cardinalium
1579 1828 1594 1876 t
1643 1810 1899 1901 postea
1942 1804 2232 1893 fuerunt
2281 1829 2577 1879 scamna
2624 1828 2751 1881 sex
2795 1806 2870 1878 in
2920 1814 3393 1878 transversum

746 1926 1055 2002 ecclesie
1108 1951 1237 2025 pro
1291 1926 1582 2024 prelatis
1629 1951 1934 2025 quorum
1993 1929 2364 2026 quodlibet
2422 1937 2579 2005 erat
2630 1954 2859 2028 capax
2907 1954 3037 2027 pro
3082 1936 3251 2005 octo
3294 1928 3397 2003 vel

745 2075 1003 2127 novem
1042 2052 1397 2150 personis.
1444 2056 1525 2125 ln
1561 2054 1706 2127 fine
1747 2055 2021 2129 scamni
2062 2055 2533 2130 diaconorum
2574 2055 3046 2131 cardinalium
3082 2054 3395 2129 additum

745 2178 877 2253 fuit
921 2177 1114 2252 aliud
1159 2202 1534 2253 scamnum
1571 2182 1804 2277 magis
1843 2181 2138 2255 bassum
2178 2181 2335 2257 sine
2366 2182 2680 2257 scabello
2720 2205 2853 2279 pro
2894 2178 3301 2255 oratoribus
3336 2178 3395 2249 in

749 2328 893 2402 quo
924 2306 1121 2380 stetit
1149 2306 1346 2380 solus
1376 2308 1519 2380 dux
1549 2306 2140 2398 answicensiS‚
2176 2315 2418 2382 orator
2452 2312 2944 2381 Romanorum
2974 2304 3165 2403 regis
3198 2328 3215 2376 ε
3254 2326 3399 2377 cas-

751 2429 1030 2505 dinales
1083 2454 1366 2522 omneS,
1429 2455 1594 2505 cum
1657 2437 1938 2506 tantum
1994 2438 2274 2529 septem
2328 2437 2598 2523 essent,
2664 2436 3021 2505 steterunt
3071 2428 3291 2501 simul
3340 2429 3397 2501 in

751 2554 1010 2629 eodem
1059 2555 1292 2629 banco
1348 2580 1482 2653 pro
1539 2556 1899 2654 episcopis
1957 2564 2030 2631 et
2080 2557 2520 2657 presbyteris
2572 2564 2853 2655 parato,
2912 2563 2986 2631 et
3040 2554 3265 2641 aliud,
3328 2578 3403 2628 ex

748 2676 1076 2768 adversm
1111 2680 1377 2753 mansit
1403 2703 1736 2753 vacuum.
1775 2681 2190 2756 Orationem
2234 2688 2395 2781 post
2428 2682 2879 2780 evangelium
2922 2681 3093 2756 fecit
3122 2678 3402 2776 quidam

749 2804 1096 2901 Raphael,
1131 2828 1374 2896 00005,
1417 2830 1810 2902 germanus
1842 2807 2065 2883 frater
2093 2808 2297 2906 Lippi
2337 2808 2563 2883 etiam·
2596 2808 2780 2898 0001,
2815 2806 3186 2905 professus
3218 2803 3405 2877 ordi·

751 2927 863 3002 nis
895 2953 954 3002 5.
1003 2930 1384 3027 Augustini
1427 2931 1760 3030 predicti,
1809 2932 1887 3006 in
1919 2957 2172 3033 cappa,
2223 2956 2425 3009 more
2468 2933 2709 3024 501110,
2744 2956 2989 3030 quem,
3038 2954 3157 3007 100
3196 2954 3407 3029 super

752 3054 1103 3152 pulpitum
1140 3055 1479 3147 ducente,
1519 3058 1655 3131 ruit
1686 3058 1883 3132 scala
1912 3066 1984 3133 et
2014 3059 2229 3133 ambo
2266 3059 2664 3135 cecidimus
2700 3058 2777 3132 in
2812 3066 3111 3147 terram,
3146 3056 3405 3154 absque

754 3186 1001 3255 tamen
1047 3180 1284 3278 aliqua
1309 3180 1612 3273 lesione,
1651 3187 1803 3259 Deo
1848 3184 2056 3260 nobis
2099 3186 2438 3284 propitio.
2477 3184 2732 3259 Omnia
2774 3184 3067 3259 fuerunt
3098 3183 3259 3257 sine
3306 3204 3405 3256 or·

759 3303 926 3378 dine
977 3330 992 3377 :
1045 3307 1466 3382 meretrices
1507 3316 1579 3385 et
1628 3310 1764 3384 alie
1812 3312 1989 3387 viles
2039 3336 2349 3411 persone
2402 3316 2757 3386 steterunt
2806 3310 2899 3383 ab
2939 3307 3133 3385 omui
3178 3313 3399 3403 parte,
3525 3336 3527 3351 ·

759 3427 949 3502 inter
991 3429 1214 3506 altare
1254 3439 1325 3505 et
1373 3434 1801 3511 cardinales,
1849 3441 1925 3511 In
1972 3417 2179 3513 altari
2220 3445 2427 3530 erant
2468 3462 2593 3511 sex
2632 3435 2937 3511 candele
2978 3434 3403 3508 diversarum

758 3551 1212 3650 qualitatum,
1263 3582 1506 3655 parve,
1546 3561 1913 3657 juniorem
1958 3562 2231 3653 tristeS,
2284 3548 2538 3639 breves
2589 3588 2679 3638 ex
2721 3561 2861 3637 illis
2908 3585 3073 3636 cum
3118 3558 3403 3657 stopinis

759 3680 1030 3777 grossis
1071 3680 1328 3777 quibus
1375 3683 1746 3759 inofficiis
1783 3695 2235 3763 mortuorum
2280 3690 2381 3763 uti
2424 3689 2961 3781 consuevimuS,
3008 3695 3077 3760 et
3115 3692 3407 3783 quatuor

757 3808 949 3906 petie
997 3807 1521 3886 intorticiarum
1569 3814 1660 3888 de
1711 3814 1987 3888 eisdem
2030 3838 2164 3912 pro
2208 3815 2608 3891 elevatione
2654 3811 3117 3889 sacramenti.
3172 3808 3403 3883 Nullus

758 3933 1060 4007 fratrum
1119 3938 1394 4033 recepit
1447 3940 1846 4015 cardinales
1895 3964 2061 4016 cum
2120 3940 2501 4016 ecclesiam
2549 3940 2931 4029 intrarent,
2994 3959 3152 4027 000,
3212 3932 3401 4007 finito
3525 3946 3527 3965 ²

765 4058 1032 4153 officio,
1077 4060 1337 4159 aliquis
1369 4065 1855 4141 cardinalibus
1885 4065 2151 4164 gratias
2185 4067 2355 4164 egit.
2402 4070 2561 4141 Non
2600 4065 2827 4165 potui,
2872 4065 2949 4137 in
2986 4060 3223 4137 medio
3270 4080 3403 4131 ser·
3525 4066 3527 4135 ζ

758 4185 1100 4260 vientium
1139 4193 1507 4264 armorum
1534 4199 1947 4268 nostrorum
1971 4198 2042 4268 et
2074 4215 2452 4267 cursorum
2475 4196 2669 4291 Pape
2686 4190 3019 4266 ordinem
3046 4188 3211 4262 dare
3232 4181 3403 4282 quod
3525 4268 3527 4284 ἱ

763 4310 952 4387 10101·
993 4314 1216 4389 altare
1263 4323 1335 4391 01
1382 4317 1782 4394 cardinales
1829 4304 2077 4395 esse‘nt
2118 4318 2536 4393 meretrices
2586 4316 2829 4392 medie
2880 4322 2953 4391 01
2999 4312 3151 4403 alii;
3202 4308 3403 4383 nimia
3525 4340 3527 4391 3

765 4435 904 4512 fuit
952 4430 1280 4514 confusio
1328 4449 1400 4517 et
1439 4442 1899 4518 inordinatio,
1950 4450 2296 4520 Cantores
2339 4442 2566 4517 nostri
2613 4446 2971 4517 steterunt
3014 4434 3401 4513 immediate

769 4562 960 4639 inter
989 4563 1253 4641 ostium
1300 4566 1505 4641 chori
1548 4569 1876 4663 fratrum,
1924 4578 2116 4644 retro
2161 4569 2383 4644 altare
2424 4569 2694 4667 majus3
2740 4567 3114 4643 celebrans
3144 4558 3403 4657 accepit
3525 4600 3527 4603 ·

765 4689 1014 4764 omnia
1040 4702 1467 4787 paramenta
1501 4695 1945 4793 pontificalia
1983 4697 2059 4769 10
2096 4695 2442 4769 sacristia.
2486 4692 2660 4769 lnde
2692 4702 2985 4793 paratus
3014 4685 3402 4790 processio-

767 4814 1024 4891 naliter
1054 4817 1267 4892 exivit
1313 4825 1410 4911 et,
1445 4821 1670 4897 missa.
1707 4820 1936 4914 finita,
1979 4821 2149 4895 illuc
2192 4820 2403 4897 rediit
2447 4819 2601 4895 sine
2646 4820 3134 4917 processione,
3166 4815 3237 4886 01
3280 4806 3405 4881 ibi·

767 4939 935 5014 dem
981 4950 1408 5038 paramenta
1451 4945 1811 5043 deposuit.
1868 4950 2024 5023 Non
2072 4946 2459 5045 publicavit
2514 4944 2999 5044 indulgentias
3047 4940 3235 5015 datas
3286 4954 3405 5031 per
3525 5032 3527 5043 Ι

767 5088 962 5158 eum,
1002 5064 1176 5141 licet
1215 5074 1377 5165 post
1408 5070 1728 5166 missam,
1776 5096 1915 5169 que
1948 5080 2113 5148 sunt
2147 5073 2471 5171 plenarie
2502 5094 2631 5169 per
2658 5069 2931 5145 bullam
2976 5088 3099 5165 per
3138 5060 3403 5134 Sixtum

769 5214 1145 5269 concesse.
