3625 6059
696 558 807 614 510
1610 552 1958 612 scamnis
2006 551 2451 620 nunculium,
2647 579 2656 592 -
2959 551 3206 613 [semer
3231 552 3356 612 uss]

699 711 913 810 pallio
956 707 1173 807 panni
1212 706 1442 782 rubei.
1472 710 1552 780 lu
1596 729 1812 782 mane
1857 708 2182 808 ejusdem
2227 707 2373 781 diei
2417 707 2693 797 martis,
2729 706 3098 804 predictus
3137 707 3354 780 cardi-

696 835 878 910 nalis
908 832 1299 910 Gurcensis
1326 832 1579 906 habuit
1608 832 2054 907 audientiam
2087 856 2134 905 a
2169 835 2296 907 SS.
2337 836 2424 906 D.
2459 836 2585 920 N.;
2617 830 2990 906 redeundo
3035 832 3134 906 de
3175 831 3358 928 pala·

697 963 795 1036 tio
820 959 1195 1036 descendit
1224 983 1313 1032 ex
1342 981 1531 1054 equo
1572 958 1646 1030 in
1690 957 1910 1032 domo
1941 959 2128 1032 Rmi.
2167 963 2253 1034 D.
2285 956 2666 1032 cardinalis
2707 980 2771 1028 s.
2809 953 3168 1052 Dionysii,
3207 978 3356 1028 eum

696 1110 843 1182 quo
892 1093 1149 1184 postea
1188 1084 1527 1180 equitavit
1574 1084 1665 1157 ad
1708 1084 2006 1158 domum
2052 1083 2142 1157 de
2191 1083 2484 1160 Bubalis
2527 1105 2658 1180 pro
2707 1104 2798 1154 eo
2845 1079 3274 1177 dispositam
3297 1089 3360 1152 et

698 1213 1131 1288 ordinatam.
1172 1209 1503 1286 Visitavit
1529 1216 1918 1306 propterea
1955 1208 2278 1307 singulos
2317 1207 2746 1296 cardinaleS,
2783 1204 2914 1278 sed
2951 1203 3358 1302 paucissimi

700 1339 1101 1412 reviserunt
1128 1336 1409 1431 ipsum.⁴

798 1463 1001 1538 Feria
1031 1465 1309 1559 quarta,
1346 1459 1671 1532 cinerum
1702 1466 2146 1558 nuncupata,
2179 1459 2250 1532 in
2293 1459 2525 1557 capite
2548 1456 2844 1556 jejunii,
2881 1457 3012 1530 SS.
3053 1459 3139 1528 D.
3181 1459 3261 1530 N.
3300 1456 3358 1526 in

700 1590 977 1687 capella
1004 1588 1283 1686 majore
1306 1584 1551 1682 palatii
1584 1585 1988 1682 apostolici,
2027 1585 2220 1682 apud
2247 1611 2318 1658 s;
2335 1589 2656 1674 Petrum,
2685 1580 3062 1656 benedixit
3089 1581 3360 1656 cineres

700 1719 797 1802 et,
840 1713 949 1788 eis
994 1710 1229 1808 primo
1278 1733 1323 1783 a
1372 1713 1581 1782 Rmo.
1636 1709 1723 1780 D.
1772 1706 2119 1782 cardinali
2169 1731 2228 1779 s.
2282 1705 2603 1804 Dionysii
2647 1707 2988 1803 receptiS,
3033 1705 3360 1804 imposuit

700 1837 859 1913 illas
884 1836 1123 1911 eidem
1155 1834 1527 1925 cardinali,
1563 1832 1828 1908 deinde
1859 1831 2014 1906 aliis
2047 1855 2252 1906 more
2282 1831 2516 1907 solito.
2553 1835 2727 1906 Post
2765 1831 3100 1906 cinerum
3129 1831 3352 1906 distri-

702 1961 1104 2051 butionem,
1140 1958 1339 2034 dedit
1378 1982 1641 2055 aquam
1682 1959 2016 2033 manibus
2055 1961 2254 2056 Papo
2297 1960 2542 2030 orator
2578 1957 3084 2046 Florentinus;
3123 1963 3352 2032 Rmus.

708 2091 793 2160 D.
830 2083 1215 2160 cardinalis
1262 2083 1631 2181 predictus
1682 2083 2076 2160 celebravit
2121 2083 2418 2156 missam
2467 2081 2918 2170 solemnem;
2963 2105 3358 2158 sermonem

705 2208 873 2285 fecit
932 2215 1019 2284 D.
1054 2209 1560 2306 'Hieronymus
1615 2209 1707 2283 de
1770 2213 2084 2299 Cesena,
2139 2207 2555 2306 capellanus
2607 2208 2799 2281 Rmi.
2851 2213 2939 2282 D.
2997 2206 3358 2284 cardinalis

706 2333 1021 2407 Ascanii.
1065 2332 1225 2407 Alia
1266 2331 1647 2408 observata
1682 2337 1849 2406 sunt
1883 2355 2090 2408 more
2129 2333 2369 2408 solito.
2411 2330 2644 2406 Finita
2691 2331 2941 2421 missa,
2989 2333 3118 2406 SS.
3167 2335 3250 2406 D.
3285 2335 3358 2406 N.

706 2457 947 2531 adhuc
976 2455 1051 2529 in
1092 2456 1373 2553 capella
1402 2456 1745 2547 existenS,
1782 2455 2072 2530 indulsit
2113 2455 2322 2529 nobis
2363 2455 2727 2554 magistris
2765 2457 3354 2537 ceremoniarum,

710 2579 1129 2654 cantoribus
1158 2585 1371 2676 atque
1412 2580 1571 2654 aliis
1602 2580 1693 2655 de
1726 2581 2004 2678 capella
2033 2605 2167 2656 sua
2195 2581 2694 2674 existentibuS,
2725 2588 2804 2655 ut
2851 2581 3122 2679 singuli
3147 2605 3366 2678 posse-

711 2727 877 2778 mus
902 2703 1175 2801 eligere
1204 2704 1417 2778 nobis
1442 2705 1940 2780 confessorem
1963 2707 2085 2804 qui
2116 2730 2250 2783 nos
2275 2706 2598 2804 plenarie
2631 2707 2706 2780 in
2735 2707 3080 2784 omnibus
3097 2707 3357 2782 casibus

712 2828 933 2903 eliam
980 2828 1131 2903 sedi
1172 2829 1567 2927 apostolice
1611 2831 1990 2906 reservatis
2025 2831 2425 2906 absolveret
2463 2838 2536 2905 et
2567 2831 2969 2929 plenariam
3003 2832 3360 2928 indulgen—

718 2953 891 3028 tiam
938 2961 1010 3032 et
1052 2956 1559 3031 remissionem
1606 2957 1934 3031 omnium
1977 2965 2442 3055 peccatorum
2491 2963 2898 3031 nostrorum
2947 2956 3360 3034 concederet

712 3087 793 3154 et
840 3081 1034 3176 quod
1085 3080 1384 3178 singulis
1432 3080 1715 3170 diebuS,
1748 3082 2101 3158 visitando
2147 3082 2370 3158 altare
2417 3083 2652 3180 majus
2703 3081 3002 3157 basilice
3055 3107 3118 3156 s.
3160 3081 3360 3157 Petri.

720 3227 1338 3301 consequeremur
1370 3205 1894 3304 indulgentiam
1927 3209 2345 3283 stationum.

820 3329 1199 3404 Dominica
1224 3331 1461 3427 prima
1488 3331 2068 3430 quadragesime.
2113 3357 2252 3430 que
2282 3330 2418 3406 fuit
2463 3338 2546 3405 17
2580 3330 2751 3406 dicti
2783 3331 3060 3405 mensis
3097 3330 3366 3406 februa-

722 3451 840 3541 rii,
896 3457 980 3524 R.
1034 3453 1107 3524 in
1156 3454 1441 3529 Christo
1490 3460 1569 3529 P.
1609 3461 1693 3530 D.
1736 3458 2187 3548 Franciscus‚
2232 3457 2615 3556 episcopus
2665 3457 3149 3546 Perusiensis‚
3191 3456 3364 3530 cele-

730 3575 955 3651 bravit
990 3577 1293 3652 missam
1334 3579 1699 3677 publicam
1744 3581 1818 3652 in
1863 3581 2140 3678 capella
2180 3580 2528 3678 predicta,
2577 3586 2772 3680 Papa
2807 3588 3184 3679 presenle;
3232 3603 3366 3654 ser-

726 3722 1022 3776 monem
1080 3701 1254 3776 fecit
1308 3703 1530 3778 frater
1586 3707 1842 3778 Petrus
1900 3705 1990 3780 de
2049 3709 2422 3796 Ranzano,
2486 3706 2756 3781 ordinis
2809 3706 3362 3803 predicatorum.

728 3826 1145 3923 capellanus
1171 3827 1332 3900 Rmi
1364 3833 1450 3903 D.
1488 3828 1874 3902 cardinalis
1900 3829 2493 3919 vicecancellarii,
2529 3853 2659 3927 pro
2689 3839 3164 3926 procuratore
3193 3830 3364 3928 ejus-

716 3949 899 4026 dem
940 3951 1239 4026 ordinis.
1273 3953 1435 4027 Alia
1460 3952 1838 4030 observata
1867 3961 2036 4029 sunt
2063 3976 2270 4029 more
2301 3953 2541 4030 solito.

834 4077 999 4152 Heri
1032 4079 1327 4176 domina
1357 4079 1711 4172 Lucretia,
1750 4079 1896 4153 filia
1927 4083 2053 4154 SS.
2087 4082 2173 4153 D.
2212 4082 2296 4152 N.
2330 4101 2541 4176 pape,
2577 4080 2817 4154 eundo
2847 4103 2982 4177 per
3011 4077 3366 4176 quamdam

731 4205 1017 4277 vineam
1080 4227 1302 4278 causa
1362 4205 1624 4294 solatii,
1682 4205 1948 4278 cecidit
1997 4204 2072 4278 in
2133 4204 2387 4301 plano,
2446 4205 2726 4302 expavit
2787 4211 2862 4278 et
2915 4204 3178 4280 exinde
3229 4201 3368 4276 fecit

736 4328 1072 4402 abortum
1103 4328 1194 4402 de
1226 4329 1515 4404 femella
1536 4331 1687 4427 jam
1719 4337 2098 4427 concepta,
2135 4331 2338 4425 cujus
2373 4330 2608 4404 alvum
2649 4331 3026 4428 gravidum
3055 4327 3365 4406 habebat.

841 4451 1051 4526 Feria
1094 4459 1319 4540 sexta,
1378 4459 1467 4527 22
1512 4453 1683 4528 dicti
1728 4454 2002 4528 mensis
2043 4451 2414 4546 februarii,
2465 4456 2913 4532 intraverunt
2961 4456 3226 4532 Urbem
3265 4471 3373 4550 per

738 4581 1023 4676 portam
1069 4578 1409 4654 Viridarii
1462 4580 1655 4654 circa
1698 4579 1956 4652 horam
2006 4603 2129 4653 xxi
2173 4584 2256 4653 R.
2315 4579 2390 4652 iu
2438 4577 2722 4656 Christo
2767 4585 2846 4654 P.
2907 4585 2995 4654 D.
3053 4581 3374 4656 Robertus

739 4703 1125 4801 episcopus
1162 4705 1653 4795 TrecorensiS,
1694 4702 2124 4801 magnificus
2153 4705 2262 4777 vir
2295 4704 2634 4780 dominus
2670 4705 3042 4780 lohannes
3071 4705 3164 4780 de
3193 4707 3376 4779 Coet-

739 4851 937 4920 man,
1002 4829 1242 4922 mileS,
1295 4851 1601 4929 magnus
1649 4830 1994 4928 magister
2042 4829 2411 4906 Britannia
2462 4836 2533 4904 et
2583 4834 2668 4903 R.
2721 4830 2794 4903 in
2843 4831 3132 4930 Christo
3176 4833 3251 4903 P.
3301 4831 3372 4899 1).

736 4953 1114 5029 lohannes
1146 4955 1241 5030 du
1272 4956 1577 5047 Bochet,
1598 4951 1789 5054 juris
1814 4956 2185 5054 utriusque
2215 4955 2500 5046 doctor,
2525 4955 2720 5029 sedis
2746 4955 3140 5054 apostolice
3167 4957 3378 5053 proto-

742 5077 1097 5171 notarius,
1148 5081 1614 5156 serenissime
1656 5085 1743 5155 D.
1786 5083 1995 5156 Anne
2035 5081 2282 5178 regine
2329 5079 2662 5170 Francie,
2707 5078 2996 5154 ducisse
3041 5073 3376 5153 Britannie

748 5212 1101 5296 oratores,
1156 5206 1249 5280 ad
1297 5206 1757 5303 prestandum
1824 5205 2309 5280 obedientiam
2372 5208 2501 5280 SS.
2558 5208 2642 5281 D.
2697 5209 2816 5296 N.,
2867 5205 3160 5280 nomine
3215 5203 3378 5276 dicte
