3625 6059
644 549 750 604 578
1556 546 1583 600 J
1590 543 1905 600 OHANNIS
1953 543 2396 613 BURCHARDI,
2815 546 3142 608 [Novembre
3171 549 3309 610 ¹499]

648 701 741 776 ad
769 699 1140 774 basilicam
1170 703 1248 770 ut
1278 695 1761 793 baptizaretur
1790 704 2183 796 portatum,
2229 705 2304 774 ut
2345 698 2734 796 prefertur,
2783 706 3029 774 secute
3079 703 3294 799 [sunt]

644 829 810 924 post
838 823 1155 922 prelatos
1186 820 1527 898 mulieres
1558 828 1910 913 Romane,
1957 847 2198 914 seneS,
2234 825 2542 922 juvenes
2581 831 2654 899 et
2691 825 3008 922 virgines
3049 850 3192 923 que
3223 853 3302 902 se

643 949 1065 1024 locaverunt
1102 947 1173 1020 in
1210 947 1491 1045 capella
1520 949 1697 1022 Sixti
1728 949 1821 1022 ad
1864 949 2076 1023 sedes
2117 949 2634 1024 eminentiores
2663 949 2836 1024 hinc
2875 955 2948 1024 et
2985 949 3194 1039 inde;
3238 960 3308 1026 et

646 1071 1050 1147 cardinales
1092 1071 1440 1148 sederunt
1488 1074 1561 1146 in
1608 1075 1924 1149 scabello
1977 1074 2350 1148 tertiarum
2399 1082 2472 1150 et
2523 1075 2936 1150 ultimarum
2989 1075 3302 1168 sedium,

644 1199 870 1296 pedes
900 1222 1119 1296 super
1149 1205 1415 1273 terram
1448 1206 1809 1277 tenenteS.

744 1323 953 1398 Feria
1008 1324 1243 1414 tertia,
1307 1329 1393 1398 12
1447 1326 1882 1416 novembriS,
1941 1331 2025 1400 R.
2084 1326 2156 1398 in
2211 1324 2495 1399 Christo
2545 1328 2761 1400 Pater
2807 1328 2895 1400 D.
2955 1326 3308 1402 Henricus

646 1453 1234 1553 archiepiscopus
1274 1455 1702 1531 Tarentinus
1734 1459 1806 1529 et
1834 1454 2218 1529 Accursius
2250 1455 2340 1528 de
2371 1458 2610 1546 Petra,
2657 1453 2903 1530 clerici
2935 1455 3130 1528 sacri
3159 1453 3307 1528 col-

640 1579 811 1677 legii
862 1582 1300 1656 RRmorum.
1352 1586 1505 1656 DD.
1554 1579 2056 1672 cardinalium,
2111 1580 2583 1670 donaverunt,
2631 1581 2927 1655 nomine
2977 1577 3304 1678 ejusdem

645 1702 958 1804 collegii,
1008 1708 1334 1806 predicte
1381 1707 1708 1782 Lucretie
1756 1730 2116 1805 puerpere
2162 1707 2342 1780 duas
2386 1705 2885 1781 confectereas
2925 1711 3304 1803 argenteas

643 1855 810 1906 cum
858 1857 1001 1907 Mac
1044 1834 1324 1908 ducatis
1367 1834 1534 1909 loco
1579 1832 2148 1922 confectionum,
2203 1832 2480 1908 scilicet
2521 1847 2625 1905 v10
2669 1830 2972 1904 ducatos
3015 1829 3094 1902 in
3137 1853 3306 1926 qua-

640 1955 841 2048 libet,
898 1981 1063 2031 cum
1114 1967 1356 2034 tamen
1404 1960 1645 2035 nullus
1692 1957 2194 2051 cardinalium,
2249 1959 2404 2032 solo
2449 1955 2923 2054 Neapolitano
2978 1954 3298 2051 dempto,

642 2079 860 2156 fuerit
890 2080 998 2157 vel
1032 2083 1123 2158 sit
1152 2091 1548 2183 compater.

742 2207 1247 2306 Superioribus
1277 2208 1557 2303 diebuS,
1594 2214 1826 2284 Turce
1859 2209 2273 2284 invaserunt
2302 2209 2868 2307 patriarchatum
2898 2208 3301 2306 Aquileien-

641 2355 795 2408 sem
826 2333 1125 2407 dominii
1159 2338 1606 2410 Venetorum
1638 2343 1712 2409 et
1742 2336 1942 2410 illum
1974 2336 2615 2435 depopulaverunt,
2649 2335 2852 2408 villas
2883 2333 3300 2409 combusse-

640 2465 805 2530 runt
844 2466 919 2532 et
944 2482 1210 2556 magna
1239 2459 1501 2534 damna
1536 2460 1964 2551 intulerunt;
1996 2460 2188 2534 idem
2228 2442 2560 2536 fecerunt
2593 2459 2872 2534 duabus
2901 2459 3088 2534 villis
3117 2483 3298 2536 sere-

637 2581 915 2656 nissimi
948 2588 1434 2659 Romanorum
1468 2587 1657 2683 regis
1688 2585 2216 2684 adjacentibus,
3015 2587 3038 2602 ⁰

734 2709 943 2782 Feria
970 2719 1250 2807 quarta,
1294 2715 1379 2784 13
1412 2710 1579 2785 dicti
1613 2712 1885 2786 mensis
1914 2711 2354 2802 novembris,
2386 2711 2576 2786 lecte
2605 2710 2898 2785 fuerunt
2926 2711 3001 2784 in
3027 2710 3294 2784 consis-

636 2831 823 2905 torio
864 2840 1147 2908 secreto
1179 2837 1490 2932 quedam
1528 2838 1862 2913 confecte
1894 2838 2226 2934 epistole,
2270 2837 2516 2913 nescio
2547 2837 2682 2912 sub
2721 2838 2928 2934 cujus
2973 2837 3288 2923 nomine,

635 2957 901 3055 scripte
942 2958 1031 3032 de
1061 2965 1318 3059 tregua
1356 2963 1546 3038 facta
1582 2963 1769 3038 inter
1810 2963 2359 3048 serenissimum
2400 2987 2650 3062 regem
2691 2967 3187 3036 Romanorum
3226 2968 3294 3034 et

636 3104 887 3180 regem
918 3086 1218 3160 Francie
1249 3089 1341 3162 ad
1371 3113 1699 3163 mensem
1731 3089 1979 3187 aprilis
2010 3089 2338 3185 proxime
2371 3089 2718 3164 futurum.

729 3208 939 3282 Feria
968 3212 1311 3302 secunda,
1353 3218 1438 3288 18
1471 3215 1909 3304 novembriS,
1948 3219 2032 3287 D.
2071 3219 2292 3290 Cesar
2320 3211 2584 3310 Borgia
2605 3212 2696 3285 de
2725 3211 3113 3308 Aragonia,
3152 3212 3288 3286 dux

630 3328 1088 3422 Valentinus,
1148 3335 1337 3409 filius
1388 3341 1609 3435 Pape,
1669 3339 1844 3415 olim
1900 3338 2282 3414 cardinalis
2339 3336 2804 3427 Valentinus,
2862 3359 2998 3434 per
3051 3345 3294 3435 portas

627 3453 1207 3550 caballariorum,
1262 3485 1430 3536 cum
1482 3487 1625 3538 uno
1675 3465 2077 3540 camerario
2132 3471 2204 3538 et
2252 3463 2474 3538 fratre
2523 3460 2890 3560 quondam
2941 3460 3294 3535 Johannis

624 3578 937 3654 Maradis
994 3582 1205 3658 electi
1257 3588 1640 3680 Tullensis,
1698 3601 1981 3666 secrete
2039 3589 2251 3665 rediit
2302 3589 2394 3662 ad
2449 3587 2744 3676 Urbem,
2805 3586 2897 3660 ad
2948 3586 3294 3684 palatium

626 3707 845 3803 ΡᾶΡθ,
890 3730 1055 3782 cum
1096 3731 1239 3807 quo
1281 3716 1543 3792 mansit
1590 3741 1815 3816 usque
1861 3719 1950 3792 ad
1997 3717 2191 3791 diem
2235 3715 2426 3791 Jovis
2473 3721 2556 3788 21
2612 3713 2780 3787 dicti
2824 3711 3128 3802 mensis,
3177 3711 3294 3807 qui

622 3830 698 3904 in
728 3855 941 3908 mane
972 3840 1300 3930 recessit,
1348 3849 1419 3917 et
1458 3850 1739 3919 secrete
1780 3842 2182 3918 associatus
2223 3867 2264 3916 a
2303 3841 2638 3938 gentibus
2679 3843 2898 3938 Pape,
2943 3837 3288 3935 equitavit

620 3979 867 4033 versus
897 3961 1199 4038 Imolam
1239 3989 1458 4062 quam
1497 3993 1750 4066 parum
1783 3976 1950 4067 post
1979 3969 2332 4043 violenter
2364 3966 2500 4041 sihi
2531 3964 2816 4061 subegit
2851 3987 3021 4038 cnm
3051 3969 3289 4037 castro

618 4090 691 4158 et
728 4084 915 4160 filios
960 4092 1323 4186 quondam
1372 4097 1458 4168 D.
1516 4095 1934 4194 Hieronymi
1986 4093 2203 4168 Riarii
2243 4091 2555 4182 comitis,
2607 4095 2912 4186 nepotes
2953 4087 3146 4162 Rmi.
3197 4091 3276 4162 D.

616 4210 999 4286 cardinalis
1036 4235 1095 4289 s.
1142 4214 1431 4314 Georgii
1465 4218 1795 4316 ejusdem
1829 4217 2131 4291 civitatis
2172 4215 2505 4291 dominos
2535 4213 2885 4287 violenter
2915 4209 3270 4309 spoliavit.

717 4334 987 4411 Eadem
1044 4339 1159 4414 die
1205 4341 1427 4439 joviS,
1490 4352 1656 4442 post
1712 4342 2131 4441 prandium,
2189 4343 2384 4416 idem
2445 4345 2696 4413 Rmus.
2761 4340 2848 4412 D.
2903 4333 3284 4411 cardinalis

616 4461 959 4558 equitavit
1006 4489 1171 4540 cum
1221 4468 1369 4542 suis
1418 4469 1511 4543 ad
1560 4444 2058 4560 venationem3
2113 4475 2187 4544 et
2234 4491 2403 4542 cum
2454 4470 2648 4540 esset
2694 4485 2920 4563 prope
2968 4469 3283 4537 castrum

610 4583 901 4680 Jubilei,
944 4592 1221 4666 remisit
1260 4593 1350 4667 ad
1382 4594 1651 4670 Urbem
1690 4595 2073 4670 Cardillam
2119 4592 2605 4670 camerarium
2651 4613 2861 4665 suum
2910 4611 3078 4663 cum
3123 4585 3284 4684 plu-

611 4710 806 4786 ribus
860 4713 949 4789 de
999 4741 1129 4792 sua
1185 4718 1460 4796 familia
1516 4745 1763 4797 secum
1815 4715 2318 4794 existentibus
2378 4723 2537 4815 Ipse
2591 4722 2838 4791 autem
2885 4709 3284 4788 cardinalis

614 4856 780 4909 cum
811 4840 1059 4935 paucis
1092 4844 1429 4940 equitavit
1460 4846 1551 4919 ad
1578 4849 1901 4920 Montem
1935 4844 2376 4918 Rotundum.

710 4965 789 5036 ln
829 4987 994 5040 sero
1040 4967 1369 5066 ejusdem
1404 4971 1572 5062 diei,
1609 4972 1901 5071 quidam
1931 4968 2364 5046 Thomasius
2405 4967 2495 5042 de
2528 4966 2913 5057 Forolivio,
2953 4964 3274 5039 musicus

610 5087 829 5187 Pape,
864 5111 1029 5167 cum
1062 5095 1262 5170 socio
1294 5120 1425 5172 suo
1464 5099 1653 5196 capti
1694 5099 1983 5173 fuerunt
2023 5104 2096 5172 et
2137 5095 2231 5171 ad
2275 5099 2602 5171 Castrum
2645 5119 2704 5168 S.
2751 5091 3042 5190 Angeli,
3093 5088 3282 5164 ducti

607 5219 681 5286 et
723 5213 1176 5297 incarcerati.
1226 5221 1354 5297 Hic
1398 5223 1826 5300 Thomasius
1858 5229 2164 5302 Romam
2207 5229 2502 5298 venerat
2546 5245 2712 5296 cum
2756 5218 2974 5296 certis
3018 5213 3274 5290 litteris
