3625 6059
272 583 440 645 [Mffl
465 582 606 645 ¹4⁹³]
951 582 1204 640 RERUM
1253 582 1708 641 URBANARUM
1747 580 2270 641 COMMENTARH.
2880 590 2945 645 51

277 733 726 823 Minervam;
763 740 1208 832 quapropter
1252 744 1600 833 rogentur
1629 736 1881 812 RRmi.
1927 739 2075 811 DD.
2124 736 2528 811 cardinales
2574 737 2831 835 prefati
2865 762 2954 812 ex

278 866 490 958 parte
517 858 684 933 dieti
715 862 808 933 D.
855 861 1343 935 Beneventani
1383 861 1684 959 dignent
1717 862 2010 938 mittere
2049 862 2359 937 familias
2394 883 2531 959 pro
2571 861 2757 936 hora
2784 886 2953 959 pre-

279 985 480 1061 dicta
505 986 596 1059 ad
619 984 1131 1060 honorandum
1160 985 1376 1059 funus
1401 986 1847 1085 hujusmodi.

385 1144 420 1179 «
469 1110 812 1185 Secundo
835 1110 1214 1187 intimetur
1241 1114 1714 1189 conventibus
1749 1114 2248 1213 infrascriptis,
2285 1112 2615 1189 videlicet
2653 1136 2671 1188 τ

383 1274 420 1305 ιι
481 1240 748 1312 Sancte
797 1234 1094 1325 Ceeilie,
1153 1236 1500 1329 Minerve‚
1559 1238 1873 1330 Araceli,
1946 1238 2175 1316 sancti
2228 1238 2635 1337 Augustini,
2704 1245 2951 1313 sancte

279 1362 506 1438 Mario
535 1362 626 1437 de
657 1360 960 1457 Populo,
999 1369 1248 1438 sancte
1278 1362 1502 1439 Mai-ie
1527 1365 2087 1463 Transpontine,
2122 1364 2349 1440 sancti
2380 1364 2728 1455 Marcelli,
2758 1364 2949 1464 capi·
2996 1349 3001 1355 ’

285 1488 432 1562 tulo
463 1487 774 1563 ecclesie
803 1487 1032 1561 sancti
1061 1488 1312 1580 Marci,
1350 1490 1542 1587 quod
1581 1515 1715 1589 pro
1753 1490 1941 1565 hora
1966 1476 2373 1587 prescripta
2418 1488 2848 1564 conveniant
2878 1488 2951 1563 in

279 1612 593 1689 eeclesia
619 1613 712 1687 de
739 1612 1062 1687 Minerva
1089 1614 1180 1687 ad
1201 1615 1734 1691 associandum.
1773 1646 1809 1683 n
2397 1591 2409 1606 ’

377 1741 460 1811 ln
489 1746 704 1835 porta
747 1738 1058 1814 ecclesie
1087 1740 1374 1815 Araceli
1406 1740 1785 1817 distribute
1817 1741 2111 1817 fuerunt
2142 1742 2441 1831 candele
2472 1764 2689 1841 parve
2716 1740 2955 1815 fratri·-

275 1864 414 1938 bus
453 1886 660 1939 more
695 1863 938 1938 solito.
997 1868 1274 1962 Corpus
1317 1871 1679 1963 portatum
1724 1866 1861 1941 fuit
1916 1867 2111 1943 circa
2153 1867 2474 1942 medium
2520 1864 2831 1941 ecclesie
2880 1873 2951 1938 et

273 1988 554 2064 ibidem
593 1988 866 2063 factum
909 1988 1232 2063 officium
1281 1998 1742 2066 consuetum.
1792 1991 2054 2066 Prelati
2096 1999 2169 2067 et
2208 1991 2475 2067 funesti
2513 1992 2955 2065 intraverunt

279 2115 594 2189 chorum
618 2114 768 2206 ubi,
807 2114 980 2212 ipsis
1019 2115 1468 2209 sedentibus,
1512 2117 1806 2213 quidam
1849 2141 1937 2193 ex
1972 2117 2313 2193 fratribus
2351 2116 2521 2193 dieti
2563 2118 2953 2191 conventus

280 2240 570 2315 Araceli
614 2263 923 2314 ascenso
961 2240 1266 2339 pulpito,
1315 2242 1488 2316 fecit
1517 2242 1922 2317 orationem
1968 2250 2047 2318 ut
2079 2244 2303 2319 moris
2342 2250 2453 2318 est
2492 2270 2507 2315 ε
2544 2265 2688 2339 qua
2721 2240 2951 2329 finita,

281 2364 574 2463 prelati,
609 2364 930 2441 dimissis
959 2362 1292 2457 funestiS‚
1339 2367 1710 2442 redierunt
1745 2368 1839 2442 ad
1878 2368 2136 2444 domos
2178 2393 2381 2459 suas;
2418 2368 2683 2443 funesti
2712 2389 2883 2441 vero
2912 2388 2956 2437 a

281 2490 815 2567 mercatoribus
882 2491 1362 2567 Januensibus
1435 2492 1772 2568 associati
1851 2501 1922 2569 et
1996 2493 2427 2591 quibusdam
2484 2490 2955 2567 cardinalium

281 2614 781 2712 predictorum
829 2614 1146 2706 familiis,
1193 2618 1752 2715 precedentibus
1795 2620 2239 2712 cursoribus,
2282 2620 2654 2694 redierunt
2694 2617 2785 2693 ad
2824 2617 2957 2691 do-

283 2762 488 2813 mum
527 2739 878 2814 defuncti.

383 2864 594 2939 Feria
651 2864 888 2957 tertia,
963 2871 1048 2938 12
1106 2867 1374 2957 martii,
1442 2869 1707 2945 festum
1761 2894 1820 2943 s.
1882 2868 2207 2967 Gregorii
2269 2893 2481 2967 pape,
2554 2876 2803 2943 Rmus.
2864 2872 2949 2941 D.

289 2989 642 3088 Baptista,
675 2989 864 3065 tituli
900 2997 1316 3067 sanctorum
1339 2994 1688 3070 Johannis
1721 3003 1791 3069 et
1821 2994 2019 3069 Pauli
2048 2993 2427 3092 presbyter
2452 2994 2839 3067 cardinalis
2868 2993 2959 3067 de

285 3117 570 3192 Ursinis
612 3116 1006 3214 vulgariter
1045 3123 1532 3216 nuncupatuS‚
1592 3122 1847 3208 Rome,
1890 3116 1964 3189 in
2014 3114 2325 3190 ecclesia
2368 3138 2497 3189 sua
2542 3119 2957 3189 sanctorum

277 3241 640 3318 «iohannis
671 3250 744 3318 et
774 3241 978 3317 Pauli
1025 3244 1548 3340 predictorum,
1597 3243 1670 3316 in
1723 3242 2145 3316 diaconatus
2186 3239 2441 3314 ordine
2477 3246 2646 3313 tunc
2686 3239 2959 3313 consti-

281 3374 509 3459 tutus,
573 3387 708 3465 per
756 3370 840 3439 R.
894 3369 974 3439 P.
1045 3370 1132 3440 D.
1186 3365 1542 3440 Thomam
1596 3367 2023 3463 episcopum
2082 3364 2574 3440 Dolenensem
2616 3365 2707 3438 de
2761 3386 2959 3439 com-

283 3492 637 3566 missione
679 3498 754 3567 et
791 3490 1086 3567 lieentia
1125 3490 1418 3590 speciali
1457 3495 1584 3567 SS.
1640 3495 1748 3583 D„
1788 3496 1873 3565 N.
1917 3516 2103 3590 pape
2160 3517 2381 3589 super
2432 3491 2577 3566 hoc
2629 3489 2956 3589 predicto

281 3616 632 3693 cardinali
675 3616 968 3691 oraculo
1011 3616 1166 3691 vive
1214 3618 1408 3691 vocis
1443 3639 1823 3707 concessa,
1872 3618 2247 3692 ordinatus
2296 3616 2427 3693 fuit
2464 3616 2536 3689 in
2579 3614 2955 3714 presbyte-

285 3768 478 3817 rum.
2936 3758 2943 3767 ·

377 3872 463 3943 ln
519 3868 776 3967 primis
835 3870 1032 3945 eirca
1090 3868 1316 3945 altare
1374 3875 1736 3966 prostrata
1793 3856 2086 3945 fuerunt
2150 3870 2285 3945 tria
2348 3877 2588 3967 tapeta
2640 3868 2955 3963 undique

281 3994 802 4092 cooperentia;
835 3994 1060 4070 altare
1091 4001 1424 4093 paratum
1453 3994 1586 4069 fuit
1617 4018 1823 4071 more
1846 3995 2117 4087 debito,
2154 4019 2319 4069 cum
2348 4018 2474 4070 sex
2504 3992 2957 4069 candelabris

283 4126 358 4195 et
385 4142 608 4195 cruce
639 4118 902 4195 inedia.
935 4122 1018 4193 ln
1045 4119 1288 4194 medio
1310 4118 1555 4194 altaris
1589 4121 1921 4195 ordinata
1949 4122 2239 4197 fuerunt
2264 4117 2511 4193 omnia
2537 4120 2959 4214 paramenta

283 4242 626 4320 diaconia
668 4244 1116 4343 pontificalia
1163 4268 1297 4342 pro
1347 4244 1690 4343 episcopo
1731 4246 2149 4322 ordinatore
2194 4253 2267 4319 et
2318 4265 2545 4318 cornu
2606 4238 2955 4337 evangelii

284 4368 540 4444 omnia
571 4376 1002 4467 paramenta
1036 4370 1372 4445 diaconia
1408 4395 1540 4469 pro
1580 4371 1973 4463 cardinale,
2015 4370 2347 4446 videlieet
2384 4368 2721 4457 amictuS,
2765 4366 2952 4453 alba,

281 4494 688 4594 cingulum,
730 4494 1172 4595 manipuluS,
1212 4496 1398 4571 stola
1435 4502 1507 4571 et
1546 4497 1931 4580 dalmatica
1968 4522 2053 4573 ac
2098 4498 2315 4571 mitra
2336 4493 2669 4590 simplex,
2705 4488 2955 4562 faldis-

285 4619 688 4707 torium,in
749 4643 974 4697 cornu
1031 4620 1336 4720 epistole
1390 4643 1522 4719 pro
1575 4622 1963 4721 episcopo;
2009 4622 2109 4697 ita
2168 4620 2365 4717 quod
2413 4618 2487 4689 in
2542 4638 2627 4689 ea
2695 4611 2957 4687 sedens

281 4742 572 4820 tribuna
627 4746 858 4821 choro
919 4744 1179 4821 faciem
1239 4751 1548 4821 verteret
1605 4754 1678 4821 et
1733 4747 2002 4846 populo
2062 4768 2301 4835 renes,
2366 4738 2762 4815 scabellum
2822 4763 2954 4838 pro

279 4869 630 4945 cardinali
667 4870 746 4945 in
789 4894 1020 4946 cornu
1071 4871 1423 4969 evangelii
1477 4874 1852 4965 anteriori,
1914 4874 2009 4948 ita
2056 4868 2251 4969 quod
2292 4865 2675 4943 cardinalis
2731 4865 2803 4942 in
2868 4888 2957 4940 eo

281 4994 540 5072 sedens
567 4997 844 5073 faciem
873 5018 1124 5069 versus
1172 4996 1596 5095 episcopum
1645 4998 1951 5073 haberet
1998 5003 2071 5071 et
2119 4995 2212 5071 ad
2258 4993 2626 5067 sinistram
2670 4990 2897 5065 altare
2936 5012 2953 5061 ε

279 5120 650 5199 credentia
681 5145 836 5197 una
857 5127 1112 5220 parata
1138 5126 1250 5196 est
1277 5144 1412 5220 pro
1437 5122 1791 5197 ambobus
1822 5121 1896 5195 in
1928 5145 2069 5219 qua
2097 5126 2304 5197 erant
2332 5118 2468 5192 tria
2494 5115 2757 5191 bacilia
2788 5136 2956 5187 cum

279 5246 500 5325 tribus
547 5246 1013 5339 buccalibus,
1065 5246 1239 5324 satis
1287 5254 1532 5323 tamen
1587 5248 1849 5323 fuisset
1898 5248 1989 5324 de
2038 5246 2345 5337 duobus,
2394 5242 2711 5341 quinque
2752 5262 2960 5336 map-
