3625 6059
293 557 617 618 nii-eemhm
654 559 793 616 14991
974 554 1225 612 RERUM
1269 552 1717 609 URBANARUM
1766 553 2292 613 COMMENTARH.
2861 562 2962 618 601

306 710 523 782 sedes
569 733 699 781 sua
736 731 951 804 quam
996 708 1263 781 ibidem
1306 707 1655 796 ascendit,
1703 719 1773 780 et
1814 712 2302 805 processimus
2343 734 2571 806 usque
2613 712 2704 784 ad
2741 714 2964 787 altare

298 834 537 930 majus
580 829 875 904 basilice
924 832 1270 926 predicte.
1309 834 1487 904 Cum
1526 834 1717 926 Papa
1762 831 2062 904 intraret
2107 840 2414 928 portam,
2451 834 2754 928 predicti
2797 861 2965 910 can-

300 967 497 1034 tores
529 961 954 1056 inceperunt
984 959 1081 1031 Te
1106 959 1347 1031 Deum
1378 958 1776 1048 laudatum,
1814 959 2004 1054 quod
2044 959 2270 1030 secuti
2312 981 2538 1054 usque
2571 958 2659 1030 ad
2699 961 2917 1035 tinem
2949 986 2964 1039 ι

298 1094 373 1159 et
406 1109 551 1157 non
582 1091 691 1158 est
728 1085 997 1158 dictum
1034 1090 1192 1181 post
1234 1085 1469 1180 ipsum
1508 1083 1701 1155 aliud
1738 1081 2156 1178 hujusmo.li
2190 1092 2430 1156 actum
2479 1107 2958 1159 concernens,

308 1210 591 1282 Fuisset
648 1217 887 1282 tamen
948 1208 1132 1282 forte
1184 1207 1619 1281 conveniens
1674 1209 1868 1302 quod
1923 1211 2115 1304 Papa
2165 1215 2546 1304 postquam
2596 1209 2688 1281 ad
2736 1209 2959 1284 altare

304 1337 545 1432 majus
584 1334 910 1431 pervenit
955 1355 1085 1430 pro
1136 1332 1605 1406 conclusione
1657 1333 1752 1402 Te
1797 1332 2261 1434 Benna-post
2306 1333 2572 1406 dictum
2619 1357 2750 1430 per
2796 1358 2966 1408 can-

306 1467 505 1533 tores
563 1463 1097 1554 competentem
1159 1455 1587 1528 versiculum
1640 1477 1806 1528 cum
1863 1479 1990 1527 suo
2037 1459 2536 1552 responsoriO,
2589 1466 2967 1532 cantarent

306 1585 758 1658 orationem:

402 1709 735 1784 Actiones
776 1718 1079 1787 nostras,
1121 1731 1524 1802 quesumus,
1564 1707 1891 1790 Domine,
1931 1707 2308 1805 aspirando
2337 1708 2632 1802 preveni
2660 1719 2727 1778 et
2756 1706 2966 1801 adju-

302 1833 539 1907 vando
577 1855 1001 1928 prosequere
1048 1842 1130 1902 ut
1160 1844 1411 1904 cuncta
1460 1844 1701 1904 nostra
1760 1836 1982 1906 oratio
2027 1859 2070 1905 a
2119 1846 2184 1905 te
2228 1856 2497 1927 seneper
2545 1832 2854 1926 incipiat,
2895 1845 2962 1904 et

295 1985 429 2056 per
472 1971 543 2030 te
588 1970 779 2054 cepta
829 1957 1160 2054 finiatur,
1193 1979 1325 2049 per
1359 1955 1778 2044 Dominum,
1825 1970 1968 2044 etc,·
2005 1960 2115 2033 vel
2163 1959 2378 2033 aliam
2428 1958 2659 2050 magis
2699 1980 2963 2032 conve-

302 2085 657 2157 nientem.

407 2207 832 2280 ordinatum
878 2205 1109 2279 fuerat
1152 2205 1341 2301 quod
1394 2210 1585 2301 Papa
1624 2207 1778 2301 ipse
1819 2215 2202 2304 antequam
2235 2231 2367 2304 per
2391 2215 2672 2303 portam
2712 2207 2970 2305 huJus-

310 2333 509 2406 modi
560 2332 889 2420 intraret,
939 2331 1292 2427 inciperet
1331 2331 1403 2401 in
1446 2335 1655 2404 cantu
1700 2331 1797 2403 Te
1832 2332 2058 2404 Deum
2102 2331 2476 2405 laudamus
2518 2339 2587 2406 et
2632 2338 2970 2407 cantores

311 2465 931 2556 prosequerentur
960 2480 1185 2552 usque
1212 2455 1303 2529 ad
1334 2456 1581 2543 finem,
1610 2456 1738 2530 sed
1763 2463 1959 2530 tanta
1986 2456 2115 2530 fuit
2147 2480 2487 2554 pressura
2511 2464 2584 2532 et
2605 2459 2964 2553 angustia,

311 2583 507 2681 quod
548 2595 695 2655 tam
739 2581 895 2680 ipse
938 2584 1132 2677 Papa
1174 2604 1389 2677 quam
1436 2604 1567 2653 nos
1613 2582 1954 2655 oblivioni
2002 2584 2452 2672 tradidimus;
2498 2589 2842 2678 pervento
2881 2581 2971 2654 ad

311 2709 537 2782 altare
580 2707 841 2801 majuS,
888 2729 1141 2780 omnes
1186 2708 1643 2780 extinxerunt
1681 2708 2018 2782 candelas
2060 2733 2252 2782 suas,
2301 2713 2494 2806 Papa
2533 2708 2756 2780 oravit
2805 2715 2972 2782 ante

311 2832 564 2920 altare,
625 2829 952 2904 ascendit
1009 2829 1100 2904 ad
1153 2830 1449 2918 solium;
1503 2831 1690 2905 facta
1746 2842 1858 2907 est
1904 2835 2036 2906 sibi
2085 2858 2218 2930 per
2254 2833 2652 2906 cardinales
2693 2839 2968 2907 tantum

310 2958 713 3030 reverentia
764 2958 1009 3046 solita3
1052 2961 1137 3030 D.
1193 2956 1501 3032 Vasinus
1550 2958 1934 3046 Gambara,
1985 2957 2472 3030 subdiaconus
2531 2957 2969 3053 apostolicus

307 3083 787 3180 preintonavit
836 3083 1305 3179 antiphonam
1354 3088 1424 3155 et
1476 3086 1559 3154 D.
1605 3082 2019 3154 Jacobatius
2067 3082 2377 3165 auditor,
2428 3081 2778 3178 hymnum
2831 3105 2968 3178 per

308 3215 541 3282 totum
574 3209 797 3296 male;
836 3207 1229 3281 secundam
1273 3205 1743 3302 antiphonam
1783 3207 2136 3280 intonavit
2175 3205 2558 3279 cardinalis
2592 3207 2963 3294 SenensiS,

310 3331 625 3420 tertiam,
686 3331 1226 3428 NeapolitanuS‚
1278 3335 1637 3425 quartam,
1691 3355 1747 3402 s.
1800 3331 2192 3403 Clementis
2223 3337 2296 3405 et
2343 3331 2696 3426 quintam,
2754 3334 2969 3404 Cesa-

310 3455 507 3527 rinus
544 3481 559 3528 :
602 3455 1113 3552 Neapolitanus
1141 3455 1271 3527 suit
1302 3454 1675 3540 assistens,
1712 3463 1783 3526 et
1814 3455 1954 3527 alia
1983 3476 2188 3527 more
2221 3454 2460 3527 solite.

408 3579 661 3653 Finitis
691 3580 1035 3676 vesperis,
1083 3578 1509 3668 cardinales,
1556 3579 1870 3652 dimissis
1913 3581 1983 3652 in
2021 3579 2302 3677 capella
2327 3580 2798 3676 pat-amentia,
2847 3601 2968 3652 ac-

304 3711 657 3800 ceperunt
687 3727 953 3801 cappas
988 3727 1181 3793 suaS,
1210 3704 1539 3778 similiter
1570 3710 1639 3775 ct
1664 3704 1919 3799 prelati
1950 3711 2148 3777 extra
2174 3703 2527 3801 capellam
2543 3711 2969 3799 paramenta

306 3828 735 3904 dimiserunt
776 3835 847 3905 et
890 3834 1330 3925 acceperunt
1369 3828 1777 3901 mantellos,
1831 3833 2020 3924 Papa
2059 3828 2272 3901 rediit
2313 3829 2404 3900 ad
2447 3827 2792 3924 palatium
2839 3851 2969 3923 per

308 3954 628 4029 medium
664 3955 974 4029 ecclesie
1007 3960 1078 4028 et
1117 3955 1227 4026 via
1255 3961 1631 4027 consueta.

406 4081 996 4176 Hodie‚·peracto
1030 4079 1360 4176 prandio,
1399 4078 1759 4174 completa
1804 4086 1914 4151 est
1959 4087 2253 4174 ruptura
2297 4077 2402 4151 vie
2443 4099 2650 4164 nove,
2690 4083 2884 4150 recte
2925 4099 2962 4148 a

304 4212 507 4301 parta
536 4205 750 4279 castri
786 4229 846 4275 s.
880 4202 1137 4299 Angeli
1180 4203 1269 4276 ad
1298 4210 1579 4299 portam
1616 4203 1856 4300 palatii
1903 4203 2279 4298 apostolici
2311 4201 2501 4298 apud
2541 4227 2599 4273 S.
2641 4205 2962 4290 Petrum,

302 4337 373 4403 et
408 4352 539 4425 per
564 4349 725 4402 eam
760 4335 1104 4400 venerunt
1135 4351 1389 4400 omnes
1434 4327 1833 4402 cardinales
1865 4335 1937 4402 et
1969 4327 2081 4402 alii
2131 4329 2220 4401 ad
2252 4327 2622 4399 basilicam
2670 4349 2729 4399 s,
2776 4328 2964 4399 Petri

303 4455 703 4539 venientes,
739 4453 905 4550 quia
936 4453 1231 4549 antiquo
1266 4451 1395 4525 fuit
1429 4460 1820 4544 narratum,
1859 4454 1958 4526 ita
1990 4461 2064 4524 ut
2097 4475 2350 4525 omnes
2373 4457 2812 4546 cogerentur
2839 4473 2972 4546 per

302 4603 563 4653 novam
594 4579 946 4674 equitare.
985 4579 1536 4654 Processionem
1568 4580 1743 4652 cleri
1780 4579 1988 4653 Urbis
2013 4602 2156 4652 non
2191 4577 2324 4650 vidi
2359 4585 2744 4674 antequam
2778 4581 2970 4673 Papa

304 4713 585 4801 portam
638 4723 931 4774 auream
984 4703 1508 4797 ingrederetur.
1570 4703 1737 4791 Sed,
1790 4702 2110 4798 vesperis
2157 4703 2488 4800 inceptis,
2535 4701 2676 4776 vidi
2727 4701 2970 4798 plures

301 4838 503 4903 extra
532 4827 937 4901 cancellum
969 4826 1170 4902 chori
1204 4826 1451 4902 altaris
1486 4828 1779 4924 majoris
1810 4827 2280 4923 pertransire.
2309 4830 2710 4922 Campanas
2743 4827 2964 4900 etiam

300 4954 627 5026 omnium
668 4951 1139 5026 ecclesiarum
1185 4975 1331 5025 non
1368 4951 1599 5024 audivi
1646 4951 1941 5048 pulsari,
1982 4959 2196 5047 prout
2239 4953 2466 5026 fuerat
2522 4952 2959 5036 ordinatum,

308 5077 437 5151 sed
464 5077 699 5151 solum
732 5101 1083 5175 campana
1105 5077 1429 5175 Capitolii
1465 5076 1595 5150 fuit
1618 5101 1748 5172 per
1779 5076 2120 5164 triduum,
2142 5085 2308 5150 ante
2339 5077 2687 5172 virgiliam
2720 5077 2964 5172 hujus-

310 5204 501 5277 modi
536 5204 609 5276 in
638 5204 961 5300 vesperis
992 5205 1296 5300 pulsata.
