3625 6059
793 583 902 638 254
1701 569 2055 636 JOHANNIS
2106 577 2549 647 BURCHARDI,
2962 581 3253 644 [Decembre
3282 585 3387 646 14⁹⁵]

897 733 976 824 ἢ.
1029 729 1178 806 Sed
1199 731 1416 806 libera
1444 755 1572 805 nos
1606 755 1652 806 a
1677 733 1891 807 malo.
1926 741 1935 748 “

896 858 974 950 J.
1029 857 1515 950 Peccavimus,
1548 857 1883 950 Domine,
1917 881 2078 932 cum
2080 858 2411 955 patribus
2436 857 2714 932 nostris.

960 1041 974 1056 .
1032 982 1126 1057 In
1119 984 1323 1080 juste
1347 986 1648 1084 eqimus,
1683 984 2127 1084 iniquitatem
2151 987 2479 1086 fecimus,

959 1168 976 1184 .
1034 1108 1619 1209 Derelinquimus
1648 1123 1715 1184 te
1740 1109 2008 1201 Deum,
2042 1111 2459 1186 salvatorem
2486 1124 2829 1202 nostrum,

961 1290 978 1308 .
1033 1235 1139 1311 Et
1166 1238 1576 1310 recessimus
1595 1261 1642 1310 a
1670 1248 1734 1311 te
1751 1237 2095 1310 salvatore
2118 1249 2382 1311 nostro.

965 1418 982 1435 .
1037 1362 1646 1438 Eoeacerbavimus
1677 1363 1955 1460 eloquia
1992 1373 2144 1452 tua,
2189 1371 2258 1434 et
2278 1361 2884 1459 prophanavimus
2909 1360 3231 1457 justitias
3256 1371 3393 1432 tuas.

963 1545 977 1562 .
1035 1488 1142 1562 Et
1175 1489 1250 1560 in
1263 1488 1555 1586 judiciis
1586 1489 1727 1560 tuis
1755 1511 1899 1560 non
1930 1487 2467 1560 ambulavimus,

960 1672 976 1689 .
1035 1614 1155 1688 Ne
1185 1614 1612 1705 memineris,
1650 1613 1984 1705 Domine,
2012 1613 2471 1712 iniquitatum
2494 1623 2899 1686 nostrarum
2922 1613 3363 1712 mtiqitarum.

960 1798 976 1815 .
1033 1739 1188 1814 Cito
1229 1741 1616 1837 anticipent
1635 1764 1762 1814 nos
1792 1738 2260 1813 misericordie
2292 1750 2433 1829 tue,
2456 1740 2629 1838 quia
2632 1763 2988 1838 pauperes
3011 1739 3189 1838 facti
3212 1763 3401 1812 sumus

797 1865 1035 1940 nimis.

903 1991 977 2083 Ῡ.
1038 1990 1158 2064 Ne
1185 1989 1513 2088 respicias
1526 2000 1821 2088 peccata
1848 2001 2114 2081 nostra,
2150 1989 2484 2082 Domine,

897 2117 981 2209 ἢ.
1034 2114 1188 2190 Sed
1199 2115 1419 2215 fidem
1447 2114 1764 2189 Ecclesie
1793 2127 1933 2189 tue.

897 2245 967 2338 Ῡ.
1034 2241 1300 2316 Acerte
1328 2268 1370 2315 a
1401 2241 1597 2315 nobis
1627 2241 2191 2339 indiqnationem
2218 2255 2443 2335 tuam,

897 2369 977 2460 ἢ.
1033 2366 1140 2441 Et
1145 2368 1410 2465 procul
1441 2392 1484 2440 a
1507 2366 1712 2440 'nobis
1740 2367 1959 2466 furor
1988 2379 2175 2441 tuus.

899 2500 968 2590 Ῡ.
1028 2491 1334 2590 Adjuva
1362 2515 1517 2583 nos,
1544 2491 1747 2564 Deus
1777 2493 2114 2569 salutaris
2143 2503 2402 2584 noster,

902 2619 980 2710 ᾗ).
1034 2619 1142 2692 Et
1162 2629 1454 2716 propter
1479 2617 1784 2715 ylariam
1809 2617 2117 2692 nominis
2148 2618 2278 2711 tui,
2320 2618 2657 2710 Domine,
2694 2619 2909 2695 libera
2936 2644 3094 2715 nos,
3130 2631 3194 2695 et
3214 2617 3404 2718 propi·
3510 2668 3513 2677 .

806 2742 945 2816 tius
975 2753 1116 2816 esto
1128 2743 1440 2840 peccatis
1469 2743 1728 2816 nostris
1749 2756 2049 2839 propter
2076 2766 2332 2817 nomen
2362 2756 2588 2818 tuum.

902 2870 980 2962 Ῡ.
1035 2868 1397 2942 Memento
1421 2871 1646 2943 nostri
1678 2871 1993 2946 Domine
2022 2872 2096 2944 in
2125 2873 2549 2969 beneplacito
2552 2873 2811 2970 populi
2818 2930 2833 2964 ‚

901 2996 980 3089 ἡ.
1040 2995 1152 3069 Et
1177 2995 1382 3068 visita
1407 3019 1536 3068 nos
1563 2997 1635 3069 in
1666 2996 1964 3070 salutari
1994 3009 2136 3071 tuo,

914 3122 991 3214 Ῡ.
1049 3121 1295 3197 Salvos
1322 3123 1450 3221 fac
1477 3147 1632 3216 nos,
1675 3123 2017 3214 Domine,
2048 3123 2252 3196 Deus
2276 3136 2534 3213 noster,

903 3246 985 3336 ἡ.
1038 3245 1149 3319 Et
1164 3246 1384 3320 libera
1415 3272 1546 3321 nos
1573 3247 1661 3322 de
1690 3248 2140 3323 tribulatione
2165 3259 2248 3322 ut
2270 3249 2733 3348 confiteamur
2760 3252 3039 3326 nomini
3063 3263 3289 3326 sancto
3310 3263 3416 3322 tuo.
3512 3279 3514 3282 ⁴

909 3368 986 3461 Ῡ.
1019 3369 1236 3443 Mitte
1263 3371 1484 3462 nobis,
1515 3371 1852 3464 Domine,
1884 3374 2236 3448 aua-ilium
2270 3375 2354 3448 de
2380 3375 2670 3470 Sancto,

899 3495 952 3585 ᾗ)
970 3550 985 3567 .
1021 3493 1130 3568 Et
1157 3495 1241 3568 de
1267 3493 1442 3568 Sion
1475 3509 1670 3570 tuere
1697 3521 1854 3573 nos.

907 3617 986 3710 Ῡ.
1021 3618 1359 3709 Domine,
1395 3622 1659 3694 eoeaudi
1686 3624 2073 3698 orationem
2097 3649 2350 3720 meam,

901 3741 980 3833 ἡ.
1016 3741 1122 3817 Et
1151 3744 1413 3817 clamor
1443 3769 1638 3818 meus
1671 3747 1770 3820 ad
1795 3758 1862 3821 te
1895 3749 2153 3823 veniat.

900 3873 972 3966 Ῡ.
1009 3867 1356 3944 Dominus
1386 3870 1761 3963 vobiscum,

901 3997 979 4089 εὶ.
1021 3995 1306 4070 Etcum
1338 3996 1594 4092 spiritu
1627 4009 1776 4072 tuo.

889 985 952 1834 awzswaaewzi·

1963 4197 2287 4273 Oremus.

906 4421 1039 4498 Ad
1061 4438 1128 4496 te
1150 4421 1449 4497 Domine
1484 4425 1865 4498 clamantes
1895 4428 2156 4501 eoeaua'i
2179 4442 2250 4503 et
2273 4432 2453 4504 aeris
2484 4437 2932 4510 serenitatem
2957 4462 3042 4510 ac
3058 4457 3294 4534 pacem
3326 4451 3426 4501 uo·

805 4551 905 4622 bis
939 4548 1178 4622 tribue
1205 4549 1790 4646 supplicantibus,
1826 4565 1907 4625 ut
1936 4553 2059 4650 qui
2071 4554 2279 4651 juste
2280 4582 2419 4652 pro
2440 4561 3015 4656 peccatisnostris
3044 4559 3426 4662 asfliyimur.

801 4673 1280 4748 misericordia
1307 4685 1428 4747 tua
1447 4677 1903 4770 preveniente
1922 4678 2364 4756 clementiam
2399 4685 2812 4763 sentiamus.

899 4801 1050 4874 Per
1071 4801 1433 4876 dominum
1453 4817 1800 4896 nostrum,
1838 4818 1995 4880 etc..

923 4925 1354 5016 Quesumus,
1379 4930 1815 5026 omnipotens
1843 4929 2072 5024 Deus,
2114 4933 2550 5008 clementiam
2594 4947 2819 5028 tuam,
2864 4949 2946 5011 ut
2974 4929 3423 5010 inundantiam

808 5175 1292 5325 inianfflionibus,
1323 5176 1534 5242 Romoe,
1569 5180 1728 5250 1531,
1769 5188 1827 5239 et
1862 5182 2206 5257 Ciacconius,
2245 5187 2383 5245 Vitae
2410 5194 2462 5245 et
2490 5205 2576 5245 res
2604 5197 2771 5262 ασκεω
2800 5193 2899 5250 SS.
2932 5191 3257 5264 Paetinam,
3284 5191 3319 5240 t·
3348 5177 3419 5237 ¹¹¹·

803 5279 868 5322 co
893 5307 910 5327 .
1050 5307 1065 5322 .
