3625 6059
255 554 397 617 [Μαι-ε
416 554 561 615 1494]
916 552 1169 609 RERUM
1216 552 1673 611 URBANARUM
1723 552 2250 612 COMMENTARH.
2855 565 2924 619 93

261 708 379 783 fuit
415 729 805 781 scamnum
852 730 992 805 pro
1034 708 1327 806 prelatis
1366 707 1797 799 oratoribuS,
1831 710 1961 783 sed
2004 709 2240 783 nullus
2286 712 2498 786 venit.
2547 714 2910 789 Sederunt

261 858 425 933 ergo
460 834 531 909 in
582 858 670 909 eo
732 858 873 909 sex
930 833 1211 933 prelati,
1266 858 1401 907 nec
1447 836 1693 933 plures
1753 834 1996 909 officio
2045 834 2554 912 interfuerunt.
2609 841 2718 912 Ab
2769 840 2910 915 alio

263 966 501 1051 latere,
530 986 571 1037 a
598 960 747 1035 fine
783 960 930 1035 loci
976 960 1445 1036 diaconorum
1486 961 1958 1035 cardinalium
2005 986 2230 1059 usque
2269 962 2361 1037 ad
2399 970 2681 1060 portam
2713 966 2913 1063 posi-

274 1096 411 1163 tum
438 1088 557 1163 ruit
580 1086 783 1163 aliud
820 1110 1203 1161 scamnum
1238 1110 1371 1185 pro
1410 1086 1818 1162 oratoribus
1842 1087 2046 1161 laicis
2077 1089 2271 1184 quod
2302 1089 2566 1162 mansit
2605 1114 2913 1165 vacuum

268 1216 425 1312 quia
464 1238 673 1290 nemo
719 1211 922 1290 venit
966 1213 1041 1287 in
1096 1237 1185 1287 eo
1230 1213 1608 1287 locandus,
1652 1219 1733 1289 In
1792 1213 1939 1286 fine
1986 1212 2244 1305 misse,
2292 1215 2668 1290 celebrans
2722 1217 2919 1291 dedit

267 1333 844 1409 benedictionem
890 1344 961 1414 et
996 1362 1144 1414 non
1178 1339 1565 1438 publicavit
1601 1339 2086 1438 indulgentias
2130 1340 2299 1438 quia
2337 1366 2468 1441 per
2505 1342 2921 1418 affixionem

262 1458 511 1533 cedule
534 1459 607 1533 in
638 1460 855 1537 valvis
886 1464 1194 1541 ecclesie
1224 1466 1513 1541 fuerunt
1533 1464 1896 1564 publicate
1930 1466 2255 1566 plenarie
2285 1490 2416 1565 per
2443 1472 2712 1567 Papam
2743 1493 2924 1544 con-

259 1610 490 1663 cesse.

360 1715 737 1791 Dominica
765 1723 1022 1814 quarta
1050 1716 1633 1816 quadragesime,
1668 1724 1711 1793 9
1744 1719 1914 1794 dicti
1947 1721 2218 1794 mensis
2249 1721 2516 1813 martii,
2549 1724 2674 1797 SS.
2709 1727 2796 1797 D.
2832 1726 2917 1797 N.

256 1847 549 1936 paratus
580 1864 789 1917 more
820 1843 1058 1935 solito,
1100 1842 1397 1943 dempta
1424 1845 1667 1935 mitra,
1702 1847 2011 1921 accessit
2054 1847 2146 1922 ad
2184 1872 2514 1922 mensam
2551 1874 2718 1923 cum
2761 1874 2930 1925 rosa

254 1972 338 2038 et
376 1965 529 2040 aliis
572 1967 943 2044 consuetis
986 1976 1338 2067 paratam,
1374 1969 1500 2044 ubi
1547 1971 1916 2046 benedixit
1960 1995 2202 2064 rosa-m
2254 1974 2328 2047 in
2379 1998 2670 2049 camera
2711 1998 2926 2073 para-

254 2091 483 2167 menti
548 2114 760 2181 nova,
822 2096 908 2167 D.
972 2094 1302 2169 Johanne
1358 2098 1668 2188 Gerena,
1720 2096 1985 2171 clerico
2036 2121 2352 2189 camere,
2413 2121 2652 2173 rosam
2693 2100 2926 2196 ipsam

252 2222 593 2307 tenente3
647 2219 994 2317 imposuit
1055 2220 1503 2312 balsamum,
1553 2220 1978 2312 muschum,
2027 2220 2444 2313 incensum,
2505 2222 2810 2320 aspersit
2856 2228 2930 2297 et

252 2340 681 2435 incensavit,
730 2350 809 2418 ut
853 2344 1077 2419 'moris
1126 2353 1262 2419 est.
1317 2349 1499 2419 Tum
1544 2369 1707 2420 eam
1757 2369 1987 2443 usque
2033 2344 2126 2420 ad
2169 2345 2521 2444 capellam
2570 2348 2927 2444 majorem

254 2466 545 2545 sinistra
570 2469 905 2566 portavit,
940 2469 1061 2546 ubi
1092 2471 1414 2546 interfuit
1442 2471 1662 2547 misse
1692 2471 1980 2569 publice
2020 2496 2238 2570 quam
2273 2471 2657 2546 celebravit
2692 2470 2929 2546 cardi-

266 2593 453 2667 nalis
480 2597 1052 2670 Beneventanus.
1092 2600 1519 2674 Sermonem
1553 2598 1726 2672 fecit
1750 2605 2182 2696 procurator
2211 2598 2484 2672 ordinis
2513 2600 2926 2675 carmelita-

270 2740 457 2791 rum.
502 2720 739 2795 Finita
782 2721 1031 2815 missa,
1076 2725 1203 2797 SS.
1243 2727 1329 2796 D.
1376 2726 1462 2797 N.
1500 2723 1766 2797 vocatis
1799 2720 1892 2799 ad
1923 2746 2000 2797 se
2044 2722 2379 2797 omnibus
2408 2723 2921 2816 cardinalibus,

260 2842 351 2917 de
382 2866 628 2921 eorum
671 2848 977 2923 consilio
1022 2847 1337 2923 decrevit
1378 2872 1617 2925 rosam
1648 2850 1881 2947 ipsam
1913 2852 2380 2927 serenissimo
2424 2851 2580 2949 regi
2624 2848 2926 2925 Francie

260 2972 581 3063 mittere;
618 2979 691 3048 et
721 2973 865 3047 alia
892 2973 1137 3047 omnia
1166 2997 1367 3048 more
1402 2974 1613 3050 solito
1647 2981 1814 3049 sunt
1845 2976 2225 3051 observata
2251 3005 2267 3065 ;
2299 3000 2464 3050 rosa
2488 2998 2620 3073 per
2657 2980 2926 3070 Papam

258 3095 351 3171 ad
380 3122 747 3173 cameram
780 3124 987 3173 suam
1018 3106 1410 3198 reportata,
1449 3106 1529 3174 ut
1557 3098 1782 3174 moris
1815 3106 1949 3174 est.

350 3224 564 3298 Feria
602 3225 949 3318 secunda,
990 3231 1077 3301 10
1118 3226 1289 3301 dicti
1320 3228 1593 3301 mensis
1634 3226 1900 3317 martii,
1936 3224 2130 3300 circa
2171 3224 2392 3300 finem
2434 3222 2695 3299 secreti
2743 3246 2918 3298 con-

252 3350 555 3439 sistorii,
588 3351 825 3427 vocati
860 3375 988 3427 seu
1020 3351 1734 3428 intromissifuerunt
1764 3354 1839 3426 in
1874 3352 2049 3427 illud
2081 3374 2336 3427 omnes
2374 3351 2631 3449 prelati
2659 3358 2732 3425 et
2762 3373 2928 3423 ora-

250 3480 449 3549 tores
479 3475 555 3549 in
584 3500 883 3557 camera
908 3477 1308 3575 paramenti
1350 3484 1521 3551 tunc
1560 3458 1954 3552 ekistentes
1984 3485 2058 3553 et
2087 3485 2412 3553 oratores
2445 3475 2803 3551 Rhodiani
2833 3474 2926 3549 ad

253 3601 747 3678 obedientiam
779 3603 1238 3701 prestandam
1272 3602 1499 3677 missi.
1539 3607 1901 3678 Intrarunt
1930 3604 2162 3702 primo
2194 3602 2330 3702 ipsi
2367 3608 2694 3677 oratores
2727 3602 2924 3675 Rho-

253 3726 477 3818 diani,
534 3735 605 3804 et
653 3729 1073 3804 immediate
1121 3736 1285 3827 post
1326 3753 1453 3804 eos
1509 3730 1761 3828 prelati
1814 3728 2061 3827 palatii
2125 3737 2197 3804 et
2254 3728 2371 3803 alii
2423 3752 2508 3803 ac
2565 3733 2918 3802 oratores,

256 3854 521 3927 Prelati
550 3854 797 3952 palatii
836 3860 1192 3930 steterunt
1222 3856 1312 3929 ad
1344 3854 1709 3929 sinistram
1742 3860 1961 3953 Pape‚
1997 3860 2322 3929 oratores
2360 3878 2532 3930 vero
2563 3851 2818 3953 prelati
2853 3856 2926 3924 et

256 3979 368 4053 alii
409 3980 509 4055 ad
546 3980 923 4055 dexteram
959 3980 1323 4079 pontificis
1359 3986 1555 4055 retro
1600 3979 2004 4055 cardinales
2042 4009 2056 4053 ε
2097 3983 2291 4078 Papa
2325 3984 2478 4053 erat
2518 3979 2592 4051 in
2622 3978 2923 4051 rocheto
3025 4067 3032 4075 ο
3111 4072 3116 4079 α

261 4116 329 4181 et
376 4106 787 4205 capuccino
835 4105 1090 4181 rubeo.
1152 4110 1490 4182 Oratores
1538 4114 1687 4182 tres
1741 4105 2125 4197 Rhodiani,
2173 4104 2380 4180 sactis
2438 4104 2666 4177 tribus
2717 4101 2926 4176 solita

262 4232 599 4307 distantia
655 4232 1115 4323 reverentiis,
1163 4239 1632 4308 accesserunt
1684 4232 1775 4306 ad
1834 4232 2285 4332 pontificem,
2335 4228 2925 4328 archiepiscopus

264 4359 521 4456 primo,
548 4364 625 4432 et
644 4357 904 4433 deinde
938 4380 1243 4455 magnus
1271 4358 1581 4451 BalivuS,
1615 4364 1767 4433 tum
1786 4357 1987 4456 prior
2013 4382 2028 4448 ;
2060 4364 2132 4432 et
2151 4356 2416 4454 singuli
2445 4355 2736 4452 pedem,
2771 4376 2930 4427 ma-

270 4508 427 4558 num
472 4492 551 4559 et
594 4508 678 4559 os
720 4506 905 4583 pape
955 4484 1256 4558 osculati
1306 4492 1500 4576 sunt,
1533 4492 1746 4582 prout
1792 4484 1865 4557 in
1911 4483 2214 4582 puhlicis
2269 4480 2714 4557 consistoriis
2767 4475 2926 4549 fieri

271 4610 654 4686 consuevit.
701 4612 884 4683 Tum
924 4608 1514 4709 archiepiscopus
1553 4610 1993 4708 presentavit
2031 4609 2275 4682 literas
2317 4606 2560 4705 magni
2603 4600 2924 4701 Magistri

275 4760 467 4835 pape,
496 4736 625 4835 qui
654 4759 781 4811 eas
813 4734 1105 4809 tradidit
1130 4735 1474 4833 episcopo
1493 4733 2052 4832 caputaquensi,
2074 4730 2466 4807 secretario
2489 4752 2648 4820 suo,
2671 4727 2924 4826 legen-

275 4861 407 4952 daS,
440 4862 707 4938 deinde
738 4867 1316 4937 retrocesserunt
1354 4860 1527 4935 dicti
1563 4866 1705 4933 tres
1737 4866 2064 4934 oratores
2101 4880 2330 4955 usque
2363 4864 2568 4933 extra
2607 4855 2922 4930 scabella

281 4988 765 5079 cardinalium,
804 4994 877 5062 et
922 4986 1191 5062 ibidem
1233 4985 1325 5060 ad
1364 4986 1790 5060 Pontificem
1827 4985 2009 5061 versi
2050 4983 2628 5082 genuflexerunt.
2665 4980 2922 5057 Vocati

284 5120 341 5185 et
380 5112 778 5188 intromissi
830 5118 997 5187 sunt
1045 5136 1133 5186 ex
1182 5112 1699 5188 commissione
1746 5116 1969 5209 Pape‚
2004 5133 2121 5185 me
2169 5117 2492 5210 petente,
2534 5130 2788 5183 omnes
2829 5102 2919 5179 de

290 5240 512 5316 ordine
560 5238 797 5317 sancti
842 5236 1191 5312 Johannis
1225 5236 1838 5315 Hierosolimitani
1869 5236 1943 5311 iu
1984 5260 2274 5313 camera
2299 5231 2702 5335 paramenti
2734 5229 2927 5304 exis-
