3625 6059
718 540 819 596 124
1626 535 1983 593 JOHANNIS
2023 533 2468 605 BURCHARDI,
3080 530 3203 597 [Mai
3233 531 3375 594 1494]

720 719 1015 771 crucem
1062 695 1453 770 osculatus.
1512 695 1881 769 Venerunt
1927 688 2094 763 inde
2145 689 2278 762 sub
2325 686 2757 762 baldachino
2803 686 3089 783 legatus
3141 690 3215 759 et
3247 706 3380 757 rex

716 844 947 919 usque
978 820 1067 895 ad
1099 819 1484 896 ecclesiam
1508 816 2164 914 metropolitanam.
2195 816 2462 889 Omnes
2494 811 2840 910 religiosi,
2873 818 3170 909 propter
3193 815 3382 884 tem-

712 972 845 1045 pus
888 946 1315 1044 pluviosum,
1368 944 1460 1018 ad
1507 964 1755 1015 muros
1803 943 2231 1041 platearum,
2287 938 2409 1012 ubi
2458 946 2666 1013 erant
2713 936 2930 1029 firmi,
2984 942 3376 1025 steterunt;

714 1073 909 1147 solus
949 1072 1187 1147 clerus
1224 1074 1563 1149 secularis
1598 1072 1950 1172 precessit
1985 1094 2276 1145 crucem
2310 1068 2530 1167 legati
2555 1080 2720 1168 post
2749 1090 3006 1143 omnes
3033 1065 3376 1162 baroneS,

714 1204 785 1271 et
832 1219 1124 1271 crucem
1168 1196 1399 1294 ipsam
1448 1208 1516 1273 et
1568 1199 1788 1273 alium
1835 1197 1956 1294 qui
1998 1220 2249 1271 ensem
2293 1196 2486 1292 regis
2527 1195 2888 1293 portabat,
2939 1190 3384 1287 sequebatur

712 1322 1105 1419 capitulum
1168 1323 1479 1398 ecclesie
1536 1324 2004 1420 Neapolitane
2058 1327 2131 1395 et
2177 1320 2764 1417 archiepiscopus
2823 1324 3141 1417 paratuS.
3196 1320 3380 1389 Ante

713 1447 1096 1523 ecclesiam
1145 1449 1692 1546 Neapolitanam
1742 1444 2284 1537 baldachinum,
2349 1445 2546 1542 quod
2591 1444 2874 1519 nobiles
2937 1442 3036 1515 illi
3097 1440 3380 1515 sedium

708 1575 1199 1671 portaverunt,
1252 1574 1387 1649 fuit
1421 1573 1931 1672 parafrenariis
1964 1572 2182 1669 legati
2221 1571 2462 1668 quiete
2499 1571 2982 1667 assignatum3
3025 1566 3146 1641 ubi
3179 1565 3382 1663 lega-

710 1702 855 1789 tus,
901 1702 1211 1796 peractis
1263 1700 1462 1797 prius
1510 1698 1757 1796 gratiis
1817 1698 1997 1793 regi,
2051 1702 2122 1771 et
2168 1704 2244 1770 ut
2292 1696 2524 1771 abiret
2571 1720 2659 1770 eo
2709 1699 2988 1791 rogato,
3053 1715 3142 1768 ex
3191 1716 3380 1789 equo

709 1822 1082 1898 descendit
1140 1831 1213 1898 et
1274 1847 1439 1898 cum
1502 1848 1672 1921 rege
1722 1823 2009 1897 intravit
2061 1823 2475 1914 ecclesiam,
2535 1828 2607 1897 et
2659 1827 2996 1918 porrecto
3067 1818 3204 1891 sibi
3249 1840 3383 1914 per

712 1945 1338 2046 archiepiscopum
1378 1955 1706 2045 paratum
1746 1946 2185 2044 aspersorio,
2230 1969 2505 2043 regem,
2547 1970 2624 2020 se
2667 1953 2738 2020 et
2781 1944 2962 2019 alios
3007 1942 3322 2040 aspersit
3358 1967 3374 2015 :

708 2079 885 2159 tum,
919 2070 1260 2170 imposito
1301 2072 1627 2163 incens0,
1673 2073 1809 2146 fuit
1838 2072 1992 2169 ipse
2028 2072 2313 2169 legatus
2354 2073 2768 2147 incensatus
2807 2092 2954 2143 non
2994 2092 3150 2158 rex,
3205 2090 3380 2164 rege

707 2201 949 2271 tamen
966 2198 1176 2293 'prius
1209 2198 1524 2273 invitato.
2453 2270 2460 2277 .

799 2321 1307 2398 Ascenderunt
1330 2323 1423 2396 ad
1450 2324 1675 2397 altare
1704 2324 1972 2420 majus,
2003 2324 2125 2398 ubi
2155 2347 2378 2421 super
2401 2321 2822 2395 faldistoriis
2848 2319 3119 2419 paratis
3151 2343 3386 2417 genu-

706 2446 1063 2522 ssexerunt
1109 2474 1123 2520 ε
1178 2448 1349 2523 dicti
1404 2458 1569 2523 sunt
1612 2449 1947 2524 versiculi
2001 2454 2072 2523 et
2121 2448 2353 2523 oratio
2401 2470 2536 2545 per
2591 2446 3251 2542 archiepiscopum,
3311 2452 3383 2517 et

704 2570 1103 2668 antiphona
1132 2596 1295 2647 cum
1331 2575 1677 2649 versiculo
1708 2598 1840 2672 per
1870 2574 2201 2664 chorum,
2251 2579 2321 2647 et
2361 2573 2590 2646 oratio
2632 2571 2722 2646 de
2753 2579 3004 2645 sancto
3033 2576 3068 2643 J
3077 2569 3383 2645 anuario

704 2717 835 2791 per
856 2695 1175 2791 legatum
1208 2700 1329 2794 qui
1357 2698 1553 2773 dedit
1581 2699 1873 2773 tandem
1901 2698 2488 2775 benedictionem
2524 2706 2596 2773 et
2631 2696 3116 2793 indulgentias
3156 2696 3384 2769 trium

709 2842 1063 2894 annorum
1109 2846 1285 2918 quas
1328 2824 1714 2919 publicavit
1757 2824 2061 2898 sacrista
2110 2823 2296 2898 dicte
2341 2822 2652 2897 ecclesie
2701 2846 2790 2895 ex
2833 2821 3212 2909 schedula,
3261 2843 3386 2895 me

705 2942 903 3018 illam
942 2945 1073 3020 sibi
1119 2947 1435 3043 legente,
1487 2948 1655 3045 quia
1696 2949 1938 3025 videre
2001 2974 2130 3025 seu
2181 2949 2418 3047 potius
2465 2971 2628 3022 eam
2680 2947 2926 3044 legere
2969 2945 3378 3021 nesciebat.

706 3071 859 3143 Rex
928 3072 1306 3147 associavit
1361 3073 1683 3171 legatum
1750 3100 1979 3172 usque
2047 3074 2138 3149 ad
2203 3074 2549 3171 palatium
2611 3071 3232 3168 archiepiscopale
3311 3078 3383 3145 et

703 3218 1072 3269 cameram
1107 3221 1339 3290 suam,
1374 3198 1543 3273 licet
1574 3207 1739 3275 ante
1784 3201 2010 3274 altare
2040 3201 2302 3296 majuS,
2341 3205 2412 3273 et
2442 3198 2516 3271 in
2548 3197 2783 3294 capite
2817 3196 3174 3275 scalarum
3207 3196 3384 3269 dicti

703 3319 947 3417 palatii
995 3320 1277 3419 legatus
1335 3331 1414 3397 ut
1472 3324 1704 3398 abiret
1754 3325 1991 3422 ipsum
2051 3330 2430 3421 rogaverat
2480 3348 2496 3396 ε
2552 3322 2938 3397 cardinalis
2995 3322 3386 3395 associavit

704 3466 956 3541 regem
988 3470 1217 3542 usque
1250 3447 1341 3521 ad
1376 3456 1656 3546 portam
1698 3450 1931 3546 prime
1973 3472 2261 3524 camere
2293 3473 2519 3546 prope
2565 3451 2833 3541 aulam,
2868 3451 3019 3541 ubi,
3063 3472 3242 3547 rege
3273 3452 3384 3523 sic

702 3569 1013 3662 volente,
1049 3572 1314 3646 mansit
1354 3573 1701 3663 cardinal,
1749 3582 1823 3649 et
1862 3598 1989 3649 rex
2026 3576 2367 3672 equitavit
2407 3576 2499 3651 ad
2539 3583 2856 3652 castrum
2900 3602 2916 3649 ε
2964 3575 3212 3651 omnia
3239 3576 3386 3649 alia

698 3694 985 3769 suerunt
1015 3685 1391 3771 observata
1418 3722 1623 3773 more
1654 3700 1895 3790 solito,
1929 3709 2141 3798 prout
2171 3701 2504 3797 superius
2535 3703 2707 3792 dixi,
2744 3701 3188 3777 ordinatum.

799 3824 936 3894 Pro
968 3823 1465 3899 'coronatione
1531 3825 1950 3922 hujusmodi
2015 3835 2266 3923 parata
2331 3835 2404 3902 et
2463 3827 2804 3924 deputata
2865 3828 2998 3901 fuit
3065 3826 3386 3901 ecclesia

699 3946 1278 4043 metropolitana,
1314 3972 1455 4045 que
1485 3949 1707 4025 habet
1746 3957 1895 4025 tres
1937 3974 2183 4042 naveS,
2221 3951 2536 4026 mediam
2568 3951 2931 4041 videlicet,
2967 3977 3110 4049 que
3139 3954 3386 4049 major

698 4078 835 4161 est,
885 4077 957 4147 et
1004 4072 1181 4147 duas
1224 4073 1599 4166 laterales3
1655 4076 1924 4151 chorus
1976 4078 2494 4152 canonicorum
2541 4083 2652 4151 est
2695 4078 2772 4150 in
2811 4077 3054 4152 media
3095 4078 3256 4151 navi
3304 4080 3378 4151 in

698 4196 931 4293 capite
970 4196 1248 4273 habens
1292 4223 1554 4297 corpus
1596 4201 2072 4277 transversale
2106 4203 2180 4275 in
2213 4202 2510 4275 modum
2541 4202 2776 4277 crucis
2807 4202 2898 4275 ad
2928 4202 3157 4276 instar
3177 4200 3382 4275 basi-

697 4318 836 4393 lice
863 4320 1093 4395 sancti
1123 4324 1317 4398 Petri
1348 4325 1437 4401 de
1470 4326 1689 4417 Urbe,
1722 4327 2087 4401 tribunam
2114 4327 2392 4401 habens
2419 4326 2942 4424 amplissimam
2972 4350 3140 4402 cum
3163 4326 3378 4401 altari

700 4446 1008 4543 majore,
1047 4448 1242 4543 quod
1268 4450 1583 4547 positum
1622 4460 1733 4525 est
1764 4452 1954 4526 intra
1981 4452 2346 4527 tribunam
2375 4452 2468 4527 ad
2499 4450 2806 4550 spatium
2839 4450 3109 4549 pedum
3138 4476 3238 4524 xx
3265 4450 3381 4525 vel

700 4571 923 4663 circa;
977 4572 1178 4647 navis
1224 4575 1469 4649 media
1510 4576 1904 4651 latitudinis
1952 4576 2219 4674 pedum
2267 4602 2361 4651 Lx
2403 4578 2514 4651 vel
2565 4576 2756 4651 circa
2805 4582 2878 4650 et
2919 4575 3246 4672 quelibet
3283 4598 3380 4650 ex

695 4695 1109 4771 lateralibus
1140 4699 1402 4795 pedem
1430 4725 1603 4775 xxm
1637 4729 1651 4773 :
1685 4702 1814 4775 sed
1842 4708 1991 4776 tota
2015 4702 2327 4776 ecclesia
2345 4702 2742 4777 latitudinis
2769 4700 3040 4798 pedum
3065 4724 3374 4787 cxxv111;

701 4820 1065 4912 columne,
1114 4847 1331 4899 naves
1376 4825 1711 4900 laterales
1754 4849 1799 4900 a
1845 4827 2084 4901 media
2129 4825 2552 4919 dividentes,
2601 4825 2867 4900 distant
2913 4848 3060 4901 una
3095 4826 3188 4901 ab
3231 4826 3378 4901 alia

702 4944 1011 5042 pedibus
1056 4971 1189 5036 v11;
1237 4973 1282 5022 a
1323 4958 1528 5047 porta
1577 4951 1886 5027 ecclesie
1939 4976 2165 5049 usque
2219 4951 2312 5026 ad
2363 4958 2647 5049 portam
2687 4950 2892 5025 chori
2935 4961 3104 5024 sunt
3139 4950 3375 5048 pedes

690 5093 955 5160 cnxv113
984 5072 1247 5145 chorus
1273 5080 1384 5148 est
1406 5076 1874 5175 longitudinis
1901 5078 2168 5175 pedum
2193 5102 2284 5153 nv
2309 5083 2382 5153 et
2403 5076 2801 5153 latitudinis
2826 5101 2942 5167 LX,
2974 5099 3106 5175 pro
3133 5100 3371 5173 quan-

700 5196 905 5271 titate
948 5197 1279 5275 videlicet
1325 5201 1546 5299 ipsius
1596 5206 1792 5285 navis
1839 5229 1853 5277 :
1899 5228 2032 5303 per
2071 5203 2390 5277 medium
2430 5204 2631 5278 chori
2675 5209 2827 5277 erat
2866 5202 3164 5298 planum
3215 5204 3366 5277 sive
