3625 6059
259 571 454 635 lluillct
481 571 614 634 1494]
891 569 1150 630 RERUM
1196 569 1654 630 URBANARUM
1701 573 2228 637 COMMENTARH.
2803 587 2899 643 181

263 733 442 800 esset
467 730 630 800 aute
659 730 948 822 portam
983 748 1044 796 S.
1081 724 1450 799 Laurentii
1481 724 1859 802 descendit
1897 728 1987 802 de
2021 752 2237 826 equo,
2273 733 2697 808 etascendit
2728 759 2899 833 pos-

261 859 368 928 tea
401 851 695 942 mulam3
731 849 1142 925 cardinales
1187 850 1530 925 continuo
1569 875 1702 948 per
1734 853 1917 926 viam
1956 864 2473 952 precesserunt
2515 861 2783 956 Papam
2830 870 2902 938 et
3009 895 3019 904 ·

258 977 465 1052 secuti
490 984 652 1051 sunt
683 982 1227 1051 sacramentum
1259 981 1332 1050 et
1359 977 1575 1050 male.

349 1103 535 1176 Circa
559 1103 818 1176 horam
848 1101 1157 1199 primam
1187 1101 1448 1192 noctiS,
1484 1106 1676 1201 Papa
1699 1106 1892 1179 venit
1929 1106 2301 1181 Tiburtum
2334 1109 2451 1183 ubi
2496 1118 2698 1187 extra
2725 1136 2895 1210 por-

257 1239 388 1304 tam
419 1229 862 1325 superiorem
890 1227 1266 1301 descendit
1291 1228 1381 1300 de
1404 1227 1608 1302 'mula
1633 1236 1707 1304 et
1737 1230 1921 1306 sedit
1952 1232 2023 1304 iu
2059 1234 2215 1330 ejus
2253 1234 2453 1324 sede,
2486 1236 2555 1309 in
2588 1260 2732 1333 qua
2764 1239 2896 1312 fuit

253 1353 494 1428 deiude
523 1376 756 1451 usque
805 1352 897 1426 ad
927 1352 1311 1427 ecclesiam
1343 1378 1404 1427 s.
1449 1356 1810 1430 Francisci
1855 1364 2180 1454 portatus
2220 1383 2263 1432 a
2304 1359 2602 1450 civibuS,
2646 1371 2715 1436 et
2749 1364 2897 1437 suis

253 1477 714 1553 cardinalibus
751 1478 990 1574 ipsum
1016 1477 1088 1549 in
1123 1477 1268 1550 suis
1309 1478 1733 1574 equitaturis
1775 1484 2244 1577 sequentibus
2284 1511 2296 1555 :
2338 1507 2587 1560 comes
2620 1486 2896 1562 officia-

254 1605 412 1676 lium
451 1601 828 1693 Tiburtini,
872 1602 1014 1675 hoc
1061 1605 1358 1677 nomine
1413 1604 1842 1700 appellatuS,
1894 1615 2097 1681 extra
2155 1616 2439 1705 portam
2498 1610 2895 1708 predictam

253 1727 485 1800 obtulit
525 1730 720 1824 Pape
771 1726 1004 1802 claves
1052 1728 1356 1804 civitatis
1401 1729 1554 1804 sine
1585 1730 1794 1806 bacili
1828 1761 1843 1822 ;
1881 1733 2069 1806 intra
2114 1733 2399 1831 portam
2458 1740 2895 1834 exspectavit

253 1853 596 1950 processio
639 1876 782 1949 que
823 1856 1089 1950 Papam
1143 1854 1310 1929 inde
1351 1880 1578 1952 usque
1625 1856 1716 1929 ad
1761 1856 2027 1932 dictam
2072 1859 2457 1934 ecclesiam
2506 1862 2889 1951 conduxit;

253 1979 554 2052 ordinata
583 1978 804 2053 etiam
836 1978 1123 2054 fuerant
1163 1981 1694 2078 quamplurima
1730 1982 2094 2057 intorticia
2124 2007 2255 2081 per
2293 1987 2893 2061 communitatem

251 2103 702 2193 Tiburtinam,
755 2126 890 2201 per
941 2105 1130 2180 cives
1183 2113 1352 2180 ante
1407 2114 1941 2181 sacramentum
2012 2116 2084 2182 et
2155 2113 2422 2208 Papam
2486 2098 2769 2210 portata
2821 2115 2891 2186 in

253 2232 536 2308 ecclesia
577 2257 638 2306 s.
687 2233 1078 2307 Francisci.
1116 2237 1308 2330 Papa
1346 2233 1737 2331 genuflexit
1771 2237 1937 2307 ante
1984 2231 2211 2307 altare
2252 2234 2489 2330 majus
2535 2234 2607 2307 in
2648 2235 2896 2309 faldis-

253 2358 416 2432 torio
445 2381 572 2433 seu
607 2357 782 2431 sede
809 2356 1076 2431 ibidem
1108 2357 1241 2430 sibi
1274 2364 1547 2454 parata,
1585 2356 1734 2448 ubi,
1771 2380 1861 2431 eo
1900 2357 2180 2444 orante,
2216 2355 2453 2430 dictus
2487 2364 2598 2431 est
2636 2381 2887 2432 versus

253 2493 314 2557 et
339 2485 558 2560 oratio
599 2511 734 2585 per
769 2485 1120 2558 vicarium
1155 2483 1475 2581 episcopi
1520 2483 1903 2572 Tiburtini,
1940 2480 2203 2555 deinde
2246 2482 2552 2555 surrexit
2600 2486 2794 2580 Papa
2822 2491 2894 2557 et

253 2609 314 2681 in
353 2611 552 2686 altari
596 2610 862 2709 populo
905 2607 1302 2697 benedixit,
1338 2608 1588 2682 diceus
1624 2609 2025 2681 Sit'nomen
2071 2606 2395 2697 Domini,
2432 2619 2563 2679 etc.
2599 2614 2672 2681 et
2714 2630 2891 2681 con-

251 2736 442 2810 cessit
481 2734 976 2832 indulgentias
1021 2743 1301 2833 septem
1341 2759 1699 2808 anuorum
1739 2740 1813 2808 et
1858 2733 2159 2807 totidem
2218 2733 2879 2831 quadragenarum,

249 2861 552 2936 videlicet
592 2884 772 2958 quas
813 2860 1203 2957 publicavit
1241 2860 1624 2935 cardinalis
1667 2859 1897 2933 sancti
1942 2858 2273 2954 Georgii,
2319 2859 2489 2955 quia
2534 2860 2877 2934 Senensis

249 2992 650 3082 prevenerat
680 2988 952 3082 Papam
983 2992 1054 3058 et
1084 2993 1450 3060 manserat
1475 2986 1552 3057 in
1582 3009 1712 3058 suo
1748 2982 2094 3080 hospitio.
2130 2982 2303 3056 Inde
2336 2986 2530 3079 Papa
2557 2990 2885 3079 portatus

251 3111 361 3185 fuit
387 3111 476 3185 ad
513 3135 848 3186 cameras
890 3133 1058 3184 suas
1093 3112 1300 3206 juxta
1342 3110 1611 3184 dictam
1653 3106 2038 3183 ecclesiam
2076 3106 2479 3183 honorifice
2512 3115 2879 3205 paratam3
3003 3209 3010 3216 ,

247 3237 358 3309 sed
392 3261 554 3311 cum
599 3236 906 3312 intraret
941 3238 1250 3336 aspersit
1303 3260 1380 3310 se
1432 3259 1620 3332 aqua
1666 3241 1916 3309 sancta
1969 3242 2042 3308 et
2084 3235 2635 3310 circumstantes
2680 3257 2883 3308 more

250 3361 462 3436 solito.
511 3361 910 3436 Cardinalis
951 3387 1010 3436 s.
1047 3363 1336 3459 Georgii
1372 3385 1414 3436 e
1448 3361 1780 3436 manibus
1812 3359 1983 3436 dicti
2026 3360 2265 3434 vicarii
2310 3363 2503 3458 Pape
2544 3383 2881 3460 asperso-

249 3485 408 3558 rium
437 3485 834 3584 porrigenti
863 3488 1178 3585 accepit;
1210 3487 1723 3561 baldachinum
1752 3490 1945 3584 Pape
1976 3492 2443 3584 portaverunt
2472 3487 2687 3560 cives.

330 3611 723 3703 Dominica,
780 3617 864 3687 13
892 3613 1080 3711 julii,
1127 3615 1253 3687 SS.
1308 3618 1394 3686 D.
1439 3607 1714 3703 noster,
1768 3612 1963 3687 circa
2006 3613 2262 3686 horam
2306 3607 2761 3709 vigesimam,
2805 3610 2879 3684 in

251 3737 398 3810 sede
427 3761 560 3812 sua
591 3731 872 3812 sedens
893 3737 1193 3814 recessit
1219 3761 1309 3811 ex
1338 3737 1636 3811 Tiburte
1669 3739 1897 3811 iturus
1926 3739 2412 3829 Vicovarium,
2444 3737 2881 3835 precedente

249 3862 452 3958 ipsum
499 3887 723 3938 cruce
775 3886 929 3954 sua,
981 3870 1466 3953 sacramente,
1514 3868 1587 3936 et
1623 3862 2107 3937 cardinalibus
2159 3865 2397 3960 ipsum
2444 3865 2712 3959 Papam
2764 3886 2879 3934 se-

249 3988 606 4082 quentibus
639 4013 655 4061 ε
694 4011 860 4061 cum
891 3995 1087 4063 esset
1119 3995 1325 4062 extra
1351 3995 1638 4085 portam
1669 3987 2147 4076 Tiburtinam,
2184 3985 2559 4061 descendit
2586 3987 2676 4059 de
2710 3985 2881 4058 sede

249 4118 307 4185 et
340 4114 658 4188 ascendit
701 4113 972 4186 mulam
1015 4114 1090 4186 in
1147 4137 1294 4209 qua
1340 4113 1682 4210 equitavit
1732 4137 1956 4209 usque
2006 4111 2098 4184 ad
2153 4117 2437 4208 portam
2495 4109 2876 4200 Vicovarii,

251 4239 706 4314 cardinalibus
734 4239 976 4336 ipsum
1009 4251 1300 4337 semper
1331 4237 1827 4336 sequentibuS,
1862 4237 1981 4333 qui
2014 4243 2295 4332 septem
2337 4235 2649 4325 fuerunt,
2683 4234 2881 4308 vide-

248 4364 387 4440 licet
430 4393 448 4440 τ
501 4366 1020 4464 Neapolitanus
1069 4373 1140 4439 et
1189 4363 1694 4440 Ulixbonensis
1741 4361 2105 4460 episcopi3
2155 4361 2416 4434 Montis
2476 4362 2762 4458 Regalis
2810 4369 2885 4436 et

253 4491 548 4578 Ursinus,
578 4492 1030 4590 presbyteri;
1070 4491 1437 4580 SenensiS,
1472 4479 1917 4565 camerarius
1947 4495 2019 4562 et
2043 4486 2497 4578 ValentinuS,
2539 4486 2821 4560 diaconi
2860 4510 2875 4560 ε

251 4625 426 4690 extra
450 4623 736 4716 portam
763 4616 1122 4693 Vicovarii
1152 4620 1345 4714 Papa
1373 4614 1748 4690 descendit
1779 4613 1867 4688 de
1900 4614 2097 4687 mula
2120 4619 2218 4704 et,
2252 4618 2547 4709 recepto
2579 4611 2873 4702 amictu,

253 4739 417 4828 alba,
449 4741 736 4838 cingulo
773 4750 846 4815 et
889 4741 1072 4816 stola
1100 4741 1432 4839 pulchra,
1463 4739 1807 4814 cardinali
1841 4739 2174 4832 Senensi,
2208 4738 2327 4835 qui
2371 4737 2461 4812 de
2491 4738 2686 4811 mula
2723 4737 2883 4812 des-

253 4865 589 4956 cenderat,
611 4866 854 4963 ipsum
874 4875 1200 4964 parante,
1227 4866 1554 4940 ascendit
1583 4866 1675 4941 ad
1699 4865 1979 4956 sedem,
2004 4865 2080 4938 in
2105 4887 2251 4962 qua
2269 4869 2592 4962 portatus
2617 4869 2727 4938 est
2750 4887 2883 4960 per

257 4997 506 5082 portam
557 4990 980 5066 inferiorem
1023 5016 1250 5088 usque
1299 4991 1390 5066 ad
1433 4992 1819 5066 ecclesiam
1868 5015 2093 5090 prope
2126 4996 2471 5080 castrum,
2517 4989 2878 5064 cardinale

261 5113 525 5189 Senensi
567 5117 880 5215 pedibus
927 5117 1074 5191 suis
1121 5127 1286 5216 post
1327 5125 1862 5194 sacramentum
1904 5121 2170 5217 Papam
2210 5115 2675 5215 precedente,
2724 5111 2879 5185 aliis

261 5240 705 5316 cardinalibus
741 5242 814 5315 in
861 5243 1008 5316 suis
1049 5244 1472 5340 equitaturis
1514 5248 1782 5341 Papam
1823 5245 2317 5344 sequentibus,
2360 5242 2567 5315 Circa
2610 5237 2875 5333 vigesi-
