3625 6059
775 558 850 615 20
1323 558 1333 567 '
1705 554 1732 611 J
1740 554 1981 611 OHANN
1986 552 2053 610 IS
2102 552 2546 621 BURCHARDI‚
2959 552 3283 616 [Decembre
3316 556 3438 621 1492]

781 710 1199 783 Orationem
1231 707 1403 781 fecit
1435 711 1522 780 D.
1563 706 2033 782 Sebastianus
2067 707 2465 782 Baduarius
2499 708 2669 781 etati
2708 730 2837 783 sue
2866 708 3434 786 convenientem.

779 836 1014 909 Finito
1045 833 1474 909 consistorio
1523 836 1612 907 D.
1657 833 1925 907 Marius
1960 837 2247 909 Leonus
2285 832 2595 931 portavit
2637 832 2963 907 fimbrias
3004 837 3438 933 posteriores
3533 926 3534 929 Ἴ

777 960 1121 1057 pluviales
1152 982 1364 1057 pape,
1401 966 1474 1033 et
1505 958 1643 1033 alia
1673 982 1879 1032 more
1913 959 2124 1034 solito
2158 958 2544 1033 observata
2575 966 2767 1032 sunt.
3532 942 3534 949 ¹

881 1085 1092 1159 Feria
1139 1090 1375 1177 sexta,
1431 1084 1619 1159 festo
1681 1084 1912 1158 sancti
1960 1085 2240 1159 Thome
2289 1083 2623 1183 apostoli,
2687 1088 2770 1157 21
2828 1084 3272 1175 decembriS,
3325 1088 3443 1161 fuit

777 1212 1148 1313 publicum
1199 1208 1710 1285 consistorium
1765 1209 1839 1282 in
1889 1209 2124 1307 prima
2166 1210 2330 1285 aula
2375 1210 2618 1307 palatii
2665 1210 3085 1307 supradicti,
3126 1212 3306 1308 quia
3346 1211 3438 1284 sic.
3532 1222 3534 1311 ss

774 1338 1044 1436 placuit
1081 1335 1430 1435 pontifici,
1473 1336 1644 1410 licet
1688 1333 1961 1430 pluries
1998 1334 2112 1406 his
2162 1332 2418 1408 diebus
2458 1333 2834 1408 Sanctitati
2876 1356 3005 1410 sue
3036 1334 3353 1409 dixerim
3378 1333 3440 1407 id

775 1470 1071 1561 propter
1110 1462 1281 1535 tanti
1325 1459 1629 1558 apostoli
1670 1459 1936 1532 festum
1980 1482 2125 1532 non
2176 1459 2588 1551 convenire,
2640 1460 2770 1533 sed
2811 1460 3050 1555 potius
3102 1460 3300 1550 heri,
3344 1460 3441 1534 vel

777 1613 936 1662 cras
971 1588 1126 1663 fieri
1157 1588 1509 1686 potuisse.
1547 1590 1807 1659 Parata
1850 1585 1983 1659 suit
2014 1584 2334 1659 secunda
2372 1584 2537 1658 aula
2566 1591 2733 1658 ante
2766 1608 3135 1660 cameram
3169 1592 3440 1683 aposto-
3533 1630 3534 1671 ÷

773 1714 992 1788 licam
1047 1736 1210 1788 cum
1262 1711 1557 1809 panniS,
1613 1718 1685 1786 et
1735 1710 1923 1807 ignis
1992 1711 2065 1783 in
2128 1734 2216 1785 ea
2272 1734 2623 1785 accensus
2680 1710 3255 1784 :consistorium
3312 1711 3437 1784 hoc

774 1839 1104 1912 habitum
1151 1846 1260 1913 est
1299 1860 1430 1934 pro
1481 1836 1898 1911 obedientia
1943 1861 2075 1934 per
2120 1844 2445 1912 oratores
2491 1837 2933 1912 serenissimi
2972 1838 3173 1935 regis
3210 1836 3439 1911 Ferdi-

776 1964 994 2037 nandi
1027 1962 1478 2061 Neapolitani
1503 1962 1696 2059 regis
1727 1962 2145 2060 prestanda.
2183 1962 2556 2060 Proposite
2584 1963 2879 2037 suerunt
2909 1971 3057 2038 tres
3088 1962 3429 2039 commis-

778 2089 1045 2163 sioneS.
1111 2088 1425 2161 Primam
1485 2086 1861 2185 proposuit
1930 2092 2016 2161 D.
2070 2088 2387 2184 Angelus
2456 2087 2546 2162 de
2600 2090 2827 2182 CesiS‚
2890 2089 3295 2165 secundam
3360 2092 3431 2162 D.

779 2214 1207 2286 Octavianus
1237 2215 1663 2302 SuessanUS‚
1702 2212 1987 2286 tertiam
2030 2216 2115 2285 D.
2154 2212 2417 2286 Paulus
2450 2212 2758 2303 Planca;
2809 2220 2881 2289 et
2921 2215 3090 2311 quia
3118 2220 3436 2289 oratores

774 2344 940 2435 post
971 2337 1194 2412 finem
1223 2337 1434 2411 tertie
1483 2336 2019 2411 commissionis
2048 2338 2370 2411 nondum
2402 2346 2774 2432 venerant,
2811 2340 2899 2413 de
2932 2338 3283 2415 mandato
3316 2342 3429 2413 SS.

776 2469 864 2538 D.
902 2466 988 2536 N.
1026 2462 1412 2537 asserentis
1449 2462 1680 2559 ipsam
1710 2462 1994 2535 tertiam
2026 2463 2618 2539 commissionem
2651 2487 2813 2539 esse
2846 2464 3343 2562 importantie,
3378 2469 3436 2535 et

777 2588 937 2687 ejus
1001 2588 1476 2661 substantiam
1539 2610 1687 2661 non
1739 2587 1928 2662 bene
1980 2588 2448 2680 intellexisse,
2522 2593 2608 2662 D.
2664 2588 2927 2663 Paulus
2980 2589 3247 2663 iterata
3292 2590 3432 2661 vice

773 2712 1006 2811 ipsam
1055 2711 1403 2801 recitavit,
1459 2734 1543 2785 ac
1593 2716 1679 2785 D.
1736 2716 2131 2787 Coronatus
2177 2721 2385 2812 pater
2436 2739 2636 2805 suus,
2690 2714 2909 2789 etiam
2962 2715 3052 2789 de
3102 2714 3431 2788 mandato
3532 2790 3534 2805 Ι

777 2842 996 2935 pape,
1031 2861 1111 2912 se
1142 2836 1332 2910 illius
1362 2836 1835 2934 propositioni
1870 2841 2228 2936 opposuit,
2264 2846 2340 2915 ut
2373 2847 2657 2937 tempus
2690 2864 2915 2939 usque
2947 2840 3039 2914 ad
3069 2846 3431 2914 oratorum

773 2964 1155 3039 adventum
1187 2963 1776 3059 suspenderetur.

873 3094 1025 3165 Hoc
1086 3112 1300 3163 mane
1361 3095 1750 3185 antequam
1806 3091 2001 3184 Papa
2048 3112 2251 3161 suam
2298 3110 2663 3163 cameram
2722 3088 2971 3179 exiret,
3023 3086 3426 3164 convocatis
3532 3156 3534 3177 .

773 3213 1112 3289 omnibus
1143 3212 1651 3305 cardinalibuS,
1688 3212 2060 3287 accersitis
2091 3213 2183 3286 ad
2213 3234 2289 3285 se
2328 3213 2535 3287 nobis
2575 3213 2903 3287 Johanne
2942 3215 3173 3289 Maria
3209 3221 3283 3289 et
3320 3236 3426 3286 me
3533 3194 3534 3203 ἵ

773 3338 1350 3413 ceremoniarum
1381 3337 1692 3428 clericiS,
1732 3337 2197 3433 interrogavit
2221 3360 2264 3410 a
2288 3337 2497 3412 nobis
2521 3336 2695 3434 quid
2726 3337 3140 3413 conveniret
3167 3342 3256 3412 D.
3288 3336 3426 3410 Fri-

771 3462 996 3537 derici
1036 3462 1382 3559 principis
1423 3463 1625 3536 ducis
1667 3471 1740 3536 et
1777 3462 1969 3559 regis
2013 3461 2138 3535 filii
2180 3460 2727 3558 secundogeniti
2772 3446 3174 3559 receptioni
3222 3460 3425 3535 hodie

773 3586 865 3661 ad
899 3586 1405 3661 consistorium
1444 3609 1576 3683 pro
1608 3587 2020 3661 obedientia
2064 3586 2453 3683 prestanda
2492 3586 2796 3675 venturi,
2840 3591 2912 3660 et
2941 3586 3099 3683 quis
3128 3586 3337 3661 locus
3366 3582 3424 3657 ei

774 3712 1054 3785 dandus
1103 3716 1320 3799 esset,
1371 3711 1558 3784 inter
1616 3708 2021 3783 cardinales
2064 3710 2174 3784 vel
2218 3717 2383 3808 post
2428 3732 2583 3783 eos.
2639 3708 3002 3807 Respondi
3054 3705 3425 3784 Sanctitati

774 3861 932 3926 sue,
977 3840 1064 3911 D.
1101 3836 1490 3909 Francisco
1522 3834 1697 3908 alias
1726 3858 1860 3931 pro
1891 3834 2307 3909 obedientia
2336 3838 2421 3909 D.
2464 3833 2887 3911 Innocentio
2928 3833 3160 3908 felicis
3192 3854 3425 3909 recor·
3533 3876 3534 3893 ἢ

774 3962 1080 4037 dationis
1111 3983 1296 4059 pape
1334 3962 1525 4049 VIII,
1560 3960 1855 4034 nomine
1896 3959 2066 4033 dicti
2106 3946 2322 4057 regiS,
2375 3961 2583 4059 cujus
2628 3967 2699 4035 et
2738 3961 2890 4057 ipse
2926 3958 3117 4032 filius
3154 3963 3427 4056 quarto-

773 4088 1058 4185 genitus
1103 4091 1282 4177 erat,
1326 4084 1739 4183 prestanda,
1789 4084 1933 4159 duo
1978 4084 2379 4159 cardinales
2420 4085 2511 4159 ad
2555 4107 2916 4160 cameram
2961 4084 3423 4181 apostolicam

772 4234 1000 4307 usque
1039 4210 1319 4285 obviam
1351 4210 1611 4284 missos
1641 4210 1898 4301 fuisse,
1933 4210 2053 4307 qui
2090 4210 2327 4307 ipsum
2356 4233 2585 4308 usque
2627 4211 2698 4284 in
2732 4208 3096 4308 pontificis
3131 4230 3425 4308 presen-

769 4336 943 4409 tiam
986 4336 1484 4423 deduxerunt3
1528 4342 1915 4433 propterea
1955 4342 2028 4409 et
2065 4336 2223 4433 ejus
2262 4335 2413 4409 fieri
2460 4360 2675 4433 posse
2715 4335 2934 4427 idem,
2978 4334 3151 4409 licet
3198 4334 3425 4407 minus

767 4462 1310 4553 convenienter,
1339 4462 1508 4559 quia
1528 4485 1661 4559 pro
1683 4460 2096 4535 obedientia
2122 4459 2511 4555 prestanda
2530 4460 2769 4534 missis
2795 4482 2942 4534 non
2968 4458 3421 4534 consuevisse
3532 4508 3534 4515 .

769 4588 1190 4685 hujusmodi
1264 4586 1821 4662 associationem
1882 4585 2067 4675 fieri,
2136 4585 2263 4659 sed
2322 4584 2691 4659 dumtaxat
2763 4606 2893 4681 pro
2967 4582 3123 4656 aliis
3196 4580 3421 4657 causis

770 4736 1027 4809 regum
1084 4712 1249 4786 filiis
1295 4719 1366 4788 et
1410 4712 1692 4811 magnis
1746 4710 2191 4810 principibus
2250 4709 2669 4808 hujusmodi
2731 4708 3144 4801 observari;
3196 4702 3426 4805 quoad

769 4837 1172 4911 secundum
1206 4837 1399 4932 quod
1429 4844 1594 4912 aute
1639 4836 2123 4935 penultimum
2160 4833 2545 4908 diaconum
2592 4832 3060 4924 cardinalem,
3106 4830 3423 4907 videlicet
3533 4820 3534 4837 ³

769 4962 1000 5035 sancti
1033 4962 1380 5052 Severini,
1414 4962 1762 5036 locandus
1795 4968 2011 5037 esset.
2055 4960 2166 5033 Ad
2205 4958 2399 5054 quod
2442 4957 2775 5031 similiter
2810 4958 2935 5033 SS.
2984 4960 3067 5030 D.
3115 4958 3201 5029 N.
3250 4972 3424 5053 papa

768 5087 950 5161 dixit
986 5086 1348 5184 prefatum
1388 5090 1475 5160 D.
1518 5087 1965 5163 Fridericum
2014 5112 2145 5187 per
2184 5090 2269 5159 D.
2313 5081 2941 5183 archiepiscopum
2986 5082 3175 5157 alme
3223 5080 3420 5157 Urbis

771 5212 1333 5311 gubernatorem
1363 5213 1732 5288 Sanctitati
1764 5240 1891 5291 suc
1924 5234 2536 5290 commemorasse
2560 5233 2638 5285 se
2661 5208 2837 5283 alias
2853 5199 3184 5304 tempore
3206 5202 3417 5283 felicis
