3625 6059
681 562 786 617 403
1563 508 1936 607 ‘JOHANNIS
1986 548 2431 622 euncuARm,
2938 560 3173 620 [octobre
3200 568 3316 633 ηπ]

679 711 1018 789 eumdem
1056 715 1352 808 pontem
1385 715 1453 783 et
1490 730 1621 806 per
1649 731 1708 780 s,
1744 707 2045 781 Mariam
2088 708 2479 785 Minervam
2512 713 2950 803 Rotundam,
2996 738 3121 812 per
3158 717 3307 793 viam

678 837 924 911 Turris
968 834 1377 931 Sanguinee
1423 840 1623 907 recta
1662 832 1776 906 via
1820 856 2071 908 versus
2112 835 2493 910 ecclesiam
2536 861 2596 911 s.
2648 837 2836 911 Celsi
2886 862 3019 935 per
3057 854 3313 938 pontem

680 989 741 1037 S.
785 962 1042 1059 Angeli
1088 960 1296 1034 rediit
1337 960 1427 1032 ad
1470 958 1841 1056 palatium,
1892 960 2376 1034 cardinalibus
2421 961 2610 1037 inter
2648 965 2887 1061 ipsum
2936 973 3219 1061 pontem
3256 980 3313 1045 et

680 1086 1061 1161 ecclesiam
1104 1108 1162 1157 s,
1209 1084 1432 1157 Marie
1463 1082 1957 1180 transpontine
1996 1083 2406 1157 licentiatis,
2452 1089 2701 1159 Rmus.
2750 1090 2840 1159 D.
2890 1112 2949 1161 s,
2999 1092 3304 1167 Praxedis

679 1212 855 1283 dixit
883 1209 1060 1282 mihi
1093 1210 1164 1281 in
1197 1207 1506 1283 ecclesia
1533 1207 1860 1305 predicta
1888 1232 2005 1281 me
2037 1208 2211 1283 alias
2244 1210 2378 1282 sibi
2408 1211 2673 1285 dixisse
2701 1211 2931 1308 quod,
2968 1217 3154 1312 Papa
3180 1218 3307 1293 sine

679 1337 892 1410 mitra
915 1336 1310 1434 equitante,
1345 1334 1746 1407 cardinales
1777 1332 2045 1407 debent
2076 1355 2242 1405 eum
2275 1334 2477 1429 sequi
2510 1340 2581 1408 et
2610 1334 2711 1425 id,
2744 1335 2892 1410 hoc
2925 1359 3157 1429 mane,
3190 1362 3311 1413 non

679 1484 1029 1535 servasse.
1064 1458 1429 1555 Respondi
1459 1457 1527 1530 id
1563 1482 1650 1531 ex
1691 1481 1856 1531 meo
1889 1456 2178 1531 defectu
2217 1482 2361 1531 non
2394 1459 2791 1556 procedere
2824 1460 2958 1535 sed
2992 1484 3078 1535 ex
3104 1466 3311 1559 ponti-

678 1586 836 1659 ficis
875 1584 1236 1658 voluntate
1274 1583 1396 1679 qui
1436 1583 1613 1655 mihi
1652 1581 2022 1657 videbatur
2049 1581 2433 1657 inclinatus
2464 1583 2556 1656 ad
2586 1584 3112 1659 observandum
3148 1587 3309 1661 hunc

679 1709 1047 1809 equitandi
1106 1710 1431 1784 modum.
1497 1708 1979 1783 Interfuerunt
2037 1707 2621 1804 quartuordecim
2675 1710 3081 1787 cardinales
3130 1734 3310 1810 supra

680 1837 1056 1925 nominati,
1093 1843 1164 1910 et
1194 1856 1458 1932 magna
1486 1834 1806 1931 gentium
1850 1854 2243 1923 armorum,
2280 1834 2603 1930 equitum
2636 1841 2709 1910 et
2746 1836 3074 1933 peditum
3104 1838 3301 1933 copia.

773 1961 1283 2059 Superioribus
1331 1960 1613 2049 diebuS,
1661 1960 1851 2033 venit
1890 1958 1980 2032 ad
2022 1958 2288 2033 Urbem
2326 1960 2589 2033 relatio
2632 1962 2826 2055 quod
2874 1961 2993 2035 die
3036 1962 3302 2047 sabbati,

674 2087 929 2161 ultima
966 2086 1237 2159 mensis
1279 2085 1706 2184 septembris
1751 2085 2078 2182 proxime
2120 2084 2473 2181 preteriti,
2521 2085 3050 2181 proclamatum
3086 2086 3304 2158 fuisset

675 2212 960 2309 publice
1010 2236 1142 2309 per
1177 2211 1538 2285 civitatem
1583 2210 2130 2307 Neapolitanam
2173 2208 2443 2283 bellum
2481 2210 2674 2283 inter
2716 2210 3166 2301 Federicum,
3207 2233 3301 2282 re·

675 2360 842 2434 gem
872 2338 1424 2435 Neapolitanum
1455 2342 1525 2410 et
1555 2336 1954 2433 principem
1988 2334 2289 2408 Salerni.

775 2464 985 2537 Feria
1025 2460 1364 2552 secunda,
1403 2466 1444 2534 9
1481 2460 1752 2535 mensis
1785 2460 2126 2548 octobris,
2164 2459 2296 2532 suit
2329 2466 2689 2534 secretum
2724 2460 3213 2534 consistorium
3238 2460 3296 2532 in

671 2612 815 2687 quo
858 2587 1085 2661 lectus
1132 2586 1262 2659 fuit
1304 2608 1687 2682 processus
1727 2591 1980 2658 contra
2031 2589 2114 2657 D.
2166 2584 2793 2675 Bartholomeum‚
2848 2585 3295 2683 arehiepisco-

669 2736 842 2811 pum
873 2711 1365 2801 Cusentinum,
1415 2711 1540 2783 SS.
1578 2714 1664 2784 D.
1701 2709 1927 2782 nostri
1962 2709 2457 2801 secretarium,
2500 2710 2815 2801 habitu3‚
2864 2718 2938 2786 et
2975 2710 3293 2784 confessio

667 2861 798 2935 per
837 2860 1001 2911 eum
1046 2836 1238 2910 facta
1273 2860 1358 2910 ac
1396 2836 1642 2933 plures
1681 2836 1957 2908 minute
1998 2834 2346 2927 brevium,
2395 2842 2471 2909 ut
2510 2836 2917 2927 dicebatur,
2967 2836 3114 2910 sine
3142 2832 3291 2907 scitu

663 2968 737 3036 et
763 2963 1128 3036 voluntate
1161 2964 1288 3036 SS.
1328 2964 1412 3035 D.
1451 2965 1535 3035 N.
1572 2984 1755 3058 pape
1795 2960 2323 3057 expeditorum.
2754 2978 2757 2983 ·

761 3091 845 3161 Et
895 3088 1009 3162 die
1051 3086 1423 3177 mercurii,
1477 3092 1549 3159 11
1603 3086 1933 3183 ejusdem
1972 3086 2272 3175 mensiS,
2326 3086 2395 3159 in
2450 3086 2590 3159 alio
2637 3096 2925 3162 secreto
2969 3084 3287 3159 consisto-

661 3212 793 3301 rio,
840 3214 966 3285 SS.
1013 3215 1100 3285 D.
1139 3216 1410 3300 noster,
1447 3233 1595 3284 non
1636 3210 1725 3284 de
1757 3209 2060 3284 consilio
2100 3209 2601 3300 cardinalium,
2649 3211 2721 3284 in
2762 3210 3121 3310 presentia
3154 3206 3285 3305 plu-

661 3336 1008 3409 rimorum
1053 3335 1498 3432 prelatorum
1546 3358 1630 3409 ac
1679 3339 2117 3409 RRmorum.
2166 3342 2477 3432 patrum,
2530 3340 2615 3408 D.
2669 3340 2751 3410 P.
2801 3331 3284 3432 archiepiscopi

660 3459 1063 3555 RegiensiS,
1106 3459 1294 3533 alme
1329 3459 1538 3533 Urbis
1571 3460 2101 3554 gubernatoriS,
2138 3484 2222 3534 ae
2255 3460 2445 3535 Petri
2488 3460 2577 3534 de
2609 3462 2971 3551 Vicentia,
3006 3454 3285 3557 episcopi

660 3584 1193 3673 CesenatensiS,
1246 3584 1442 3657 curie
1492 3606 1873 3658 causarum
1922 3608 2211 3660 camere
2259 3585 2653 3682 apostolice
2708 3586 3065 3684 generalis
3114 3579 3285 3655 audi-

658 3708 857 3797 toriS,
921 3708 1587 3782 commissariorum
1645 3706 1862 3784 cause
1919 3710 2087 3784 dicti
2148 3710 2679 3809 archiepiscopi
2739 3708 3102 3786 Cusentini
3162 3705 3285 3778 sive

660 3840 916 3909 contra
957 3856 1124 3907 eum
1169 3856 1301 3929 per
1345 3833 1600 3907 fiscum
1645 3842 1872 3926 mote,
1921 3858 2004 3909 ac
2050 3839 2200 3909 DD.
2252 3837 2651 3933 Burgmdi,
2697 3837 2955 3935 Angeli
2994 3836 3079 3909 de
3116 3829 3283 3907 Cesis

659 3964 733 4033 et
791 3958 1095 4032 aliorum
1151 3956 1665 4032 advocatorum
1725 3966 1795 4034 et
1849 3966 2402 4056 procuratorum
2456 3960 2612 4034 fisci
2671 3966 2745 4036 et
2800 3950 3283 4056 archiepiscopi

603 4126 612 4135 -
663 4082 997 4180 predicti,
1051 4082 1211 4156 tulit
1260 4084 1695 4159 sententiam
1745 4091 1993 4159 contra
2041 4087 2127 4158 D.
2179 4084 2802 4183 archiepiscopum
2856 4082 3279 4162 Cusentinum

665 4204 1068 4299 absentem,
1110 4208 1182 4279 in
1213 4207 1621 4283 carceribus
1653 4210 1870 4283 castri
1906 4234 1964 4282 s,
1994 4209 2251 4304 Angeli
2283 4209 2683 4301 detentum,
2714 4234 2847 4308 per
2875 4232 3081 4309 quam
3108 4224 3280 4279 eum-

667 4333 834 4405 dem
870 4334 1338 4407 secretarium
1373 4356 1582 4408 suum
1622 4333 2246 4432 archiepiscopatu
2292 4341 2365 4409 et
2395 4336 2731 4409 omnibus
2764 4336 2919 4410 aliis
2950 4325 3279 4408 beneficiis

662 4458 956 4554 privavit
997 4466 1069 4532 et
1105 4458 1194 4533 ab
1236 4459 1431 4531 omni
1474 4459 1720 4533 ordine
1767 4459 2103 4557 deposuit
2142 4466 2210 4533 et
2249 4459 2662 4557 degradavit
2704 4484 2789 4536 ac
2833 4448 3278 4560 pronunciavit

661 4584 856 4658 curie
883 4585 1190 4658 seculari
1224 4583 1690 4677 tradendum;
1724 4586 2189 4660 committens
2216 4586 2729 4660 commissariis
2756 4582 3089 4685 predictis
3112 4568 3273 4673 quod
3363 4567 3371 4574 ’

658 4716 911 4783 contra
950 4710 1284 4785 eumdem
1316 4710 1698 4807 privatum,
1747 4710 2158 4808 depositum
2200 4718 2373 4804 etc„
2408 4718 2622 4809 prout
2662 4712 2753 4788 de
2778 4714 2968 4811 jure,
3000 4706 3087 4781 ad
3116 4700 3274 4775 ulte-

657 4834 850 4907 riora
889 4834 1392 4931 procederent.
1445 4835 1580 4922 Qui
1627 4836 2132 4927 commissarii,
2179 4836 2295 4911 die
2338 4835 2648 4927 veneriS,
2704 4842 2787 4911 13
2837 4832 2998 4910 dicti
3040 4819 3271 4902 mensis

655 4957 998 5045 octobriS,
1032 4958 1107 5031 in
1138 4966 1378 5033 castro
1419 4984 1478 5035 s.
1521 4960 1776 5058 Angeli
1814 4962 2213 5052 constituti,
2258 4960 2664 5060 predictum
2706 4962 2875 5035 olim
2918 4948 3268 5047 archiepis-

656 5106 920 5181 copum
971 5084 1464 5177 Cusentinum,
1513 5108 1760 5161 coram
1806 5088 1909 5162 eis
1957 5087 2436 5185 personaliter
2482 5088 2975 5173 coustitutum,
3018 5078 3103 5153 ad
3142 5074 3267 5146 ins-

657 5203 958 5283 tantiam
987 5212 1073 5283 D.
1103 5208 1402 5283 Mariani
1430 5210 1802 5303 Cocchini,
1832 5212 2313 5310 procuratoris
2341 5212 2606 5287 fiscalis
2632 5212 2897 5289 ibidem
2922 5194 3258 5307 presentis,
