3625 6059
641 528 748 583 360
1566 520 1914 579 ,IOHANNIS
1966 520 2408 591 BURCHARDI,
2976 524 3145 585 [Mars
3174 528 3321 590 1497]

646 687 744 771 et,
795 680 1050 753 eadem
1095 678 1238 762 die,
1272 677 1631 751 Sanctitas
1675 698 1806 749 sua
1849 674 1942 748 ad
1983 674 2249 749 Urbem
2297 699 2585 749 reversa
2632 681 2742 749 est
2786 699 2953 749 cum
2982 677 3322 751 comitiva

649 827 776 877 sua
803 802 923 897 (t).

745 928 1016 1003 Eadem
1061 926 1205 1015 die,
1252 950 1384 1024 per
1437 928 1855 1002 affixionem
1904 928 2322 1001 cedularum
2364 929 2439 1001 in
2481 926 2635 1001 acie
2681 926 2930 1024 Campi
2984 928 3205 1003 Flore
3258 939 3325 1004 et

651 1055 818 1128 alibi
850 1076 984 1151 per
1023 1055 1319 1142 Urbem,
1355 1053 1444 1127 de
1477 1054 1818 1128 mandato
1856 1052 2271 1129 Sanctitatis
2304 1077 2458 1143 sue,
2506 1050 2930 1125 mandatum
2960 1050 3093 1127 ruit
3128 1052 3330 1147 quod

651 1180 844 1253 dicta
873 1178 990 1252 die
1034 1178 1308 1251 sabbati
1355 1178 1913 1253 ostenderentur
1957 1178 2193 1275 capita
2240 1177 2734 1275 apostolorum
2777 1178 2967 1251 Petri
3002 1186 3070 1251 et
3116 1178 3327 1251 Pauli

652 1305 724 1375 in
759 1303 1054 1377 basilica
1091 1301 1586 1390 Lateranensi,
1624 1308 1691 1374 et
1729 1301 2095 1374 dominica
2132 1301 2483 1397 proxima,
2515 1323 2655 1396 que
2702 1301 2836 1374 erit
2878 1301 3327 1398 palmarum,

655 1430 725 1501 in
769 1428 1068 1501 basilica
1106 1426 1450 1524 principis
1493 1426 1986 1522 apostolorum
2031 1426 2120 1500 de
2169 1426 2357 1499 Urbe
2400 1425 2909 1499 ostenderetur
2948 1426 3331 1499 sudarium

655 1576 782 1624 seu
832 1551 1066 1625 vultus
1117 1551 1432 1639 Domini,
1485 1557 1555 1624 et
1604 1552 1799 1646 quod
1847 1551 2203 1624 Sanctitas
2250 1573 2406 1638 sua,
2456 1550 2715 1624 eadem
2760 1551 2875 1623 die
2928 1550 3331 1631 dominica,

655 1676 1018 1775 publicam
1043 1674 1629 1751 benedictionem
1663 1675 1861 1748 daret
1894 1676 2293 1750 solemnem
2327 1674 2618 1772 populo.

759 1800 1138 1873 Dominica
1182 1800 1609 1897 palmarum,
1664 1805 1748 1873 19
1800 1800 2062 1889 martii,
2112 1803 2238 1875 SS.
2291 1804 2379 1872 D.
2424 1804 2508 1874 N.
2554 1824 2741 1897 papa
2788 1809 3079 1898 paratus
3126 1826 3338 1875 more

665 1925 875 1996 solito
920 1923 1292 1995 benedixit
1335 1930 1406 1995 et
1457 1924 1821 1997 distribuit
1863 1925 2141 2021 palmas
2182 1924 2256 1996 in
2296 1924 2573 2021 capella
2614 1925 2889 2021 majore
2939 1926 3224 2023 palatii,
3272 1937 3335 1999 et

663 2049 796 2120 fuit
823 2046 1127 2144 penuria
1165 2048 1601 2144 palmarum;
1637 2053 2020 2145 propterea
2065 2048 2548 2123 cardinalibus
2593 2057 2871 2123 tantum
2906 2060 2977 2123 et
3022 2052 3340 2125 oratori-

666 2173 799 2246 bus
833 2172 996 2247 date
1046 2179 1211 2247 sunt
1256 2196 1340 2245 ac
1381 2173 1544 2246 duci
1586 2174 1857 2246 Gandie
1899 2181 1969 2248 et
2012 2175 2099 2248 de
2143 2174 2443 2247 Pisauri.
2483 2178 2640 2248 Dux
2672 2176 2944 2249 Gandie
2984 2200 3029 2249 a
3062 2176 3339 2250 dextris

669 2305 740 2369 et
770 2302 856 2370 D.
895 2297 1169 2370 Pisauri
1201 2298 1572 2371 asinistris
1603 2305 1989 2372 tenuerunt
2017 2300 2291 2395 palmas
2323 2302 2517 2396 Pape
2556 2324 2571 2372 :
2611 2307 2853 2374 orator
2878 2306 3337 2377 Venetorum

671 2424 864 2498 dedit
919 2448 1179 2522 aquam
1237 2426 1568 2499 manibus
1620 2428 1839 2521 Pape.
1893 2427 2064 2497 Post
2110 2423 2516 2520 palmarum
2571 2423 3192 2512 distributionem,
3250 2428 3332 2497 D.

677 2550 1175 2639 GundisalvuS,
1203 2549 1638 2622 Ferdinandi
1664 2549 2109 2646 capitaneuS,
2136 2549 2354 2622 etiam
2386 2548 2705 2623 interfuit
2738 2549 2807 2621 in
2836 2549 3031 2622 dicta
3058 2548 3343 2645 capella

678 2681 748 2746 et
795 2673 1028 2747 noluit
1065 2675 1336 2749 habere
1383 2674 1624 2747 locum
1672 2697 1881 2746 suum
1929 2673 2000 2744 in
2042 2672 2380 2768 gradibus
2430 2673 2585 2746 solii
2614 2677 2834 2770 Pape,
2876 2673 3010 2747 sed
3040 2672 3233 2747 sedit
3272 2674 3336 2743 in

677 2800 910 2871 banco
943 2806 1308 2872 oratorum
1339 2798 1718 2884 laicorum,
1750 2805 1913 2895 post
1938 2804 2302 2872 oratorem
2342 2798 2536 2895 regis
2567 2806 2640 2870 et
2678 2798 2928 2893 regine
2966 2799 3343 2896 Hispania-

679 2946 868 3014 rum,
927 2946 1166 3020 neque
1224 2924 1447 2997 voluit
1503 2922 1827 3020 recipere
1876 2922 2191 3020 palmam
2235 2929 2398 3020 post
2460 2922 2868 3020 predictum
2924 2933 3335 3006 oratorem3

680 3050 767 3123 de
796 3074 936 3145 quo
969 3073 1138 3122 cum
1171 3049 1420 3123 RRmi.
1458 3054 1609 3123 DD.
1647 3050 2049 3123 cardinales
2081 3050 2351 3121 factum
2385 3048 2956 3139 considerarent,
2994 3050 3341 3121 miraren-

681 3183 797 3245 tur
848 3201 862 3245 :
919 3176 1301 3248 suscitatus
1352 3198 1676 3261 causam,
1724 3174 2044 3249 intellexi
2096 3174 2167 3245 id
2220 3180 2461 3247 actum
2512 3197 2673 3247 esse
2729 3182 3030 3269 propter
3080 3175 3339 3247 ducem

681 3298 984 3385 Gandie,
1038 3298 1262 3370 filium
1319 3304 1536 3395 Pape.
1601 3299 1905 3373 Nolebat
1959 3299 2151 3371 enim
2199 3299 2568 3395 predictus
2626 3297 3108 3371 Gundisalvus
3160 3296 3343 3393 capi-

685 3431 940 3496 taneus
991 3420 1183 3517 quod
1214 3428 1300 3495 D.
1352 3425 1496 3496 dux
1530 3423 1957 3519 precederet
1996 3448 2012 3495 ε
2049 3424 2119 3496 in
2148 3447 2292 3518 quo
2324 3431 2570 3497 tamen
2605 3422 2882 3496 ratione
2913 3446 3065 3495 non
3104 3422 3343 3495 uteba-

685 3553 825 3637 tur,
863 3546 990 3618 sed
1020 3545 1212 3618 mala
1241 3552 1313 3619 et
1345 3548 1632 3621 sinistra
1660 3548 2024 3644 opinione.

787 3676 1032 3742 Rmus.
1116 3674 1202 3743 D.
1284 3672 1665 3744 cardinalis
1733 3674 2286 3748 Beneventanus
2347 3674 2526 3748 dixit
2586 3673 2883 3746 missam
2942 3671 3343 3745 solemnem

688 3796 758 3866 in
802 3793 995 3865 dicta
1035 3794 1336 3889 capella,
1389 3798 1582 3890 Papa
1630 3805 1996 3891 presente,
2044 3804 2113 3871 et
2144 3796 2395 3869 habuit
2421 3820 2635 3869 unam
2666 3796 2982 3894 palmam
3013 3800 3295 3868 tantum
3330 3818 3343 3861 :
3400 3883 3403 3886 Ι

691 3919 1104 4016 passionem
1159 3918 1333 3990 dixit
1399 3922 1524 3992 SS.
1590 3924 1676 3992 D.
1731 3928 1983 3994 noster
2050 3944 2212 3993 cum
2264 3920 2543 3994 duobus
2608 3919 3026 3994 cantoribus
3076 3916 3343 4016 capelle

690 4050 938 4117 nostre
983 4042 1052 4114 in
1095 4044 1535 4139 paramentis
1578 4043 1918 4118 violaceis
1959 4069 1973 4117 :
2011 4044 2151 4117 alia
2192 4067 2396 4118 more
2428 4045 2667 4119 solito.
2704 4048 2864 4119 Non
2894 4044 3029 4117 fuit
3062 4050 3345 4117 ostensa

690 4168 1052 4255 veronica,
1112 4190 1240 4240 seu
1289 4168 1684 4259 sudarium,
1736 4193 1866 4242 seu
1918 4169 2154 4243 vultus
2213 4170 2527 4261 Domini,
2600 4192 2835 4265 neque
2892 4192 3024 4265 per
3074 4170 3209 4241 SS.
3264 4170 3340 4237 D.

693 4304 1021 4367 nostrum
1064 4294 1354 4390 publica
1407 4293 1819 4366 benedictio
1860 4295 2072 4384 facta,
2134 4293 2305 4367 licet
2358 4292 2429 4366 id
2484 4294 2700 4367 fuerit
2752 4308 2887 4391 p‘er
2940 4292 3237 4367 cedulas
3282 4290 3345 4360 in

695 4416 884 4489 Urbe
911 4416 1390 4512 publicatum;
1425 4414 1555 4489 sed
1583 4414 1770 4504 heri,
1795 4416 1868 4487 in
1900 4416 2197 4489 basilica
2218 4417 2712 4507 Lateranensi,
2737 4418 2972 4513 capita
2997 4414 3347 4512 apostolo-

695 4566 850 4615 rum
895 4545 1182 4617 suerunt
1232 4551 1548 4617 ostensa.
1591 4546 1808 4636 Papa,
1840 4540 2227 4636 antequam
2279 4542 2506 4615 exiret
2555 4564 2922 4616 cameram
2962 4550 3339 4623 secretam,

695 4669 1058 4742 accersitis
1091 4668 1183 4742 ad
1211 4693 1288 4740 se
1325 4668 1836 4755 cardinalibuS,
1872 4666 2091 4761 elegit
2120 4666 2207 4738 ad
2240 4665 2625 4739 ecclesiam
2658 4664 3163 4738 Clusinensem
3194 4686 3343 4761 pas-

695 4791 870 4862 toris
903 4792 1156 4863 solatio
1188 4792 1606 4865 destitutam
1633 4796 1712 4863 R.
1737 4794 1822 4863 D.
1852 4790 2309 4886 Sinulphum,
2336 4790 2913 4887 protonotarium
2940 4797 3013 4862 et
3044 4794 3347 4861 secreta-

692 4915 880 4987 rium
911 4916 1412 5010 apostolicum,
1449 4914 1538 4990 de
1566 4914 1989 4988 eorumdem
2031 4914 2504 4988 cardinalium
2534 4912 2867 4999 consilio,
2900 4921 2972 4985 et
2998 4912 3240 5009 ipsum
3266 4914 3340 4982 D.

767 5186 814 5239 1.
859 5185 994 5257 Voy.
1030 5184 1259 5251 Sanum,
1291 5188 1331 5239 t.
1367 5182 1408 5251 1,
1439 5181 1542 5240 col.
1571 5186 1695 5242 561.
