3625 6059
724 558 828 615 126
1632 553 1659 610 J
1668 552 1984 611 OHANNIS
2031 550 2475 621 BURCHARDI,
3091 556 3219 617 [Mat
3251 558 3396 620 1494]

728 732 855 785 sex
901 707 1171 807 pedum
1224 714 1298 784 et
1340 705 1809 806 longitudinis
1856 707 2124 805 pedum
2172 714 2340 783 octo
2386 730 2516 806 pro
2561 705 2964 781 faldistorio
3010 705 3396 780 cardinalis

722 834 943 933 legati
965 857 1054 911 ex
1076 833 1337 909 tabulis
1362 833 1797 931 composita;
1823 858 2048 932 prope
2077 832 2294 909 etiam
2321 832 2548 909 altare
2566 832 3000 931 predictum,
3018 837 3216 905 retro
3240 830 3396 906 die-

727 965 873 1035 tam
896 958 1291 1059 pradellam
1314 960 1523 1056 juxta
1542 982 1769 1034 cornu
1802 959 2103 1058 epistole
2125 959 2368 1033 altaris
2389 966 2638 1055 parata
2657 958 2794 1033 fuit
2813 981 3074 1033 mensa
3087 981 3222 1055 pro
3243 980 3398 1033 cre·

729 1085 979 1161 dentia
1004 1084 1477 1185 longitudinis
1503 1084 1771 1184 pedum
1800 1110 1848 1158 x
1879 1091 1953 1160 et
1972 1084 2368 1160 latitudinis
2389 1086 2656 1183 pedum
2680 1092 3015 1182 quatuor,
3032 1082 3143 1158 vel
3165 1082 3390 1157 circa.

824 1209 1128 1285 Planum
1163 1210 1308 1284 hoc
1342 1209 1658 1301 tribune,
1692 1210 1783 1284 ab
1814 1211 1973 1309 ejus
2005 1232 2310 1284 ascensu
2341 1234 2572 1307 usque
2617 1209 2708 1285 ad
2737 1211 2960 1285 altare
2991 1232 3124 1307 pro
3155 1209 3398 1307 longi-

727 1336 970 1410 tudine
996 1334 1240 1410 altaris
1272 1340 1426 1411 erat
1445 1335 1783 1427 liberum,
1810 1333 2093 1409 abinde
2123 1340 2367 1409 autem
2399 1333 2488 1409 ab
2520 1341 2826 1432 utroque
2849 1334 3080 1408 latere
3105 1335 3400 1407 fuerunt

730 1460 963 1561 posita
1004 1484 1302 1536 scamna
1341 1460 1843 1559 quintuplicia‚
1887 1460 2358 1557 longitudinis
2396 1459 2665 1556 pedum
2706 1483 2822 1533 xv1
2862 1458 3214 1555 quolibet,
3265 1483 3398 1555 pro

723 1585 1017 1684 prelatis
1059 1584 1329 1683 paratis
1372 1584 1822 1659 coronationi
1875 1582 2502 1673 interessentibuS,
2555 1588 2628 1657 et
2679 1588 2874 1656 retro
2930 1582 3268 1656 ultimum
3327 1589 3398 1657 et

724 1710 1059 1808 quintum
1106 1734 1484 1786 scamnum
1528 1733 1573 1785 a
1613 1732 1842 1784 cornu
1889 1708 2219 1805 epistole,
2269 1707 2414 1781 hoc
2462 1714 2572 1783 est
2621 1707 2712 1782 ad
2758 1708 3086 1782 dextram
3133 1732 3398 1783 ascen-

724 1834 1021 1912 dentem
1062 1835 1333 1911 dictum
1372 1833 1695 1934 planum,
1736 1832 2155 1910 continebat
2195 1833 2435 1931 ipsum
2473 1833 2770 1931 planum
2819 1833 3110 1911 tribuna
3143 1856 3402 1909 versus

721 1958 965 2035 locum
995 1967 1375 2036 cantorum
1402 1985 1621 2059 supra
1647 1961 1942 2059 planum
1972 1960 2208 2059 majus
2239 1959 2567 2057 superius
2597 1959 2894 2051 dictum,
2921 1984 3052 2057 per
3076 1959 3399 2057 longitu-

728 2084 974 2161 dinem
1004 2087 1274 2184 pedum
1303 2110 1418 2161 xv1
1460 2094 1533 2161 et
1569 2086 2027 2161 latitudinem
2059 2084 2328 2183 pedum
2365 2110 2441 2176 v;
2487 2092 2561 2160 et
2596 2084 2867 2159 ibidem
2903 2085 3224 2183 positum
3263 2085 3400 2158 fuit

728 2235 1107 2287 scamnum
1146 2213 1447 2311 longum
1491 2236 1660 2287 cum
1702 2211 2052 2310 pectorali
2095 2235 2225 2310 pro
2265 2210 2672 2286 oratoribus
2713 2234 2978 2309 regum-
3013 2221 3088 2285 et
3123 2209 3401 2307 princi-

728 2360 929 2435 pum,
982 2338 1101 2435 qui
1144 2338 1595 2415 coronationi
1640 2337 2078 2413 interessent
2121 2362 2136 2411 ε
2182 2336 2416 2434 posita
2457 2336 2679 2411 etiam
2720 2337 3015 2410 fuerunt
3059 2334 3132 2407 in
3178 2335 3402 2433 plano

730 2463 967 2560 primo
1000 2471 1074 2540 et
1102 2464 1361 2564 majori
1393 2464 1485 2538 ad
1514 2464 1844 2539 dextram
1872 2463 2184 2538 intrante
2226 2462 2373 2537 sive
2413 2461 2879 2552 ascendente,
2918 2462 3124 2560 juxta
3147 2462 3399 2537 locum

734 2593 1143 2679 cantorum,
1192 2588 1420 2663 multa
1458 2612 1781 2678 scamna,
1823 2612 1954 2686 pro
1990 2588 2350 2663 nobilibus
2385 2594 2458 2662 et
2495 2589 2886 2663 baronibus
2917 2588 3399 2684 neapolitanis

733 2718 807 2788 et
836 2714 1069 2812 regni.

826 2839 1035 2914 Circa
1064 2840 1287 2915 altare
1323 2864 1469 2938 per‘
1483 2841 1848 2917 tribunam
1880 2843 1970 2916 ab
2001 2848 2307 2940 utroque
2335 2840 2562 2915 latere
2592 2838 2825 2938 posita
2853 2838 3142 2915 fuerunt
3179 2838 3404 2937 pallia

725 2962 1047 3039 braccati
1074 2965 1309 3057 aurei3
1341 2972 1546 3042 extra
1572 2967 1936 3042 tribunam
1964 2992 2096 3066 per
2115 2966 2293 3043 illud
2323 2973 2601 3041 tantum
2627 2988 2886 3063 corpus
2917 2966 3400 3040 transversale

724 3114 767 3162 a
795 3096 1103 3187 quatuor
1127 3091 1498 3184 lateribus,
1544 3100 1618 3167 et
1654 3094 1746 3168 ab
1776 3099 2075 3191 utraque
2107 3099 2312 3192 parte
2357 3116 2489 3191 per
2517 3098 2744 3165 totam
2774 3113 3034 3166 navem
3073 3090 3400 3166 mediam

728 3214 1037 3290 ecclesie
1074 3215 1312 3311 posita
1355 3217 1647 3292 fuerunt
1692 3218 1909 3317 pallia
1955 3218 2176 3293 etiam
2213 3216 2536 3292 braccati
2578 3223 2650 3291 et
2689 3216 2829 3289 alia
2864 3216 3228 3314 preciosa,
3261 3240 3402 3290 nu-

726 3360 931 3412 mero
969 3339 1213 3413 forsan
1252 3364 1335 3414 cc
1360 3341 1475 3416 vel
1504 3342 1721 3435 circa,
1767 3348 1841 3417 et
1877 3366 2140 3441 corpus
2185 3342 2363 3417 illud
2393 3340 2834 3416 tranversale
2864 3340 3124 3438 pannis
3153 3341 3398 3415 celes-

729 3461 921 3536 tibus
972 3470 1047 3537 et
1096 3463 1279 3540 albis
1336 3465 1651 3541 divisatis
1699 3466 2018 3542 totaliter
2071 3476 2531 3565 coopertum3
2577 3476 2648 3541 et
2691 3468 2766 3540 in
2805 3489 2894 3541 ea
2937 3473 3136 3541 certe
3177 3490 3400 3564 spere

722 3610 1041 3685 appense
1079 3612 1210 3687 pro
1251 3597 1535 3682 ornatu,
1580 3598 1653 3665 ut
1693 3617 1912 3690 supra
1949 3594 2176 3668 altare
2215 3594 2453 3690 majus
2497 3591 2814 3690 positum
2863 3590 3042 3667 illud
3088 3590 3400 3688 pallium

723 3711 1049 3789 bruccati
1079 3714 1304 3807 aurei,
1340 3716 1557 3790 etiam
1590 3740 1844 3792 omnes
1875 3718 2063 3792 illius
2094 3718 2358 3815 gradus
2389 3718 2844 3815 cooperiens.
2974 3700 3002 3717 ⁸

820 3841 904 3912 Et
954 3838 1128 3936 quia
1178 3864 1361 3915 onus
1415 3842 1887 3917 ordinationis
1947 3843 2387 3943 hujusmodi,
2448 3842 2706 3917 saltem
2761 3840 3002 3940 quoad
3053 3862 3396 3916 ceremo-

720 3963 964 4054 nialia,
998 3963 1179 4039 mihi
1207 3965 1629 4044 incumbere
1657 3969 2056 4060 videbatur,
2093 3977 2168 4045 ut
2197 3969 2524 4045 debitum
2555 3968 2776 4045 officii
2805 3968 2982 4042 mihi
3015 3966 3396 4041 commissi

721 4088 1001 4165 facilius
1048 4092 1563 4190 persolverem,
1616 4093 1755 4169 t'eci
1804 4094 2124 4171 rotulum
2179 4094 2328 4170 sive
2387 4094 2812 4169 memoriale
2871 4091 3198 4167 omnium
3258 4110 3410 4189 pro·

722 4238 834 4307 ea,
870 4237 1035 4289 meo
1062 4216 1359 4314 judicio,
1393 4218 2000 4311 necessariorum,
2037 4219 2453 4318 hujusmodi
2485 4219 2757 4295 tenoris
2793 4243 2808 4293 ε

820 4340 1245 4415 Necessaria
1280 4367 1410 4440 pro
1452 4348 1919 4420 coronatione
1955 4344 2401 4419 serenissimi
2449 4344 2640 4442 regis
2678 4343 3033 4442 Alphonsi
3075 4344 3166 4419 de
3210 4348 3400 4419 Ara-

723 4462 940 4561 gonia
970 4466 1296 4558 secundi,
1332 4466 1571 4544 Sicilie
1608 4469 1826 4566 regis,

820 4589 1267 4667 Triduanum
1289 4592 1651 4691 jejunium
1684 4595 2014 4671 observet
2045 4621 2197 4691 rex,
2232 4603 2303 4674 et
2331 4595 2423 4670 ad
2456 4596 3046 4674 communionem
3076 4620 3154 4671 se
3185 4604 3400 4695 paret

727 4715 1067 4815 (intellexi
1100 4741 1319 4816 super
1355 4716 1497 4793 hoc
1540 4744 1584 4793 a
1620 4722 1995 4819 Maiestate
2025 4748 2154 4797 sua
2199 4726 2324 4798 SS.
2358 4727 2444 4797 D.
2481 4726 2566 4797 N.
2603 4744 2853 4798 secum
2891 4722 3393 4821 dispensasse,

725 4842 921 4940 quod
949 4842 1165 4916 unica
1187 4849 1469 4918 tantum
1495 4844 1611 4920 die
1636 4846 2052 4948 Jejunaret).

820 4966 1148 5043 Ecclesia
1196 4975 1487 5066 paretur
1550 4977 1623 5046 et
1680 4979 1978 5049 ornetur
2031 4974 2286 5071 pannis
2343 4981 2416 5050 et
2466 4975 2700 5073 palliis
2745 4974 3197 5051 solemnibus
3242 4997 3401 5071 quo

724 5092 943 5169 modo
974 5091 1133 5167 fleri
1161 5100 1427 5191 potest,
1465 5097 1640 5171 etin
1670 5122 1782 5190 ea,
1819 5106 2186 5197 suggesta,
2221 5098 2582 5175 thalamus
2609 5107 2680 5176 et
2702 5100 2965 5199 gradus
2995 5123 3080 5176 ac
3111 5098 3282 5189 alia,
3321 5106 3398 5172 ut

726 5216 1179 5297 commodius
1205 5217 1363 5294 fleri
1394 5228 1659 5319 potest.
