3625 6059
267 518 588 583 [Decembre
617 516 767 577 1492]
941 512 1197 571 RERUM
1245 510 1698 569 URBANARUM
1735 510 2258 569 COMMENTARII.
2710 544 2719 553 ·
2875 520 2939 576 13

264 676 432 747 sent
459 695 478 746 :
511 694 598 745 ex
621 692 766 768 quo
788 668 977 745 inter
1003 668 1200 765 ipsos
1229 666 1632 741 cardinales
1659 689 1794 765 per
1820 690 1937 742 me
1968 668 2159 743 facta
2180 676 2287 744 est
2310 670 2682 745 conclusio
2710 673 2933 769 quod,

267 796 574 895 singulis
611 820 656 871 a
682 794 1027 894 pontifice
1063 793 1479 884 intellectiS,
1511 793 1981 891 pretermissa
2019 794 2309 891 publica
2346 795 2594 886 missa,
2632 796 2936 895 principi

270 929 768 997 occurrerent.

365 1048 754 1125 Dominica
809 1045 1132 1121 secunda
1181 1046 1556 1137 adventuS,
1609 1053 1652 1121 9
1703 1046 2116 1121 decembris
2161 1052 2243 1120 R.
2295 1052 2374 1121 P.
2424 1052 2509 1121 D.
2554 1048 2937 1148 episcopus

265 1172 912 1263 BarchinonensiS,
956 1172 1304 1271 magister
1344 1174 1648 1271 capelle,
1693 1172 2084 1249 celebravit
2130 1174 2427 1249 missam
2462 1176 2825 1273 publicam
2866 1176 2937 1249 in

265 1298 552 1396 capella
598 1306 974 1389 consueta,
1024 1301 1220 1396 Papa
1273 1306 1640 1397 presente.
1685 1302 2115 1374 Sermonem
2167 1298 2338 1374 fecit
2384 1301 2673 1398 quidam
2723 1301 2942 1377 frater

269 1424 542 1501 ordinis
581 1423 977 1513 Minorum,
1013 1424 1321 1521 scriptor
1358 1424 1668 1498 ministri
1699 1424 2059 1522 generalis
2086 1424 2415 1522 ejusdem
2454 1426 2766 1516 ordinis3
2802 1425 2941 1501 alia

267 1550 518 1645 omnia
547 1554 719 1623 sunt
749 1549 1130 1623 observata
1167 1572 1372 1625 more
1415 1549 1652 1624 solito.
1690 1553 2100 1647 Antequam
2144 1554 2333 1647 Papa
2377 1551 2731 1651 capellam
2770 1576 2937 1649 pre-

267 1675 537 1751 dictam
584 1674 914 1765 intraret,
968 1673 1159 1757 venit
1210 1675 1520 1749 nuncius
1578 1698 1620 1749 a
1668 1680 1755 1750 I).
1787 1675 2181 1750 ·Friderico
2236 1675 2324 1749 de
2364 1678 2721 1773 Aragona,
2780 1680 2937 1775 ejus

267 1803 568 1878 nomine
599 1802 1010 1900 supplicans
1031 1801 1235 1898 quod
1259 1804 1387 1877 SS.
1424 1806 1511 1876 D.
1548 1807 1633 1877 N.
1664 1804 1827 1900 ejus
1864 1802 2268 1891 introitum,
2299 1808 2597 1901 propter
2624 1802 2937 1900 pluviam

265 1928 740 2018 existentem,
795 1927 1215 2025 dignaretur
1266 1950 1496 2024 usque
1549 1929 1641 2003 ad
1692 1928 1884 2003 diem
1938 1928 2189 2003 martis
2242 1925 2569 2025 proxime
2626 1926 2936 2003 futuram

263 2076 714 2152 prorogare;
752 2054 960 2152 cujus
989 2052 1317 2151 petitioni
1346 2054 1698 2129 Sanctitas
1732 2078 1865 2128 sua
1900 2053 2149 2127 annuit
2178 2053 2519 2151 gratiose,
2556 2061 2627 2128 et
2658 2076 2789 2151 pro
2820 2053 2934 2128 die

263 2180 594 2254 crastina
637 2185 1004 2255 secretum
1052 2179 1566 2253 consistorium
1614 2179 1932 2254 intimari
1984 2163 2393 2254 mandavitss
2422 2182 2769 2253 Cantores
2814 2202 2935 2254 ca-

261 2304 446 2401 pelle
493 2310 757 2379 nostre
795 2326 928 2399 per
970 2302 1412 2377 cardinalem
1454 2302 2126 2377 vicecancellarium
2164 2301 2511 2400 instigati,
2558 2301 2937 2375 voluerunt
3036 2394 3057 2403 ‚

263 2427 666 2525 quamdam
695 2426 986 2503 laudem
1016 2426 1090 2501 in
1115 2428 1480 2525 pontificis
1515 2428 1874 2527 honorem
1918 2428 2195 2503 noviter
2233 2426 2735 2525 compositam,
2768 2432 2935 2525 post

265 2553 726 2635 offertorium
757 2556 1154 2628 decantare
1184 2577 1201 2643 ;
1235 2553 1485 2629 habita
1508 2559 1752 2628 tamen
1783 2576 2002 2651 super
2038 2554 2181 2627 hoc
2216 2576 2350 2651 per
2378 2542 2657 2625 socium
2686 2572 2933 2625 meum

267 2678 636 2775 pontificis
665 2679 1060 2771 voluntate,
1097 2679 1214 2775 qui
1251 2677 1322 2753 id
1354 2678 1511 2754 fieri
1537 2679 1766 2755 noluit
1789 2701 1923 2777 pro
1956 2702 2043 2753 ea
2074 2679 2192 2752 die
2233 2678 2363 2753 sed
2396 2700 2526 2775 pro
2558 2676 2724 2767 alia,
2760 2684 2831 2751 et
2859 2676 2935 2750 in

269 2826 558 2881 camera
589 2824 729 2879 sua
757 2805 1158 2901 acceptavit
1183 2804 1406 2895 illam,
1439 2827 1582 2879 non
1617 2813 1954 2880 cantores
1983 2827 1999 2893 ;
2040 2809 2191 2879 erat
2225 2809 2469 2879 autem
2498 2802 2656 2876 laus
2686 2800 2936 2898 hujus-

267 2931 482 3021 modi,
518 2931 665 3005 suh
694 2930 803 3005 his
829 2931 1065 3006 verbis
1099 2958 1114 3004 t
2810 2922 2819 2929 ’

325 3056 835 3155 ,Epigramma
877 3055 1228 3131 lobannis
1269 3056 1598 3131 Cantoris
1635 3055 1883 3153 legum
1933 3053 2249 3129 doctoris
2298 3061 2513 3151 atque
2564 3052 2817 3129 musici
2860 3054 2929 3127 iu

269 3180 554 3257 laudem
591 3187 669 3255 et
697 3182 998 3281 gloriam
1031 3183 1104 3255 S.
1141 3184 1228 3255 N.
1266 3184 1354 3256 D.
1389 3180 1775 3256 Alexandri
1805 3204 1993 3279 pape
2035 3180 2245 3255 sexti.
2314 3160 2323 3167 ’

636 3358 877 3430 Gaude
905 3364 1119 3431 Roma
1149 3374 1334 3431 vetus
1363 3360 1625 3452 maqnis
1653 3358 1989 3429 celebrata
2017 3358 2377 3451 triumphis

767 3479 898 3547 Cui
927 3482 1098 3547 Deus
1127 3491 1432 3547 eternum
1461 3478 1744 3547 contulit
1771 3477 2160 3569 imperium.

631 3596 686 3663 C
690 3590 850 3662 laris
883 3595 1236 3664 Cesaribus
1267 3593 1608 3687 quondam
1637 3605 1921 3684 reqnata
1948 3592 2173 3684 fuisti,

766 3708 984 3777 Multo
1013 3708 1262 3777 cla-rior
1288 3732 1353 3777 es
1380 3704 1650 3777 subdita
1665 3706 2057 3798 presulibus

637 3822 774 3909 Qui
799 3824 1048 3893 virtute
1079 3825 1233 3893 licet
1260 3826 1612 3894 nituerunt
1641 3837 1937 3915 tempore
1954 3823 2205 3915 prisce,

759 3940 975 4009 Haud
995 3941 1272 4010 vincunt
1299 3953 1442 4011 etas
1472 3965 1670 4033 quem
1699 3940 1897 4009 modo
1925 3952 2149 4009 nostra
2178 3938 2379 4009 videt.

623 4062 875 4128 Seoetus
903 4058 1289 4129 Alexander
1315 4059 1660 4151 Hispanus
1688 4057 1943 4149 oriqine
1974 4046 2163 4125 celsa‘
2376 4046 2383 4053 ’

759 4178 1044 4267 Beqnat,
1079 4188 1146 4245 et
1174 4174 1404 4267 officio
1433 4174 1758 4266 funqitur
1785 4178 2081 4258 ether-em

632 4292 768 4375 Qui
779 4292 1106 4383 prudens,
1129 4289 1384 4381 justus,
1422 4290 1744 4371 constans)
1767 4290 1935 4383 pius
1962 4300 2171 4381 atque
2199 4290 2533 4363 modestus

766 4410 898 4475 Pro
927 4406 1184 4475 meritis
1212 4417 1400 4475 tanto
1430 4405 1724 4475 culmine
1753 4404 1997 4497 diqnus
2025 4418 2193 4475 erat.

631 4528 790 4617 Eya
818 4522 1188 4591 christicole
1215 4523 1499 4591 Domino
1515 4523 1881 4614 persolvite
1908 4540 2131 4615 qrates

766 4642 1084 4727 Quilibet,
1121 4652 1188 4710 et
1215 4653 1510 4711 vestrum
1537 4654 1757 4710 mente
1781 4642 1913 4736 pia
1942 4636 2197 4715 resonet
2227 4668 2251 4714 :

633 4760 824 4829 Vivat
853 4756 1239 4827 Alexander
1267 4758 1698 4828 celebrandus
1725 4759 2023 4852 imaqine
2064 4760 2329 4851 Maqni,

761 4876 1056 4967 Fastiqio
1085 4873 1333 4966 major,
1366 4896 1500 4942 non
1514 4874 1863 4966 probitate
1892 4874 2135 4946 minor.

361 5064 856 5143 Inter-fuerunt
897 5064 1044 5143 hoc
1071 5089 1288 5141 mane
1318 5064 1564 5154 misse,
1597 5063 1669 5137 in
1713 5062 1987 5164 capella
2017 5064 2717 5165 predicta,.quatuor
2750 5090 2916 5143 ora-

277 5198 464 5270 tores
491 5194 697 5271 ducis
734 5193 1148 5284 Mediolani,
1189 5191 1520 5268 videlicet
1561 5212 1808 5267 comes
1850 5170 2287 5285 Caiacensis,
2332 5216 2580 5269 comes
2628 5192 2920 5281 Sfortia,
