3625 6059
567 558 676 612 582
1484 549 1833 610 ,IOHANNIS
1888 545 2326 616 BURCHARDI,
2746 548 3079 611 [Decembre
3110 548 3247 610 149⁹]

571 708 909 782 mitarum
949 731 1008 780 s.
1044 703 1432 801 Augustini
1477 728 1609 804 pro
1648 711 2117 804 procuratore
2165 703 2497 798 ejusdem
2542 703 2845 778 ordinis,
2888 701 3055 776 Alia
3092 709 3249 774 acta

571 856 774 908 more
806 830 1042 907 solito.

671 956 943 1030 Eadem
991 953 1135 1045 die,
1173 962 1335 1052 post
1365 955 1776 1052 prandium,
1813 956 2183 1033 redierunt
2222 955 2315 1029 ad
2360 955 2628 1030 Urbem
2670 957 2814 1026 ΒΗ.
2852 952 2931 1024 in
2964 949 3253 1024 Christo

573 1087 710 1158 PP.
755 1085 908 1156 DD.
940 1082 1312 1156 Johannes
1359 1080 1953 1182 archiepiscopus
1996 1083 2427 1178 RagusinuS,
2462 1087 2562 1170 et,
2598 1080 2659 1152 si
2703 1083 2901 1150 recte
2948 1076 3249 1150 memini

570 1208 682 1284 vel
715 1206 1062 1297 intellexi,
1114 1207 1541 1282 Franciscus
1585 1208 1883 1281 Brevius
1922 1206 2307 1304 episcopus
2350 1205 2773 1280 cenetensis
2818 1227 2905 1276 ac
2946 1223 3255 1276 venera-

573 1331 738 1406 bilis
790 1336 878 1406 D.
931 1331 1358 1405 Franciscus
1410 1330 1500 1404 de
1551 1333 1838 1421 Parma,
1885 1329 2340 1405 abbreviator
2380 1328 2469 1402 de
2512 1350 2733 1425 parco
2782 1324 3081 1424 majori,
3124 1322 3245 1419 qui

573 1481 740 1534 cum
775 1462 983 1531 Rmo.
1023 1461 1110 1531 D.
1149 1455 1509 1530 cardinale
1540 1457 1804 1552 Borgia
1832 1457 1923 1530 ad
1949 1455 2389 1554 legationem
2420 1455 2945 1551 equitaverant.

673 1587 752 1658 ln
781 1582 921 1656 hac
963 1581 1452 1672 hebdomade,
1491 1585 1618 1656 SS.
1657 1585 1740 1655 D.
1779 1586 1865 1655 N.
1898 1581 1989 1655 ad
2028 1605 2107 1654 se
2138 1581 2376 1655 vocari
2416 1580 2589 1654 fecit
2622 1584 2775 1654 DD.
2808 1579 3255 1677 penitentia-

573 1711 720 1783 rios
765 1707 1170 1782 ordinarios
1212 1708 1286 1780 in
1324 1707 1622 1781 basilica
1665 1733 1725 1780 s,
1765 1707 1984 1797 Petri,
2019 1729 2183 1782 cum
2234 1705 2493 1801 quibus
2536 1705 2765 1778 multa
2811 1702 2993 1777 dixit
3042 1710 3116 1777 et
3162 1703 3251 1776 ab

575 1835 681 1909 eis
719 1834 906 1908 scire
944 1833 1383 1929 voluit-quid
1424 1840 1495 1908 et
1535 1855 1678 1928 que
1720 1831 2005 1930 agenda
2046 1855 2177 1928 pro
2224 1831 2738 1904 exoneratione
2766 1829 3255 1904 conscientia-

575 1983 734 2033 rum
785 1967 856 2034 et
895 1959 1126 2035 salute
1172 1959 1580 2033 animarum
1620 1957 1884 2032 Christi
1929 1956 2250 2032 fidelium
2292 1956 2385 2030 ad
2426 1955 2751 2030 futurum
2799 1953 2893 2029 de
2923 1956 3256 2052 proximo

579 2084 1068 2158 inchoandum
1103 2082 1463 2182 jubileum
1499 2083 1973 2172 venientium,
2008 2105 2093 2156 ac
2138 2082 2357 2157 etiam
2398 2081 2472 2154 in
2516 2081 2708 2154 Urbe
2752 2080 3251 2172 existentium,

580 2217 654 2284 et
691 2209 797 2285 eis
836 2209 1201 2282 commisit
1238 2215 1314 2282 ut
1351 2209 1656 2306 quisque
1696 2231 1955 2282 eorum
1984 2230 2127 2305 que
2168 2207 2301 2281 sibi
2340 2205 2757 2279 viderentur
2794 2206 3155 2302 cogitaret
3186 2211 3255 2278 et

584 2334 962 2410 Sanctitati
995 2356 1122 2409 sue
1154 2333 1480 2409 referret.
1510 2334 1728 2409 Venit
1757 2342 2145 2431 propterea
2172 2332 2287 2406 die
2320 2331 2685 2420 mercurii,
2723 2337 2809 2404 18
2837 2331 3255 2408 decembris

585 2460 944 2558 presentis
983 2461 1283 2550 mensiS‚
1326 2466 1489 2557 post
1531 2461 1788 2534 horam
1826 2458 2249 2557 vigesimam
2290 2459 2599 2556 primam
2640 2457 2835 2532 idem
2873 2461 3002 2532 SS.
3038 2461 3125 2533 D.
3166 2463 3249 2532 N.

587 2583 679 2657 ad
709 2582 1080 2658 basilicam
1127 2608 1187 2657 a.
1230 2583 1451 2671 Petri,
1486 2582 1608 2658 ubi
1641 2583 2017 2658 Sanctitati
2056 2607 2185 2658 sue
2224 2584 2537 2681 primum
2570 2582 2860 2657 ostendi
2899 2583 3151 2657 locum
3182 2583 3253 2658 in

587 2707 866 2805 capella
899 2707 1286 2798 Veronice,
1321 2729 1541 2804 quem
1591 2707 1841 2783 dicunt
1882 2708 2211 2783 canonici
2252 2707 2547 2782 basilice
2594 2729 2757 2782 esse
2798 2717 3089 2805 portam
3126 2733 3259 2782 au-

588 2856 787 2908 ream
831 2839 1318 2930 nuncupatam
1359 2857 1502 2930 que
1553 2833 1837 2930 singulo
1887 2834 2291 2908 centesimo
2327 2833 2584 2932 jubilei
2633 2856 2825 2907 anno
2878 2835 3257 2909 consuevit

587 2983 717 3058 per
759 2981 1084 3034 summos
1115 2958 1496 3056 pontifices
1537 2959 1826 3056 aperiri,
1862 2958 2053 3056 quod
2084 2965 2156 3033 et
2188 2956 2427 3054 sepius
2467 2954 2701 3029 audivi
2740 2955 2815 3029 in
2854 2957 3075 3055 vulgo
3116 2957 3257 3032 dici

582 3090 657 3160 et
701 3085 957 3160 teneri.
1004 3083 1280 3158 Placuit
1321 3084 1696 3158 Sanctitati
1739 3107 1867 3158 sue
1912 3107 2074 3158 eam
2114 3082 2376 3158 eodem
2420 3081 2641 3155 modo
2681 3080 2953 3156 debere
2992 3081 3257 3179 aperiri

577 3209 652 3282 in
681 3209 866 3284 hora
893 3209 1374 3284 inchoationis
1396 3208 1692 3306 jubilei3
1728 3209 2092 3284 mandavit
2123 3208 2437 3283 ordinari
2479 3215 2552 3282 et
2587 3208 2804 3283 incidi
2848 3232 3259 3282 marmores

579 3357 711 3432 pro
742 3343 998 3409 ornatu
1031 3334 1359 3430 ejusdem
1387 3341 1595 3430 porte
1626 3333 1720 3407 ad
1745 3333 1943 3406 illam
1969 3331 2418 3406 altitudinem
2450 3339 2523 3407 et
2548 3331 3011 3407 latitudinem
3035 3357 3255 3430 quam

578 3458 813 3532 forma
863 3459 953 3532 ab
1001 3459 1192 3531 intra
1235 3458 1690 3548 ostendebat,
1731 3465 1804 3532 et
1848 3480 2095 3531 muros
2140 3464 2307 3533 ante
2363 3463 2432 3531 et
2480 3481 2525 3532 a
2568 3458 2795 3533 latere
2840 3459 3253 3556 predictam

581 3583 931 3679 capellam
975 3582 1396 3658 claudentes
1441 3584 1739 3658 omnino
1783 3583 2127 3672 amoveri,
2180 3590 2257 3658 ut
2302 3584 2609 3681 populus
2654 3583 2955 3658 liberius
3004 3593 3255 3682 posset

578 3707 1047 3805 pertransire.
1087 3707 1454 3782 ordinavit
1497 3708 1695 3805 quod
1731 3708 2113 3805 episcopus
2152 3708 2581 3783 Mutinensis
2619 3709 2941 3783 datarius
2981 3710 3273 3784 faceret·

581 3833 968 3923 minutam3
1024 3833 1288 3908 deinde
1343 3833 1557 3907 scribi
1620 3832 1890 3907 bullam
1931 3832 2187 3931 jubilei
2238 3834 2313 3906 in
2360 3833 2677 3929 vesperis
2726 3835 3121 3909 nativitatis
3162 3837 3253 3908 D.

582 3957 844 4033 Christi
884 3960 1213 4056 proxime
1243 3958 1481 4032 future
1513 3957 1947 4048 inchoandi,
1983 3959 2175 4054 quod
2208 3958 2419 4032 Urbis
2454 3958 2981 4032 inhabitatores
3015 3983 3159 4031 xxx
3190 3967 3259 4031 et

586 4084 939 4176 forenses,
987 4109 1108 4176 xv,
1161 4085 1416 4160 diebus
1463 4083 1829 4159 continuis
1877 4083 1986 4158 vel
2032 4084 2504 4182 interpolatis,
2550 4109 2650 4158 ss.
2703 4084 2895 4157 Petri
2940 4092 3014 4158 et
3058 4083 3255 4159 Pauli

583 4232 668 4282 ac
701 4234 760 4282 s,
793 4208 1138 4283 Johannis
1181 4209 1686 4284 Lateranensis
1727 4215 1817 4307 et·
1841 4208 1912 4281 b.
1956 4207 2183 4282 Mario
2223 4208 2515 4305 Majoris
2554 4207 2643 4281 de
2685 4209 2876 4283 Urbe
2920 4209 3259 4284 basilicas

581 4333 952 4407 visitantes
999 4333 1399 4431 plenariam
1447 4332 1970 4429 indulgentiam
2017 4340 2657 4429 consequerentur,
2698 4340 2773 4408 et
2799 4335 2997 4431 quod
3026 4334 3255 4413 bulla.

581 4459 736 4555 ipsa
776 4457 1138 4532 dominica
1176 4461 1505 4554 proxime
1554 4457 1821 4548 futura,
1856 4457 2291 4554 publicetur,
2328 4458 2771 4557 precedente
2820 4482 3005 4534 sono
3045 4461 3257 4534 tuba-

585 4606 773 4656 rum.
807 4584 1076 4656 lterum
1109 4584 1476 4657 concessit
1509 4607 1576 4655 xi
1618 4582 2145 4680 penitentiariis
2182 4584 2562 4658 ordinariis
2592 4584 2919 4680 ejusdem
2956 4585 3256 4658 basilice

579 4707 1064 4805 componendi
1115 4707 1600 4805 [potestatem]
1651 4731 1871 4805 super
1917 4709 2105 4782 male
2160 4708 2419 4782 oblatis
2468 4717 2540 4782 et
2584 4708 2881 4784 incertis
2928 4710 3255 4784 eleemo-

581 4833 778 4930 synis
835 4856 968 4931 pro
1015 4831 1394 4906 animabus
1452 4831 1528 4905 in
1584 4833 2001 4929 purgatorio
2066 4833 2539 4908 existentibus
2595 4833 2991 4910 liberandis
3036 4842 3251 4933 atque

579 4956 1035 5031 absolvendis
1076 4957 1149 5030 in
1191 4957 1524 5031 omnibus
1564 4956 1851 5031 casibus
1884 4958 2102 5033 etiam
2136 4958 2510 5034 Sanctitati
2557 4984 2683 5034 sue
2726 4971 2800 5034 et
2839 4961 2993 5033 sedi
3032 4983 3250 5059 apos-

581 5080 793 5155 tolice
836 5082 910 5155 in
958 5104 1227 5179 genere
1272 5083 1383 5157 vel
1427 5084 1501 5157 in
1547 5082 1789 5181 specie
1837 5084 2240 5170 reservatiS,
2282 5083 2603 5181 exceptis
2645 5086 3017 5159 dumtaxat
3050 5085 3251 5160 vide-

575 5205 752 5279 licet
793 5206 1326 5304 conspiratione
1382 5208 1454 5280 in
1497 5231 1889 5304 personam
1936 5209 2049 5283 vel
2094 5214 2357 5283 statum
2404 5209 2665 5282 summi
2712 5209 3083 5284 Pontificis
3120 5217 3245 5284 aut
