3625 6059
618 531 725 584 sso
1536 524 1884 582 JOHANNIS
1937 521 2376 582 aunannm.
2463 585 2469 592 ,
2957 523 3118 586 [som
3147 525 3300 586 1499}

618 681 765 772 lam
810 677 1315 768 intimationis‚
1379 701 1598 774 quam
1654 676 2069 751 cursoribus
2127 676 2328 768 dedi,
2386 677 2654 752 tenoris
2713 677 3278 774 subsequentis:

718 807 817 878 Ex
864 809 1065 899 parte
1108 802 1294 875 Rmi.
1344 808 1428 877 D.
1485 801 1870 876 cardinalis
1914 801 2375 876 Alexandrini
2423 808 2495 875 et
2538 803 2906 892 SenensiS,
2952 809 3028 876 et
3067 807 3152 876 R.
3205 808 3292 877 P.

618 927 952 1001 Gulielmi
992 927 1080 1000 de
1113 928 1483 1018 PerreriiS,
1520 927 1866 1001 auditoris
1908 934 2088 1017 rote,
2125 934 2599 1000 executorum
2638 928 3056 1001 testamenti
3091 927 3292 1000 bone

618 1055 969 1126 memorie
1030 1052 1413 1126 cardinalis
1474 1077 1533 1126 s,
1593 1053 1914 1150 Dionysii
1976 1053 2348 1127 intimetur
2405 1051 2705 1147 singulis
2767 1050 3058 1124 RRmis,
3119 1053 3280 1124 DD.

611 1177 1097 1252 cardinalibus
1146 1185 1216 1252 et
1267 1178 1613 1273 magistro
1661 1179 1921 1251 domus
1966 1180 2091 1252 SS.
2139 1182 2225 1252 D.
2259 1181 2344 1250 N.
2392 1199 2604 1274 pape,
2641 1182 2712 1250 et
2749 1175 3164 1250 oratoribus
3205 1186 3285 1250 et

613 1302 907 1400 prelatis
945 1302 1019 1374 in
1060 1323 1360 1376 romana
1388 1301 1587 1374 curia
1629 1301 2128 1391 existentibus„
2163 1302 2358 1398 quod
2393 1303 2510 1376 die
2545 1303 2884 1394 crastina,
2925 1310 2963 1376 7
2999 1305 3282 1376 mensis

614 1428 931 1524 augusti,
972 1427 1164 1500 bono
1215 1449 1426 1499 mane
1473 1425 1751 1500 dicetur
1798 1425 2124 1500 officium
2173 1436 2630 1502 mortuorum
2673 1429 2748 1500 in
2797 1427 3016 1502 domo
3067 1427 3286 1501 solite

616 1552 1003 1627 residentie
1036 1551 1206 1624 dicti
1253 1550 1635 1655 cardinalis
1675 1551 2032 1643 defuncti3
2069 1551 2331 1626 deinde
2371 1553 2566 1628 circa
2600 1554 2860 1628 boram
2893 1577 2996 1626 xu
3024 1561 3288 1652 porta—

614 1677 806 1751 bitur
851 1676 943 1750 ad
988 1675 1343 1774 capellam
1392 1701 1451 1749 s.
1492 1676 1878 1750 petronille
1925 1677 2218 1751 basilice
2265 1701 2323 1750 s.
2372 1679 2563 1754 Petri
2606 1703 2696 1752 ex
2741 1680 2959 1761 Urbe,
3003 1678 3284 1754 ibidem

614 1801 1109 1899 sepeliendus;
1147 1801 1520 1874 intimetur
1548 1802 1764 1875 etiam
1796 1800 1992 1876 clero
2025 1801 2319 1876 basilice
2350 1802 2672 1900 predicte
2706 1812 2776 1877 et
2805 1803 3288 1902 infrascriptis

616 1929 1089 2002 conventibus
1118 1934 1474 2025 quatenus
1507 1926 1765 2000 eadem
1800 1925 1917 2000 die
1967 1926 2305 2018 crastina,
2336 1926 2518 2000 hora
2546 1952 2652 2000 xn
2683 1928 2794 2003 vel
2829 1935 3024 2020 ante,
3061 1929 3289 2002 velint

617 2053 880 2127 esseio
914 2051 1130 2125 domo
1164 2052 1332 2126 dicti
1367 2051 1746 2126 cardinalis
1778 2050 2120 2143 defuncti,
2157 2051 2419 2126 deinde
2459 2052 2654 2128 circa
2681 2054 2942 2128 boram
2972 2079 3079 2128 xu
3109 2079 3288 2152 por-

616 2177 880 2251 tabitur
909 2177 999 2252 ad
1042 2177 1391 2276 capellam
1433 2203 1493 2251 s.
1532 2179 1919 2253 Petroniue
1956 2178 2254 2254 basilice
2287 2204 2349 2252 s.
2384 2181 2574 2254 Petri
2617 2204 2707 2255 ex
2747 2180 2966 2272 Urbe,
3006 2182 3288 2257 ibidem

620 2302 1104 2399 sepeliendus.
1140 2305 1518 2377 lntimetur
1548 2303 1767 2378 etiam
1798 2303 1996 2378 clero
2028 2304 2320 2378 basilice
2348 2305 2674 2403 predicte
2706 2314 2779 2380 et
2810 2306 3292 2404 infrascriptis

620 2429 1088 2502 conventibus
1125 2436 1482 2524 quatenus
1514 2428 1771 2503 eadem
1802 2430 1918 2502 die
1951 2431 2290 2522 crastina,
2324 2432 2511 2506 hora
2549 2456 2654 2506 ΧΠ
2695 2432 2803 2506 vel
2837 2438 3034 2523 ante,
3069 2432 3292 2506 velint

622 2575 785 2626 esse
814 2552 887 2624 in
920 2553 1137 2627 domo
1170 2553 1339 2628 dicti
1377 2553 1762 2627 cardinalis
1802 2554 2150 2646 defuncti,
2188 2556 2280 2630 ad
2313 2555 2803 2633 decantandas
2835 2557 3108 2632 ibidem
3133 2581 3296 2632 ves-

624 2698 833 2773 peras
875 2685 945 2751 et
990 2677 1263 2774 vigilias
1308 2678 1529 2752 officii
1578 2678 2109 2771 detunctorum,
2157 2681 2418 2756 deinde
2469 2683 2978 2758 associandum
3027 2706 3296 2780 corpus

627 2801 974 2893 defuncti,
1007 2825 1209 2876 more
1242 2803 1477 2879 solito,

604 2973 609 2978 -
722 2927 928 3002 Clero
958 2927 1256 3003 basilice
1289 2953 1348 3002 s,
1386 2933 1609 3020 Petri,

722 3053 927 3132 Glero
961 3059 1355 3128 conventus
1387 3056 1733 3148 Minerve,

725 3180 932 3253 Clero
964 3188 1360 3254 conventus
1391 3182 1701 3272 Araceli,

722 3303 933 3378 Clero
965 3311 1361 3379 conventus
1390 3329 1448 3379 s,
1478 3307 1892 3403 Augustini,

720 3428 929 3502 Clero
961 3437 1357 3502 conventus
1390 3455 1449 3504 s,
1476 3433 1701 3504 Marie
1733 3431 1824 3506 de
1856 3431 2162 3529 Popu10‚

723 3552 927 3626 Glero
960 3560 1356 3627 conventus
1384 3556 1962 3649 carmelitarum,

722 3678 929 3752 Clero
961 3686 1356 3754 conventus
1388 3705 1447 3753 s,
1484 3679 1829 3754 Marcelli.

598 3847 603 3854 -
724 3802 991 3878 Eadem
1017 3803 1162 3893 die,
1200 3805 1563 3894 mercurii,
1594 3811 1631 3877 7
1666 3807 1982 3900 augusti,
2010 3806 2357 3882 ordinatis
2389 3809 2722 3884 omnibus
2755 3811 2827 3883 in
2859 3811 3096 3908 prima
3127 3811 3288 3886 aula

622 3927 880 4021 domus
922 3928 1243 4026 predicte
1276 3937 1349 4003 et
1379 3930 1722 4005 defuncto
1770 3955 1989 4029 super
2023 3931 2295 4009 lectum
2330 3935 2590 4032 posito,
2627 3941 2697 4008 et
2731 3937 2938 4035 juxta
2977 3961 3148 4012 eum
3177 3939 3286 4012 in-

624 4053 912 4128 tortitiis
969 4079 1165 4146 xxiv,
1219 4055 1588 4153 inceptum
1646 4057 1775 4130 fuit
1830 4057 2152 4132 officium
2210 4059 2285 4131 in
2333 4059 2591 4134 eadem
2641 4061 2806 4135 aula
2857 4085 2990 4158 per
3033 4063 3282 4138 fratres

622 4201 681 4248 s,
718 4177 1096 4272 Augustini
1147 4180 1268 4275 qui
1316 4181 1448 4254 soli
1492 4190 1840 4256 venerant
1886 4188 1958 4257 et
1998 4183 2334 4258 dixerunt
2371 4208 2710 4282 vesperas
2742 4193 2814 4260 et
2855 4188 3175 4285 primum
3215 4197 3278 4262 et

624 4299 1021 4372 secundum
1056 4310 1519 4378 nocturnum.
1558 4304 1896 4379 Distribui
1925 4305 2017 4380 ad
2046 4308 2367 4404 singulos
2393 4317 2538 4382 tres
2569 4310 2906 4386 candelas
2937 4336 3075 4410 pro
3106 4337 3280 4410 quo-

618 4421 795 4497 libet
826 4423 1069 4516 fratre,
1114 4435 1185 4501 et
1232 4431 1547 4526 vesperis
1592 4428 1921 4521 totidem,
1948 4438 2019 4505 et
2058 4431 2130 4504 in
2175 4431 2410 4529 primo
2440 4444 2827 4524 nocturno,
2866 4437 3172 4512 totidem
3209 4439 3276 4510 in

622 4548 967 4622 secundo.
1016 4553 1334 4626 Tertium
1377 4563 1809 4629 nocturnum
1852 4556 2184 4630 dixerunt
2227 4557 2483 4632 fratres
2517 4561 2796 4634 Araceli
2840 4569 2910 4636 et
2949 4562 3278 4637 carmeli-

620 4680 881 4762 tarum,
913 4673 1197 4750 Laudes
1230 4678 1486 4754 fratres
1520 4683 1834 4754 Minerve
1877 4688 1949 4754 et
1979 4706 2037 4754 s.
2075 4683 2420 4774 Marcelli,
2460 4684 2717 4781 quibus
2749 4687 3088 4760 omnibus
3120 4687 3276 4762 dedi

616 4795 981 4889 candela8‚
1027 4810 1103 4874 ut
1150 4803 1425 4900 primis,
1476 4805 1724 4878 Finitis
1770 4806 2130 4898 laudibuS,
2183 4807 2594 4882 beneficiati
2637 4810 2934 4886 basilice
2982 4838 3044 4886 s,
3092 4815 3276 4888 Petri

614 4930 1075 5019 portaverunt
1104 4926 1526 5002 defunctum
1558 4928 1647 5004 de
1679 4930 1845 5003 aula
1873 4931 1963 5003 ad
1993 4932 2420 5005 catalectum
2459 4933 2761 5008 inferius
2806 4934 2879 5008 in
2920 4938 3123 5011 curia
3155 4961 3274 5010 sua

613 5055 971 5141 paratum,
1004 5058 1076 5123 et
1102 5049 1269 5123 inde
1297 5076 1519 5149 usque
1548 5052 1640 5128 ad
1666 5052 2036 5127 basilicam
2057 5055 2459 5152 predictam
2492 5064 2562 5132 et
2591 5059 3002 5156 depositum
3031 5086 3270 5136 suum.

616 5171 985 5247 Petierunt
1014 5181 1424 5276 propterea,
1460 5201 1588 5280 pro
1632 5201 1885 5255 eorum
1929 5181 2482 5271 consuetudine,
2521 5183 2772 5259 donari
2808 5184 2915 5260 eis
2949 5209 3083 5286 per
3111 5210 3270 5262 exe-
