3625 6059
733 550 800 607 18
1641 544 1997 601 JOHANNIS
2042 542 2488 611 BURCHARDI,
2907 542 3229 603 [Decembre
3257 543 3398 605 1⁴92]

728 700 962 774 fuerat
1003 697 1478 788 introductus,
1525 720 1615 771 ex
1657 719 1802 794 quo
1835 719 1981 771 non
2024 695 2285 795 potuit,
2317 701 2397 771 ut
2438 718 2567 794 par
2607 698 2792 786 erat,
2840 692 3143 790 singulis
3188 716 3397 769 more

731 824 942 899 solito
975 823 1206 921 gratia
1233 824 1518 898 redere.

827 948 1180 1025 Venimus
1232 954 1478 1023 autem
1535 946 1626 1021 de
1682 946 1953 1046 palatio
2010 946 2410 1043 apostolico
2464 944 2556 1019 ad
2600 944 2987 1042 Apostolos
3042 969 3176 1043 per
3214 946 3397 1019 viam

727 1098 914 1172 pape
963 1098 980 1147 ε
1029 1069 1236 1148 multi
1275 1073 1540 1147 salmas
1586 1071 2029 1163 deferenteS,
2076 1096 2222 1146 non
2269 1078 2624 1145 venerunt
2663 1070 2757 1144 ad
2802 1070 3153 1167 palatium
3180 1094 3399 1168 apos-

725 1198 1050 1290 tolicum,
1103 1198 1231 1273 sed
1277 1197 1388 1271 via
1441 1198 1771 1295 superius
1827 1197 2021 1271 dicta
2072 1220 2299 1294 usque
2349 1197 2440 1270 ad
2490 1202 2791 1293 pontem
2846 1194 3077 1269 sancti
3134 1196 3395 1293 Angeli

721 1324 906 1398 citra
934 1330 1177 1397 tamen
1215 1329 1287 1397 et
1325 1322 1596 1397 ibidem
1645 1324 1736 1397 ad
1774 1322 2105 1397 dextram
2134 1346 2387 1396 versus
2418 1320 2766 1418 palatium
2798 1319 3187 1393 cardinalis
3221 1323 3398 1395 Par-

721 1449 993 1524 mensis
1025 1472 1103 1523 se
1137 1456 1520 1539 vertente3‚
1557 1456 1756 1523 recta
1781 1448 1898 1523 via
1931 1447 2023 1522 ad
2050 1449 2437 1547 Apostolos
2470 1447 2938 1520 diverterunt.

820 1576 1030 1648 Feria
1060 1580 1341 1670 quarta,
1385 1579 1471 1646 12
1505 1572 1941 1663 decembriS,
1970 1573 2101 1647 fuit
2132 1573 2506 1672 publicum
2534 1570 3053 1645 consistorium
3083 1570 3159 1645 in
3188 1572 3399 1647 tertia

725 1698 892 1772 aula
932 1697 1179 1794 palatii
1210 1696 1590 1794 apostolici
1634 1696 1828 1794 apud
1870 1705 2202 1771 sanctum
2253 1702 2547 1771 Petrum
2588 1698 2663 1771 in
2704 1721 2847 1794 quo
2888 1705 3201 1793 quatuor
3238 1720 3401 1773 ora-

725 1830 922 1896 tores
979 1821 1537 1919 magnificorum
1588 1820 2065 1897 Dominorum
2119 1823 2499 1920 Augustini
2563 1822 2839 1896 Adurni
2888 1823 3398 1919 gubernatoris

729 1948 1162 2037 Genuensis‚
1199 1955 1272 2023 et
1301 1946 1576 2021 ducalis
1619 1947 2185 2022 locumtenentis
2228 1971 2312 2022 ac
2352 1948 2636 2023 consilii
2678 1945 3155 2022 ancianorum
3194 1972 3399 2023 com-

727 2074 968 2147 munis
995 2076 1273 2165 Genue,
1309 2071 1646 2147 videlicet
1677 2078 1762 2147 D.
1798 2073 2113 2148 Jacobus
2158 2072 2457 2171 Spinola
2485 2073 2861 2169 utriusque
2883 2073 3069 2169 juris
3114 2073 3393 2163 doctor,

724 2196 1094 2273 Iohannes
1140 2199 1466 2298 Baptista
1505 2197 1874 2291 Adamas,
1912 2198 2177 2274 Paulus
2217 2197 2307 2272 de
2351 2198 2590 2272 Fliscb
2636 2206 2713 2275 et
2758 2199 3099 2275 Silvester
3139 2203 3403 2273 Inurea

724 2321 916 2398 cives
962 2326 1414 2414 GenuenseS‚
1461 2324 1759 2399 nomine
1802 2324 2313 2421 gubernatoris
2363 2324 2931 2400 locumtenentis
2986 2331 3060 2397 et
3111 2325 3397 2399 consilii

722 2447 1243 2545 predictorum,
1277 2450 1747 2547 prestiterunt
1777 2449 2267 2525 obedientiam
2298 2448 2617 2523 debitam
2664 2457 2738 2524 et
2778 2451 3143 2525 devotam.
3177 2450 3399 2523 Asso-

725 2571 892 2646 ciati
923 2574 1220 2649 fuerunt
1243 2598 1288 2647 a
1310 2575 1628 2673 quinque
1656 2575 1955 2673 prelatis
1987 2575 2523 2665 assistentibus,
2556 2575 2897 2650 videlicet
2931 2579 3083 2648 DD.
3118 2575 3399 2651 archie-

725 2695 1043 2795 piscopis
1092 2699 1486 2774 Cusentino
1539 2708 1612 2775 et
1666 2702 2173 2793 Tricaricensi‚
2236 2701 2659 2791 Dolenensi,
2710 2700 3265 2777 Vulterranensi
3314 2724 3399 2775 ac

725 2823 1212 2897 Alexandrino
1239 2825 1629 2923 episcopie.
1661 2828 2038 2924 Proposito
2061 2827 2351 2901 fuerunt
2372 2826 2511 2901 due
2534 2826 3093 2900 commissiones
3124 2824 3401 2921 :prima

718 2971 852 3046 per
881 2953 969 3022 D.
1003 2949 1416 3023 Johannem
1462 2952 1860 3050 Baptistam
1892 2952 1983 3027 de
2028 2955 2101 3026 S.
2152 2952 2524 3043 SeverinO,
2572 2951 2892 3027 secunda
2930 2974 3063 3048 per
3104 2955 3193 3023 D.
3228 2955 3398 3023 Jus-

722 3072 954 3149 tinum
1021 3075 1490 3151 Valentinum
1537 3076 1967 3151 advocatum
2012 3076 2196 3167 fisci,
2252 3082 2507 3151 contra
2555 3077 2875 3173 prelatos
2922 3074 3387 3172 negligentes

719 3196 965 3271 literas
1010 3204 1084 3271 et
1129 3199 1472 3275 mandata
1513 3202 1936 3299 apostolica.
1986 3202 2409 3276 Orationem
2446 3201 2621 3275 fecit
2661 3200 2937 3297 primus
2982 3206 3385 3285 oratorum,

719 3319 1048 3394 videlicet
1090 3325 1176 3395 D.
1217 3323 1533 3398 Jacobus
1566 3327 1888 3423 Spinola,
1926 3336 1999 3401 et
2040 3326 2579 3424 elegantissime
2623 3325 2753 3425 (1);
2795 3325 2945 3421 qui,
2996 3331 3071 3397 et
3106 3324 3397 3399 consis-

723 3444 912 3519 torio
941 3445 1174 3537 finite,
1211 3446 1534 3523 fimbrias
1565 3454 2007 3549 posteriores
2038 3450 2367 3548 pluvialis
2388 3474 2573 3549 pape
2595 3474 2799 3526 more
2822 3451 3032 3525 solito
3054 3450 3391 3548 portavit.

823 3572 1035 3647 Feria
1065 3580 1298 3662 sexta,
1350 3579 1436 3646 14
1478 3575 1649 3649 dicti
1685 3578 1959 3650 mensis
1996 3575 2429 3664 decembris,
2470 3576 2601 3650 t'uit
2630 3575 3003 3673 publicum
3040 3576 3401 3649 consisto·-

727 3695 914 3769 rium
962 3696 1035 3768 in
1083 3686 1362 3793 capella
1409 3702 1716 3797 majore,
1767 3702 2099 3776 videlicet
2144 3699 2309 3775 aula
2353 3700 2597 3798 palatii
2650 3700 3066 3798 supradicti,
3124 3699 3197 3771 in
3250 3721 3398 3795 quo

727 3824 811 3893 R.
847 3820 920 3891 in
953 3819 1240 3903 Christo
1275 3825 1354 3895 P.
1393 3827 1480 3896 D.
1515 3826 1885 3899 Johannes
1924 3827 2311 3925 episcopus
2344 3828 2859 3901 Dunelmensis
2904 3833 2975 3900 et
3004 3830 3092 3900 D.
3134 3824 3403 3899 lohan-

725 3970 862 4023 nes
885 3946 1112 4021 Gilius
1143 3946 1234 4021 de
1273 3950 1469 4023 Luca
1498 3956 1825 4024 oratores
1856 3952 2303 4025 serenissimi
2338 3951 2657 4043 Raurici,
2694 3951 2955 4048 Anglie
2992 3958 3066 4025 et
3094 3950 3401 4024 Francie

728 4073 922 4169 regis
964 4073 1040 4144 in
1085 4073 1275 4146 Urbe
1319 4073 1472 4168 jam
1517 4073 1638 4147 diu
1681 4100 1725 4149 a
1776 4083 2103 4175 tempore
2148 4076 2379 4151 felicis
2424 4076 2950 4151 recordationis
2991 4074 3401 4150 Innocentii

726 4221 912 4296 pape
953 4201 1108 4273 VIII
1143 4199 1549 4289 constituti,
1575 4201 1696 4296 qui
1733 4201 1985 4275 literas
2018 4202 2153 4279 sub
2183 4201 2350 4276 data
2378 4207 2421 4275 6
2454 4202 2727 4275 mensis
2764 4198 3199 4298 septembris
3228 4222 3402 4296 pro-

727 4322 922 4396 xime
961 4322 1286 4418 preteriti
1332 4347 1376 4396 a
1417 4324 1698 4420 prefato
1745 4348 1917 4423 rege
1963 4334 2394 4424 receperunt
2427 4350 2646 4424 super
2676 4324 3097 4399 obedientia
3130 4326 3257 4399 SS.
3308 4328 3396 4396 D.

729 4452 816 4523 N.
860 4450 1278 4548 prestanda,
1321 4448 1618 4522 nomine
1661 4450 2013 4547 ejusdem·
2049 4451 2243 4549 regis
2284 4450 2777 4526 obedientiam
2827 4449 3147 4525 debitam
3194 4470 3405 4545 pres-

731 4576 1058 4651 titerunt.
1097 4572 1734 4651 Orationem-fecit
1765 4576 2085 4672 prefatus
2118 4578 2205 4649 D.
2254 4577 2641 4674 episcopus
2684 4575 2873 4650 bene
2918 4581 2993 4649 et
3030 4573 3406 4670 eleganter

735 4704 1239 4800 compositam,
1285 4704 1414 4780 sed
1457 4708 1754 4801 propter
1799 4700 2291 4797 inexpeditam
2338 4700 2826 4798 expressivam
2871 4698 3229 4797 ejusdem,
3276 4721 3407 4769 au-

736 4825 1102 4902 dientibus
1147 4831 1386 4903 minus
1435 4836 1738 4927 gratam.
1803 4826 2160 4900 Associati
2216 4825 2507 4900 fuerunt
2559 4825 2697 4922 ipsi
2744 4824 2889 4897 duo
2934 4829 3265 4897 oratores
3314 4844 3409 4894 ex

735 4975 1029 5026 camera
1077 4954 1499 5051 apostolica,
1559 4953 1680 5026 ubi
1737 4952 1997 5026 notarii
2046 4952 2327 5039 sedent,
2386 4950 2477 5024 ad
2539 4950 2779 5026 aulam
2830 4946 3233 5045 predictam
3272 4969 3409 5041 per

811 5225 862 5281 1.
903 5222 979 5281 Ce
1009 5222 1260 5282 discours
1293 5241 1354 5281 se
1381 5230 1571 5281 trouve
1597 5224 1737 5281 dans
1769 5225 1970 5298 Lunig,
2004 5224 2155 5281 Orat.
2184 5225 2399 5281 Proser.
2431 5224 2679 5295 Europae,
2710 5228 2839 5292 etc„
2870 5226 2911 5279 t.
2946 5220 2988 5289 1,
3020 5236 3077 5294 p.
3116 5220 3237 5277 140.
