3625 6059
721 561 829 622 100
1636 553 1984 618 ,IOHANNIS
2035 553 2480 632 BURCHARDI,
3053 557 3211 624 [Mars
3239 563 3365 628 149⁴}

696 716 1137 792 celebrante
1190 738 1355 791 cum
1407 713 1690 788 duobus
1750 715 2227 804 candelabris,
2287 715 2510 790 calice
2567 738 2734 789 cum
2791 713 3070 790 duabus
3125 716 3364 794 hostiis

722 845 1005 940 magnis
1061 850 1134 914 et
1185 841 1466 915 duabus
1514 839 1786 939 parviS,
1841 839 1985 913 duo
2039 839 2299 913 bacilia
2353 862 2522 913 cum
2571 845 2884 935 quatuor
2943 841 3365 934 mantilibus,

724 969 981 1060 claveS,
1037 968 1226 1042 liber
1272 967 1696 1057 lectionum,
1753 965 1940 1039 liber
1988 965 2592 1056 exorcismorum,
2651 964 3166 1040 candelabrum
3223 991 3368 1042 cum

724 1093 1025 1168 candela
1068 1095 1407 1182 extincta,
1452 1092 1771 1189 ampulla
1810 1115 2057 1181 vacua,
2109 1090 2294 1164 calix
2327 1113 2594 1166 vacuus
2624 1113 2790 1164 cum
2825 1098 3090 1188 patena
3119 1094 3366 1190 absque

725 1219 934 1309 ostia,
971 1219 1285 1316 ampulle
1318 1242 1484 1293 cum
1514 1217 1677 1290 vino
1708 1221 1780 1289 et
1809 1239 2022 1311 aqua,
2050 1215 2235 1290 liber
2265 1217 2733 1313 epistolarum
2763 1221 2838 1289 et
2865 1217 3053 1292 liber
3081 1241 3369 1316 evange·
3404 1249 3412 1254 ·

721 1343 1013 1434 liorum,
1040 1343 1413 1419 credentia
1433 1366 1561 1440 pro
1585 1341 1950 1415 cardinale
1975 1339 2405 1431 ordinandO,
2433 1341 2700 1416 tobalia
2725 1343 3023 1433 munda,
3052 1353 3369 1440 cooperta

724 1471 814 1544 de
851 1475 1089 1567 tapete
1123 1492 1255 1567 pro
1302 1469 1619 1544 scabello
1662 1467 2077 1560 cardinalis,
2125 1469 2499 1543 cussinum
2539 1492 2886 1566 magnum
2919 1491 3048 1566 pro
3081 1475 3372 1565 proster-

727 1595 1013 1669 natione
1065 1594 1157 1668 ad
1208 1594 1582 1686 letaniam,
1633 1595 2066 1692 manipuluS,
2125 1593 2489 1683 tunicella,
2546 1595 2756 1683 stola,
2815 1592 3202 1667 dalmatica
3247 1593 3370 1666 albi

728 1717 993 1792 coloris
1038 1726 1109 1790 et
1154 1718 1371 1792 mitra
1414 1718 1744 1815 simplex,
1814 1718 2046 1791 bacile
2096 1741 2264 1791 cum
2309 1717 2547 1790 bucali
2597 1724 2668 1790 et
2721 1718 3205 1814 manutergia,
3254 1717 3374 1792 duo

729 1843 991 1915 bacilia
1034 1866 1202 1915 cum
1249 1842 1441 1932 vin0,
1490 1844 1634 1916 duo
1679 1845 1923 1940 magni
1965 1867 2216 1940 paneS,
2279 1843 2422 1916 duo
2472 1841 2836 1917 intorticia
2883 1842 3073 1934 alba,
3109 1849 3268 1916 octo
3297 1842 3378 1915 fa-

730 1968 891 2040 cule
938 1967 1098 2040 albe
1143 1969 1355 2040 unius
1398 1968 1579 2043 libre
1622 1969 1970 2065 quelibet,
2020 1993 2164 2042 una
2208 1992 2443 2043 canna
2481 1968 2762 2042 cortine
2807 1967 3090 2042 subtilis
3135 1991 3223 2042 ex
3259 1991 3378 2063 qua

732 2091 976 2165 media
1004 2093 1144 2166 feci
1178 2092 1353 2167 duas
1385 2093 1759 2195 mappulas
1792 2116 1924 2190 pro
1957 2093 2261 2190 panibus
2293 2092 2384 2166 ad
2413 2093 2862 2166 offertorium
2896 2092 3377 2189 cooperiendis

732 2225 803 2291 et
854 2217 946 2290 ad
990 2219 1203 2292 aliam
1248 2220 1563 2292 mediam
1608 2228 1986 2316 extergere
2036 2242 2292 2291 manus
2340 2216 2721 2290 ordinandi
2763 2201 3154 2314 antequam
3193 2242 3377 2315 para-

731 2349 981 2417 menta
1010 2345 1399 2441 acciperet,
1436 2345 1735 2419 baculus
1761 2344 2140 2442 pastoralis
2182 2343 2258 2415 in
2299 2366 2443 2416 uno
2485 2342 2800 2416 scabello
2831 2367 3061 2440 prope
3098 2343 3375 2418 creden-

730 2466 907 2541 tiam
940 2467 1439 2541 ordinandam.
1476 2473 1733 2542 Parata
1762 2467 2052 2542 fuerunt
2085 2467 2416 2557 amictus,
2453 2467 2617 2540 alba
2639 2474 2712 2541 et
2741 2467 3144 2564 cingulum,
3177 2469 3380 2542 mani-

734 2594 976 2689 pulus,
1030 2594 1397 2682 tunicella,
1450 2593 1636 2668 stola
1689 2601 1761 2668 et
1810 2593 2198 2666 dalmatica
2247 2616 2376 2689 pro
2417 2593 2920 2689 protonotario
2972 2593 3375 2667 ordinando.

734 2722 1126 2816 Postquam
1168 2743 1425 2793 omnes
1470 2725 1961 2792 convenerunt
2001 2719 2073 2791 in
2113 2718 2394 2815 capella
2432 2719 2708 2816 majore
2751 2716 2994 2815 palatii
3025 2719 3378 2817 apostolici

734 2841 927 2940 apud
958 2850 1289 2919 sanctum
1334 2849 1653 2934 Petrum,
1691 2845 1762 2916 in
1795 2867 1937 2940 qua
1967 2844 2324 2916 ordinatio
2356 2842 2774 2941 hujusmodi
2815 2843 3006 2917 facta
3035 2853 3176 2936 est,
3211 2845 3381 2918 cele-

732 2968 1069 3044 braturus
1127 2971 1407 3068 accepit
1468 2971 1713 3043 omnia
1764 2975 2186 3066 paramenta
2242 2967 2711 3066 pontificalia,
2771 2969 3160 3054 cardinalis
3216 2967 3382 3040 ordi-

733 3094 1013 3167 nandus
1061 3097 1272 3194 juxta
1317 3095 1709 3170 scabellum
1768 3119 2009 3183 suum,
2073 3095 2442 3185 amictum,
2503 3093 2742 3168 albam
2795 3102 2868 3167 et
2915 3093 3284 3190 cingulum
3325 3098 3380 3164 et

733 3217 1021 3292 mitram
1058 3220 1487 3318 simplicem,
1526 3227 1599 3294 et
1635 3220 1818 3292 sedit
1859 3220 1986 3308 ita,
2025 3227 2096 3292 ut
2131 3219 2391 3292 faciem
2425 3217 2819 3292 celebranti
2852 3225 3193 3293 verteret.
3231 3223 3382 3291 Pro-

736 3345 1138 3416 tonotarius
1188 3345 1395 3441 juxta
1440 3345 1886 3420 credentiam
1946 3345 2165 3418 etiam
2213 3344 2586 3434 amictum,
2635 3343 2992 3418 albam'et
3035 3344 3380 3441 cingulum

736 3466 1036 3564 recepit,
1070 3467 1237 3541 lotis
1266 3469 1463 3565 prius
1493 3493 1626 3566 per
1653 3468 1907 3543 ambos
1939 3469 2301 3543 manibus,

833 3590 1183 3664 Omnibus
1232 3591 1524 3686 paratiS,
1570 3590 1950 3666 celebrans
1999 3593 2305 3667 accessit
2343 3593 2436 3666 ad
2480 3593 2732 3684 altare,
2787 3594 2959 3668 fecit
3005 3595 3383 3670 confessio-

695 3775 701 3780 .
736 3737 931 3804 nem,
969 3719 1042 3788 et
1082 3738 1249 3789 cum
1291 3739 1378 3789 eo
1415 3717 1795 3790 cardinalis
1836 3715 2279 3790 ordinandus
2317 3717 2411 3790 ad
2448 3719 2607 3815 ejus
2655 3717 3018 3793 sinistram
3073 3729 3294 3809 stans,
3325 3727 3383 3791 et

688 3871 693 3874 ·
732 3841 1269 3938 protonotarius
1306 3841 1396 3915 ad
1441 3841 1803 3914 sinistram
1850 3841 2232 3914 cardinalis
2278 3842 2657 3916 ordinandi
2691 3844 3151 3940 genuflexus,
3190 3843 3380 3919 etiam

696 3993 699 3998 ·
733 3985 899 4039 cum
940 3966 1044 4040 eis
1095 3967 1266 4041 fecit
1309 3965 1893 4057 confessionem3
1945 3991 2090 4063 qua
2135 3966 2348 4058 facta,
2385 3968 2770 4043 cardinalis
2802 3971 3201 4067 genuflexit
3239 3975 3382 4043 ante

732 4091 1131 4166 scabellum
1164 4117 1373 4166 suum
1404 4098 1832 4190 coopertum
1866 4097 2104 4189 tapete
2136 4093 2210 4166 in
2242 4093 2457 4190 plano
2493 4093 2927 4194 presbyterii
2955 4095 3026 4168 in
3061 4115 3381 4194 supremo

730 4216 955 4313 gradu
1002 4226 1169 4293 ante
1210 4219 1528 4293 medium
1573 4217 1799 4292 altare
1848 4217 2188 4313 positum,
2236 4226 2308 4292 et
2349 4220 2806 4316 pronotarius
2855 4227 3022 4295 ante
3072 4221 3379 4294 infimum

694 4341 1034 4438 -gradum
1066 4342 1495 4441 presbyterii
1536 4341 1960 4439 genuflexit.
1999 4342 2388 4416 Celebrans
2433 4345 2618 4420 sedit
2658 4346 2731 4418 in
2778 4344 2972 4419 dicto
3003 4343 3382 4419 faldistorio

708 4465 821 4541 in.
850 4467 1093 4542 medio
1138 4467 1382 4540 altaris
1429 4490 1595 4539 cum
1634 4467 1850 4538 mitra
1893 4474 1965 4540 et
2005 4467 2180 4540 dixit
2225 4471 2724 4565 protonotario
2773 4495 2789 4543 :
2835 4470 2974 4565 filii
3017 4473 3377 4556 carissime,

726 4591 1055 4689 officium
1096 4592 1366 4665 ostiarii
1407 4604 1571 4681 ete„
1617 4590 1880 4665 deinde
1925 4591 2122 4665 dedit
2163 4593 2398 4668 claves
2439 4595 2673 4692 primo
2723 4587 3098 4686 cardinali,
3141 4593 3380 4670 deinde

730 4717 1227 4810 protonotario
1267 4726 1337 4792 et
1379 4717 1520 4791 alia
1550 4717 1791 4790 omnia
1824 4724 2040 4814 prout
2063 4718 2139 4791 in
2166 4719 2566 4817 pontificali
2597 4745 2613 4810 ;
2653 4720 3052 4812 orationeS,
3087 4720 3380 4793 instruc-

727 4837 963 4914 tiones
991 4848 1061 4915 et
1092 4843 1585 4918 ordinationes
1630 4813 2356 4936 seu⁹admonitiones,
2404 4847 2599 4941 quod
2631 4842 3074 4919 ordinandas
3113 4845 3282 4918 dixit
3316 4843 3378 4915 in

718 4963 1058 5060 singulari
1098 4969 1593 5062 protonotario
1630 4973 1934 5060 tantum,
1961 4970 2304 5066 quoniam
2337 4969 2722 5044 cardinalis
2758 4976 3127 5066 tamquam
3151 4994 3193 5045 a
3216 4993 3376 5068 pon-

714 5087 908 5163 tifice
939 5090 1331 5165 instructus
1372 5099 1443 5166 et
1477 5092 1913 5184 admonitus,
1940 5116 2072 5189 per
2109 5093 2567 5170 ordinantem
2605 5119 2754 5169 non
2796 5094 2988 5168 venit
3020 5094 3373 5170 instruen-

700 5215 847 5288 .dus
878 5217 991 5290 vel
1038 5217 1471 5291 monendus
