3625 6059
707 503 809 559 158
1610 499 1962 558 JOHANNIS
2013 499 2455 570 BURCHARDI,
3067 501 3195 565 μω
3233 505 3363 564 nen

802 661 1021 734 Facta
1072 656 1617 732 consecratione
1670 655 1890 752 regia,
1947 655 2120 729 dum
2174 655 2456 751 legatus
2509 653 3048 729 confessionem
3103 655 3366 730 faceret

703 806 868 857 cum
896 783 1044 857 suis
1083 781 1459 874 ministris,
1504 779 1838 854 videlicet
1881 780 2188 855 diacono
2219 785 2294 854 et
2333 778 2804 871 subdiacone,
2849 804 2980 855 rex
3018 780 3094 854 in
3135 781 3366 854 faldis-

702 909 886 984 torio
924 930 1053 982 suo
1084 931 1253 982 cum
1284 906 1600 982 scabello
1630 930 1882 980 versus
1912 905 2003 979 ad
2033 928 2262 980 cornu
2289 905 2670 1004 evangelii,
2711 906 3170 1003 genuflexus,
3207 906 3364 980 fecit

700 1034 1238 1109 confessionem
1281 1055 1447 1107 cum
1492 1033 1641 1107 suis
1685 1031 1968 1106 duobus
1999 1031 2392 1130 capellanis
2433 1029 2828 1128 majoribus
2861 1031 3198 1128 superius
3239 1053 3362 1104 no-

696 1161 982 1235 minatis
1022 1167 1095 1236 et
1132 1160 1399 1235 mansit
1441 1160 1709 1234 ibidem
1752 1159 2178 1258 genuflexus
2219 1181 2598 1254 quousque
2635 1157 2944 1254 legatus,
2991 1155 3361 1230 incensato

693 1285 925 1377 altari,
970 1285 1162 1382 apud
1200 1284 1701 1376 faldistorium,
1764 1279 2136 1359 introitum
2177 1288 2249 1357 et
2289 1282 2668 1380 epistolam
2713 1281 3012 1378 legisset
3053 1287 3128 1356 et
3167 1280 3362 1356 sede-

692 1416 838 1501 ret,
874 1409 1071 1506 quod
1098 1408 1238 1484 feci
1269 1417 1349 1484 ut
1375 1430 1669 1506 possem
1701 1409 1856 1506 regi
1885 1408 2184 1483 liberius
2225 1408 2519 1484 servire.

790 1539 939 1610 Rex
969 1542 1166 1625 tunc,
1198 1534 1407 1608 factis
1436 1532 1885 1624 reverentiis,
1914 1533 2200 1608 intravit
2225 1557 2432 1608 suam
2463 1532 2894 1624 sacristiam,
2925 1532 3051 1606 ubi
3080 1537 3169 1608 D.
3203 1537 3360 1610 Ber·

689 1661 1030 1735 nardinus
1079 1657 1437 1734 Gambara
1483 1658 1970 1734 subdiaconus
2015 1659 2456 1757 apostolicus
2513 1659 2811 1735 extersit
2845 1659 2919 1732 in
2961 1659 3264 1735 brachio
3293 1669 3358 1733 et

688 1785 1013 1886 spatuliS,
1050 1783 1381 1883 deposita
1408 1783 1603 1882 prius
1630 1789 1826 1858 veste
1854 1784 2098 1882 longa,
2131 1785 2474 1881 quoniam
2491 1785 2806 1883 legatus»,
2829 1784 3042 1859 dictis
3065 1785 3358 1860 introitu

690 1917 759 1985 et
782 1910 1019 2008 Kyrie
1064 1909 1345 2001 eleison,
1392 1909 1466 1983 in
1496 1908 1894 1985 faldistorio
1943 1909 2232 1999 sedenS,
2279 1916 2672 2006 antequam
2703 1934 2954 2008 regem
2995 1910 3071 1984 in
3111 1911 3358 1986 sacris-

691 2038 863 2113 tiam
901 2036 1273 2126 ducerem,
1300 2035 1477 2110 mihi
1509 2034 1787 2110 dixerat
1817 2034 1982 2125 (sibi
2011 2059 2100 2111 ex
2119 2044 2268 2137 me)
2292 2033 2611 2110 facerem
2633 2035 2818 2111 mitti
2839 2043 2913 2112 et
2931 2037 3191 2113 donari
3214 2045 3358 2113 tan-

688 2188 901 2263 quam
957 2163 1049 2239 ad
1098 2169 1683 2239 consecratorem
1734 2167 2185 2261 spectantem
2235 2185 2325 2237 ex
2379 2187 2548 2252 usu;
2599 2169 2672 2238 et
2723 2187 2852 2237 rex
2906 2162 3176 2239 deinde
3227 2165 3358 2238 alia

686 2297 881 2366 veste
912 2290 1001 2365 de
1034 2289 1367 2364 setonino
1408 2289 1616 2388 nigro
1659 2296 1771 2364 est
1810 2288 2132 2382 indutuS,
2167 2291 2562 2388 guarnacia
2597 2291 2687 2366 de
2721 2291 3056 2366 setonino
3087 2317 3356 2368 creme-

692 2413 849 2490 sino
878 2416 1099 2515 longa
1137 2439 1366 2514 usque
1407 2416 1495 2492 ad
1538 2421 1802 2490 terram
1849 2439 2016 2489 cum
2046 2415 2352 2490 manicis
2385 2415 2676 2507 strictiS,
2716 2417 2980 2493 deinde
3021 2419 3355 2495 sandaliis

694 2549 765 2615 et
806 2539 1055 2638 caligis
1098 2565 1317 2640 super
1355 2541 1621 2639 caligas
1662 2541 1906 2640 nigras
1952 2549 2023 2616 et
2062 2542 2222 2616 aliis
2261 2542 2627 2634 omnibus,
2672 2551 2881 2641 prout
2922 2545 3260 2642 superius
3288 2545 3352 2618 in

692 2668 1145 2743 ordinatione
1186 2669 1502 2768 positum
1536 2676 1647 2745 est
1682 2695 1698 2742 :
1736 2679 1809 2745 et
1839 2678 2123 2748 retento
2155 2671 2389 2746 bireto
2431 2671 2639 2768 nigro
2681 2695 2846 2744 cum
2876 2670 3348 2749 munimento,

688 2789 813 2866 ivit
852 2792 944 2867 ad
980 2793 1379 2870 thalamum
1434 2819 1449 2868 :
1503 2796 1677 2870 item
1735 2796 1913 2871 dixit
1959 2797 2227 2872 ibidem
2280 2797 2356 2871 in
2403 2796 2670 2872 sediale
2717 2797 3154 2894 genuflexus
3197 2820 3352 2870 cum

690 2916 839 2992 suis
870 2921 1263 3019 capellanis
1292 2921 1689 3018 majoribus
1718 2922 2129 3014 Introicum,
2169 2929 2240 2998 et
2270 2922 2411 2998 alia
2439 2945 2642 2996 more
2675 2921 2913 2998 solito.

791 3047 1084 3121 Interim
1127 3047 1412 3145 legatus
1457 3047 1631 3120 dixit
1685 3047 1858 3121 Pax
1901 3049 2112 3138 cebir,
2162 3047 2255 3122 ad
2297 3047 2522 3124 altare
2565 3071 2813 3123 versus
2861 3073 2996 3146 per
3036 3046 3356 3123 inadver-

692 3173 988 3247 tentiam
1021 3197 1227 3248 suam
1259 3181 1332 3248 et
1368 3174 1866 3248 ministrorum
1901 3196 2236 3264 suorum3
2273 3182 2346 3250 et
2375 3197 2504 3250 rex
2529 3198 2692 3248 cum
2721 3173 3132 3249 sacristiam
3171 3179 3353 3249 esset

690 3297 1042 3390 exiturus,
1102 3298 1193 3373 ad
1259 3299 1805 3397 persuasionem
1875 3306 2198 3374 nostram
2259 3300 2457 3376 misit
2512 3307 2790 3376 vestem
2863 3300 2951 3374 de
3012 3300 3352 3375 broccato

688 3423 1173 3521 supradictam
1216 3448 1345 3522 per
1392 3449 1615 3499 unum
1663 3448 1753 3500 ex
1797 3425 2029 3524 pagiis
2083 3426 2258 3517 suiS,
2310 3449 2440 3523 per
2483 3449 2598 3500 me
2641 3426 2882 3524 legato
2935 3431 3356 3524 presenten-

687 3550 881 3641 dam,
919 3550 1038 3646 qui
1070 3573 1231 3624 eam
1261 3557 1466 3647 grato
1505 3551 1748 3625 animo
1776 3552 2120 3648 suscepit.
2158 3550 2481 3626 Debebat
2524 3558 2768 3625 autem
2793 3557 3074 3624 vestem
3109 3550 3356 3648 hujus-

685 3675 880 3750 modi
922 3683 992 3750 et
1026 3674 1239 3750 aliam
1274 3700 1568 3774 parvam
1603 3674 1693 3751 de
1726 3675 2062 3751 setonino
2094 3676 2316 3774 nigro·
2335 3699 2468 3775 per
2497 3699 2746 3774 regem
2776 3675 3153 3750 dimissam
3181 3675 3352 3750 mihi

682 3808 979 3881 donare.
1018 3806 1161 3878 Sex
1196 3828 1285 3878 ex
1312 3803 1749 3879 verecundia
1770 3827 1908 3900 ego
1939 3826 2229 3901 parvam
2257 3826 2404 3876 non
2434 3801 2609 3901 petii
2633 3802 2764 3875 sed
2783 3800 3116 3899 petitioni
3139 3799 3354 3900 legati

680 3955 1051 4030 opponere
1080 3930 1298 4007 volui.
1345 3929 1536 4004 Dixit
1570 3930 1789 4004 etiam
1833 3931 2013 4005 mihi
2042 3929 2328 4028 legatus
2369 3929 2564 4026 quod
2602 3925 2915 4002 biretum
2956 3927 3152 4025 regis
3193 3951 3355 4003 cum

679 4055 799 4132 illo
830 4055 1082 4132 monili
1114 4057 1249 4133 sibi
1278 4055 1597 4132 facerem
1626 4055 2030 4154 presentari
2062 4063 2403 4152 tanquam
2433 4054 2569 4129 sibi
2602 4054 2952 4129 debitum.
2990 4053 3356 4152 Respondi

678 4179 857 4255 mihi
885 4184 1394 4258 verecundiam
1419 4183 1639 4257 videri
1666 4181 2084 4281 hujusmodi
2105 4187 2388 4281 petere;
2421 4188 2666 4256 tamen
2693 4179 2750 4253 si
2785 4179 2878 4254 ad
2900 4179 3354 4278 propositum

678 4305 1085 4398 accederet,
1120 4306 1194 4381 id
1224 4309 1465 4385 facere
1495 4309 1751 4384 vellem
1781 4310 1977 4407 quod
1999 4308 2293 4408 petebat
2325 4335 2343 4381 e
2383 4307 2509 4382 sed
2539 4328 2687 4380 non
2717 4305 2884 4380 t'eci.

773 4434 939 4508 Fuit
980 4434 1244 4510 deinde
1288 4459 1414 4510 rex
1456 4457 1586 4510 suo
1629 4435 1884 4511 ordine
1921 4441 2308 4510 coronatus
2341 4441 2415 4508 et
2447 4433 2586 4508 alia
2623 4431 2938 4530 insignia
2975 4429 3178 4530 regia
3215 4429 3354 4542 sibi·

678 4558 960 4651 tradita,
1024 4560 1279 4637 ordine
1336 4561 1669 4660 superius
1727 4561 1958 4653 dicto;
2023 4560 2154 4635 sed
2213 4568 2379 4659 post
2438 4582 2684 4658 regem
2741 4581 2890 4632 non
2955 4564 3354 4657 potuerunt

676 4705 929 4759 omnes
986 4686 1271 4784 prelati,
1325 4710 1562 4785 neque
1611 4686 1832 4761 modo
1891 4710 2125 4784 neque
2198 4686 2398 4784 prius
2459 4685 2533 4759 in
2601 4683 2946 4762 unctione
2999 4706 3350 4758 coronam

676 4806 1081 4885 ordinatam
1118 4813 1359 4888 facere
1388 4820 1689 4911 propter
1726 4812 2264 4892 multitudinem
2303 4810 2658 4910 regalium
2697 4815 2770 4886 et
2808 4809 3346 4908 principalium,

675 4931 1032 5006 baronum
1065 4939 1137 5008 et
1166 4935 1540 5012 curialium
1574 4935 1763 5034 regis
1794 4959 1880 5010 ac
1907 4944 2303 5028 oratorum,
2339 4934 2456 5032 qui
2490 4941 2734 5032 preter
2752 4933 3084 5010 ordinem
3105 4958 3200 5010 ex
3217 4960 3354 5010 sua

674 5059 1081 5136 temeritate
1111 5061 1429 5159 prelatos
1460 5071 2002 5164 oppresserunt.

769 5189 963 5287 Rege
1002 5193 1377 5278 coronate,
1413 5185 1811 5267 thalamum
1851 5190 2290 5266 ascendente
2321 5197 2393 5266 et
2425 5185 2881 5280 intronizatO,
2920 5183 3348 5266 acclamavit
