<?xml version="1.0" encoding="UTF-8"?>
<!DOCTYPE html PUBLIC "-//W3C//DTD XHTML 1.0 Transitional//EN"
    "http://www.w3.org/TR/xhtml1/DTD/xhtml1-transitional.dtd">
<html xmlns="http://www.w3.org/1999/xhtml" xml:lang="en" lang="en">
 <head>
  <title>
</title>
<meta http-equiv="Content-Type" content="text/html;charset=utf-8" />
  <meta name='ocr-system' content='tesseract 3.04.00' />
  <meta name='ocr-capabilities' content='ocr_page ocr_carea ocr_par ocr_line ocrx_word'/>
</head>
<body>
  <div class='ocr_page' id='page_1' title='image "./johannisburchar00unkngoog_0378.png"; bbox 0 0 3625 6059; ppageno 0'>
   <div class='ocr_carea' id='block_1_1' title="bbox 793 542 3405 629">
    <p class='ocr_par' dir='ltr' id='par_1_1' title="bbox 793 542 3405 629">
     <span class='ocr_line' id='line_1_1' title="bbox 793 542 3405 629; baseline 0 -10"><span class='ocrx_word' id='word_1_1' title='bbox 793 564 898 619; x_wconf 83' lang='lat'>366</span> <span class='ocrx_word' id='word_1_2' title='bbox 1079 542 1086 550; x_wconf 85' lang='grc'><em>“</em></span> <span class='ocrx_word' id='word_1_3' title='bbox 1702 558 2057 618; x_wconf 74' lang='lat' dir='ltr'>JOHANNJS</span> <span class='ocrx_word' id='word_1_4' title='bbox 2102 558 2548 629; x_wconf 59' lang='lat' dir='ltr'>nunculiam,</span> <span class='ocrx_word' id='word_1_5' title='bbox 3154 558 3273 620; x_wconf 70' lang='lat' dir='ltr'>[nni</span> <span class='ocrx_word' id='word_1_6' title='bbox 3302 560 3405 619; x_wconf 67' lang='lat' dir='ltr'>urs!</span> 
     </span>
    </p>
   </div>
   <div class='ocr_carea' id='block_1_2' title="bbox 771 694 3504 3064">
    <p class='ocr_par' dir='ltr' id='par_1_2' title="bbox 793 694 3504 939">
     <span class='ocr_line' id='line_1_2' title="bbox 793 694 3504 813; baseline -0.002 -21"><span class='ocrx_word' id='word_1_7' title='bbox 793 716 1220 792; x_wconf 76' lang='lat' dir='ltr'><strong>Valentinus</strong></span> <span class='ocrx_word' id='word_1_8' title='bbox 1271 722 1344 788; x_wconf 86' lang='lat' dir='ltr'>et</span> <span class='ocrx_word' id='word_1_9' title='bbox 1389 715 1479 789; x_wconf 90' lang='lat' dir='ltr'>de</span> <span class='ocrx_word' id='word_1_10' title='bbox 1523 715 1810 813; x_wconf 76' lang='lat' dir='ltr'>Boi-gia,</span> <span class='ocrx_word' id='word_1_11' title='bbox 1846 715 2273 791; x_wconf 76' lang='lat' dir='ltr'><strong>cardinales.</strong></span> <span class='ocrx_word' id='word_1_12' title='bbox 2314 719 2667 791; x_wconf 81' lang='lat' dir='ltr'>Reversus</span> <span class='ocrx_word' id='word_1_13' title='bbox 2716 718 2829 787; x_wconf 82' lang='lat' dir='ltr'>est</span> <span class='ocrx_word' id='word_1_14' title='bbox 2868 710 3068 799; x_wconf 88' lang='lat' dir='ltr'>inde,</span> <span class='ocrx_word' id='word_1_15' title='bbox 3098 710 3215 786; x_wconf 83' lang='lat' dir='ltr'>die</span> <span class='ocrx_word' id='word_1_16' title='bbox 3248 712 3401 798; x_wconf 82' lang='lat' dir='ltr'>lune,</span> <span class='ocrx_word' id='word_1_17' title='bbox 3503 694 3504 697; x_wconf 23' lang='lat'>¹</span> 
     </span>
     <span class='ocr_line' id='line_1_3' title="bbox 793 839 1529 939; baseline 0 -28"><span class='ocrx_word' id='word_1_18' title='bbox 793 842 836 911; x_wconf 88' lang='lat'>8</span> <span class='ocrx_word' id='word_1_19' title='bbox 867 839 1083 937; x_wconf 87' lang='lat' dir='ltr'>hujus</span> <span class='ocrx_word' id='word_1_20' title='bbox 1114 840 1189 912; x_wconf 90' lang='lat' dir='ltr'>in</span> <span class='ocrx_word' id='word_1_21' title='bbox 1221 862 1385 915; x_wconf 87' lang='lat' dir='ltr'>sero</span> <span class='ocrx_word' id='word_1_22' title='bbox 1409 840 1529 939; x_wconf 87' lang='lat'>(1).</span> 
     </span>
    </p>

    <p class='ocr_par' dir='ltr' id='par_1_3' title="bbox 781 962 3504 2313">
     <span class='ocr_line' id='line_1_4' title="bbox 889 962 3409 1064; baseline -0.001 -27"><span class='ocrx_word' id='word_1_23' title='bbox 889 966 1231 1055; x_wconf 79' lang='lat' dir='ltr'>SabbatO,</span> <span class='ocrx_word' id='word_1_24' title='bbox 1274 971 1360 1040; x_wconf 84' lang='lat'>13</span> <span class='ocrx_word' id='word_1_25' title='bbox 1409 965 1604 1056; x_wconf 90' lang='lat' dir='ltr'>maii,</span> <span class='ocrx_word' id='word_1_26' title='bbox 1639 966 1884 1064; x_wconf 80' lang='lat' dir='ltr'>vigilia</span> <span class='ocrx_word' id='word_1_27' title='bbox 1930 972 2423 1056; x_wconf 80' lang='lat' dir='ltr'>PentecosteS‚</span> <span class='ocrx_word' id='word_1_28' title='bbox 2468 964 2773 1047; x_wconf 85' lang='lat' dir='ltr'>mutatio</span> <span class='ocrx_word' id='word_1_29' title='bbox 2814 984 3257 1061; x_wconf 80' lang='lat' dir='ltr'>capparum3</span> <span class='ocrx_word' id='word_1_30' title='bbox 3299 962 3409 1035; x_wconf 79' lang='lat' dir='ltr'>tue·</span> 
     </span>
     <span class='ocr_line' id='line_1_5' title="bbox 792 1086 3407 1190; baseline -0.001 -29"><span class='ocrx_word' id='word_1_31' title='bbox 792 1094 959 1162; x_wconf 87' lang='lat' dir='ltr'>runt</span> <span class='ocrx_word' id='word_1_32' title='bbox 990 1112 1288 1185; x_wconf 85' lang='lat' dir='ltr'>vespere</span> <span class='ocrx_word' id='word_1_33' title='bbox 1319 1092 1610 1190; x_wconf 88' lang='lat' dir='ltr'>papales</span> <span class='ocrx_word' id='word_1_34' title='bbox 1642 1092 1714 1164; x_wconf 89' lang='lat' dir='ltr'>in</span> <span class='ocrx_word' id='word_1_35' title='bbox 1747 1093 2025 1189; x_wconf 90' lang='lat' dir='ltr'>capella</span> <span class='ocrx_word' id='word_1_36' title='bbox 2052 1093 2359 1189; x_wconf 88' lang='lat' dir='ltr'>majore,</span> <span class='ocrx_word' id='word_1_37' title='bbox 2395 1094 2591 1187; x_wconf 87' lang='lat' dir='ltr'>Papa</span> <span class='ocrx_word' id='word_1_38' title='bbox 2613 1096 2957 1187; x_wconf 75' lang='lat' dir='ltr'>presente</span> <span class='ocrx_word' id='word_1_39' title='bbox 2992 1112 3011 1163; x_wconf 91' lang='lat'>:</span> <span class='ocrx_word' id='word_1_40' title='bbox 3046 1086 3297 1163; x_wconf 83' lang='lat' dir='ltr'>eadem</span> <span class='ocrx_word' id='word_1_41' title='bbox 3320 1086 3407 1159; x_wconf 75' lang='lat' dir='ltr'>die</span> 
     </span>
     <span class='ocr_line' id='line_1_6' title="bbox 789 1213 3409 1313; baseline 0 -28"><span class='ocrx_word' id='word_1_42' title='bbox 789 1214 860 1285; x_wconf 88' lang='lat' dir='ltr'>in</span> <span class='ocrx_word' id='word_1_43' title='bbox 889 1237 1104 1287; x_wconf 86' lang='lat' dir='ltr'>mane</span> <span class='ocrx_word' id='word_1_44' title='bbox 1146 1213 1276 1287; x_wconf 83' lang='lat' dir='ltr'>fuit</span> <span class='ocrx_word' id='word_1_45' title='bbox 1319 1216 1594 1289; x_wconf 88' lang='lat' dir='ltr'>electus</span> <span class='ocrx_word' id='word_1_46' title='bbox 1633 1215 1708 1288; x_wconf 90' lang='lat' dir='ltr'>in</span> <span class='ocrx_word' id='word_1_47' title='bbox 1747 1217 2159 1289; x_wconf 76' lang='lat' dir='ltr'>ministrum</span> <span class='ocrx_word' id='word_1_48' title='bbox 2204 1216 2619 1313; x_wconf 80' lang='lat' dir='ltr'>generalem</span> <span class='ocrx_word' id='word_1_49' title='bbox 2662 1215 3193 1290; x_wconf 77' lang='lat' dir='ltr'>heremitarum</span> <span class='ocrx_word' id='word_1_50' title='bbox 3224 1216 3409 1286; x_wconf 56' lang='lat' dir='ltr'>&amp;Au-</span> 
     </span>
     <span class='ocr_line' id='line_1_7' title="bbox 788 1338 3409 1434; baseline 0.001 -24"><span class='ocrx_word' id='word_1_51' title='bbox 788 1338 1054 1434; x_wconf 83' lang='lat' dir='ltr'>gustini</span> <span class='ocrx_word' id='word_1_52' title='bbox 1089 1339 1312 1414; x_wconf 79' lang='lat' dir='ltr'>frater</span> <span class='ocrx_word' id='word_1_53' title='bbox 1351 1341 1714 1415; x_wconf 87' lang='lat' dir='ltr'>Marianus</span> <span class='ocrx_word' id='word_1_54' title='bbox 1753 1338 1843 1415; x_wconf 90' lang='lat' dir='ltr'>de</span> <span class='ocrx_word' id='word_1_55' title='bbox 1885 1344 2382 1432; x_wconf 77' lang='lat' dir='ltr'>GennazzanO,</span> <span class='ocrx_word' id='word_1_56' title='bbox 2418 1364 2783 1429; x_wconf 76' lang='lat' dir='ltr'>romanuS,</span> <span class='ocrx_word' id='word_1_57' title='bbox 2819 1340 2895 1413; x_wconf 90' lang='lat' dir='ltr'>in</span> <span class='ocrx_word' id='word_1_58' title='bbox 2938 1340 3245 1413; x_wconf 75' lang='lat' dir='ltr'>sacrista</span> <span class='ocrx_word' id='word_1_59' title='bbox 3274 1360 3409 1413; x_wconf 85' lang='lat' dir='ltr'>con-</span> 
     </span>
     <span class='ocr_line' id='line_1_8' title="bbox 789 1446 3504 1563; baseline 0 -28"><span class='ocrx_word' id='word_1_60' title='bbox 789 1471 1034 1537; x_wconf 85' lang='lat' dir='ltr'>ventus</span> <span class='ocrx_word' id='word_1_61' title='bbox 1078 1465 1381 1538; x_wconf 81' lang='lat' dir='ltr'>fratrum</span> <span class='ocrx_word' id='word_1_62' title='bbox 1420 1465 1694 1539; x_wconf 85' lang='lat' dir='ltr'>ordinis</span> <span class='ocrx_word' id='word_1_63' title='bbox 1720 1466 2049 1563; x_wconf 76' lang='lat' dir='ltr'>predicti,</span> <span class='ocrx_word' id='word_1_64' title='bbox 2085 1488 2215 1562; x_wconf 90' lang='lat' dir='ltr'>per</span> <span class='ocrx_word' id='word_1_65' title='bbox 2248 1466 2667 1563; x_wconf 84' lang='lat' dir='ltr'>generalem</span> <span class='ocrx_word' id='word_1_66' title='bbox 2702 1464 3097 1562; x_wconf 88' lang='lat' dir='ltr'>capitulum</span> <span class='ocrx_word' id='word_1_67' title='bbox 3130 1464 3407 1562; x_wconf 86' lang='lat' dir='ltr'>ejusdem</span> <span class='ocrx_word' id='word_1_68' title='bbox 3503 1446 3504 1529; x_wconf 60' lang='grc' dir='ltr'><em>Ῐ</em></span> 
     </span>
     <span class='ocr_line' id='line_1_9' title="bbox 786 1586 3504 1688; baseline -0.001 -26"><span class='ocrx_word' id='word_1_69' title='bbox 786 1590 1057 1663; x_wconf 85' lang='lat' dir='ltr'>ordinis</span> <span class='ocrx_word' id='word_1_70' title='bbox 1111 1590 1376 1665; x_wconf 87' lang='lat' dir='ltr'>ibidem</span> <span class='ocrx_word' id='word_1_71' title='bbox 1443 1614 1533 1665; x_wconf 83' lang='lat' dir='ltr'>ex</span> <span class='ocrx_word' id='word_1_72' title='bbox 1591 1614 1794 1664; x_wconf 88' lang='lat' dir='ltr'>more</span> <span class='ocrx_word' id='word_1_73' title='bbox 1849 1598 2397 1688; x_wconf 84' lang='lat' dir='ltr'>congregatum,</span> <span class='ocrx_word' id='word_1_74' title='bbox 2453 1590 2569 1664; x_wconf 88' lang='lat' dir='ltr'>cui</span> <span class='ocrx_word' id='word_1_75' title='bbox 2620 1594 2867 1663; x_wconf 78' lang='lat' dir='ltr'>RmuS.</span> <span class='ocrx_word' id='word_1_76' title='bbox 2924 1595 3011 1664; x_wconf 90' lang='lat' dir='ltr'>D.</span> <span class='ocrx_word' id='word_1_77' title='bbox 3070 1586 3405 1663; x_wconf 82' lang='lat' dir='ltr'>cardinalis</span> <span class='ocrx_word' id='word_1_78' title='bbox 3503 1618 3504 1643; x_wconf 39' lang='grc' dir='ltr'><strong>κ</strong></span> 
     </span>
     <span class='ocr_line' id='line_1_10' title="bbox 786 1714 3398 1811; baseline -0.002 -27"><span class='ocrx_word' id='word_1_79' title='bbox 786 1736 842 1785; x_wconf 87' lang='lat' dir='ltr'>S.</span> <span class='ocrx_word' id='word_1_80' title='bbox 891 1715 1208 1811; x_wconf 85' lang='lat' dir='ltr'>Georgii,</span> <span class='ocrx_word' id='word_1_81' title='bbox 1247 1720 1332 1787; x_wconf 89' lang='lat' dir='ltr'>D.</span> <span class='ocrx_word' id='word_1_82' title='bbox 1371 1719 1564 1811; x_wconf 89' lang='lat' dir='ltr'>Pape</span> <span class='ocrx_word' id='word_1_83' title='bbox 1618 1715 2059 1789; x_wconf 85' lang='lat' dir='ltr'>camerarius</span> <span class='ocrx_word' id='word_1_84' title='bbox 2106 1722 2180 1789; x_wconf 86' lang='lat' dir='ltr'>et</span> <span class='ocrx_word' id='word_1_85' title='bbox 2226 1714 2395 1788; x_wconf 88' lang='lat' dir='ltr'>dicti</span> <span class='ocrx_word' id='word_1_86' title='bbox 2440 1714 2715 1787; x_wconf 83' lang='lat' dir='ltr'>ordinis</span> <span class='ocrx_word' id='word_1_87' title='bbox 2758 1720 3139 1810; x_wconf 88' lang='lat' dir='ltr'>protector</span> <span class='ocrx_word' id='word_1_88' title='bbox 3178 1719 3249 1785; x_wconf 91' lang='lat' dir='ltr'>et</span> <span class='ocrx_word' id='word_1_89' title='bbox 3284 1714 3398 1783; x_wconf 80' lang='lat' dir='ltr'>RB.</span> 
     </span>
     <span class='ocr_line' id='line_1_11' title="bbox 785 1836 3504 1934; baseline -0 -25"><span class='ocrx_word' id='word_1_90' title='bbox 785 1841 921 1911; x_wconf 89' lang='grc' dir='ltr'>ΡΡ.</span> <span class='ocrx_word' id='word_1_91' title='bbox 959 1840 1270 1912; x_wconf 83' lang='lat' dir='ltr'>Jacobus</span> <span class='ocrx_word' id='word_1_92' title='bbox 1305 1840 1718 1914; x_wconf 87' lang='lat' dir='ltr'>Caiacensis</span> <span class='ocrx_word' id='word_1_93' title='bbox 1743 1850 1817 1914; x_wconf 88' lang='lat' dir='ltr'>et</span> <span class='ocrx_word' id='word_1_94' title='bbox 1846 1840 2211 1916; x_wconf 85' lang='lat' dir='ltr'>Mattheus</span> <span class='ocrx_word' id='word_1_95' title='bbox 2238 1838 2747 1927; x_wconf 77' lang='lat' dir='ltr'>ViterbienSiS,</span> <span class='ocrx_word' id='word_1_96' title='bbox 2772 1837 3129 1934; x_wconf 87' lang='lat' dir='ltr'>episcopi,</span> <span class='ocrx_word' id='word_1_97' title='bbox 3156 1844 3225 1910; x_wconf 90' lang='lat' dir='ltr'>et</span> <span class='ocrx_word' id='word_1_98' title='bbox 3248 1836 3403 1909; x_wconf 82' lang='lat' dir='ltr'>Illus-</span> <span class='ocrx_word' id='word_1_99' title='bbox 3503 1872 3504 1897; x_wconf 73' lang='lat'>1</span> 
     </span>
     <span class='ocr_line' id='line_1_12' title="bbox 784 1962 3504 2059; baseline 0 -26"><span class='ocrx_word' id='word_1_100' title='bbox 784 1962 935 2034; x_wconf 85' lang='lat' dir='ltr'>tris.</span> <span class='ocrx_word' id='word_1_101' title='bbox 975 1967 1060 2035; x_wconf 89' lang='lat' dir='ltr'>D.</span> <span class='ocrx_word' id='word_1_102' title='bbox 1101 1965 1454 2041; x_wconf 88' lang='lat' dir='ltr'>Henricus</span> <span class='ocrx_word' id='word_1_103' title='bbox 1501 1964 1648 2039; x_wconf 86' lang='lat' dir='ltr'>dux</span> <span class='ocrx_word' id='word_1_104' title='bbox 1691 1966 2199 2055; x_wconf 84' lang='lat' dir='ltr'>Brusticensis‚</span> <span class='ocrx_word' id='word_1_105' title='bbox 2237 1964 2680 2039; x_wconf 84' lang='lat' dir='ltr'>serenissimi</span> <span class='ocrx_word' id='word_1_106' title='bbox 2720 1967 3215 2037; x_wconf 84' lang='lat' dir='ltr'>Romanorum</span> <span class='ocrx_word' id='word_1_107' title='bbox 3254 1962 3401 2059; x_wconf 79' lang='lat' dir='ltr'>regis</span> <span class='ocrx_word' id='word_1_108' title='bbox 3503 2006 3504 2055; x_wconf 79' lang='lat'>3</span> 
     </span>
     <span class='ocr_line' id='line_1_13' title="bbox 781 2086 3504 2188; baseline -0 -30"><span class='ocrx_word' id='word_1_109' title='bbox 781 2095 1048 2177; x_wconf 89' lang='lat' dir='ltr'>orator,</span> <span class='ocrx_word' id='word_1_110' title='bbox 1083 2096 1156 2162; x_wconf 85' lang='lat' dir='ltr'>et</span> <span class='ocrx_word' id='word_1_111' title='bbox 1189 2094 1274 2162; x_wconf 90' lang='lat' dir='ltr'>R.</span> <span class='ocrx_word' id='word_1_112' title='bbox 1313 2094 1400 2164; x_wconf 91' lang='lat' dir='ltr'>D.</span> <span class='ocrx_word' id='word_1_113' title='bbox 1435 2091 1843 2165; x_wconf 86' lang='lat' dir='ltr'>Ludovicus</span> <span class='ocrx_word' id='word_1_114' title='bbox 1879 2090 1969 2164; x_wconf 93' lang='lat' dir='ltr'>de</span> <span class='ocrx_word' id='word_1_115' title='bbox 2008 2090 2325 2188; x_wconf 90' lang='lat' dir='ltr'>Spinola,</span> <span class='ocrx_word' id='word_1_116' title='bbox 2359 2088 2550 2163; x_wconf 87' lang='lat' dir='ltr'>sedis</span> <span class='ocrx_word' id='word_1_117' title='bbox 2590 2089 2993 2186; x_wconf 87' lang='lat' dir='ltr'>apostolice</span> <span class='ocrx_word' id='word_1_118' title='bbox 3034 2092 3401 2187; x_wconf 83' lang='lat' dir='ltr'>protonota·</span> <span class='ocrx_word' id='word_1_119' title='bbox 3502 2086 3504 2129; x_wconf 62' lang='lat'>³</span> 
     </span>
     <span class='ocr_line' id='line_1_14' title="bbox 782 2196 3504 2313; baseline 0.001 -30"><span class='ocrx_word' id='word_1_120' title='bbox 782 2211 924 2285; x_wconf 89' lang='lat' dir='ltr'>rius</span> <span class='ocrx_word' id='word_1_121' title='bbox 958 2212 1468 2305; x_wconf 74' lang='lat' dir='ltr'>interfuerunt,</span> <span class='ocrx_word' id='word_1_122' title='bbox 1504 2240 1727 2313; x_wconf 89' lang='lat' dir='ltr'>prope</span> <span class='ocrx_word' id='word_1_123' title='bbox 1760 2218 1983 2291; x_wconf 87' lang='lat' dir='ltr'>altare</span> <span class='ocrx_word' id='word_1_124' title='bbox 2016 2216 2207 2289; x_wconf 88' lang='lat' dir='ltr'>dicte</span> <span class='ocrx_word' id='word_1_125' title='bbox 2237 2216 2565 2289; x_wconf 88' lang='lat' dir='ltr'>sacristie</span> <span class='ocrx_word' id='word_1_126' title='bbox 2588 2215 2953 2290; x_wconf 89' lang='lat' dir='ltr'>sedentes.</span> <span class='ocrx_word' id='word_1_127' title='bbox 3503 2196 3504 2199; x_wconf 19' lang='lat'>¹</span> 
     </span>
    </p>

    <p class='ocr_par' dir='ltr' id='par_1_4' title="bbox 879 2337 3504 2439">
     <span class='ocr_line' id='line_1_15' title="bbox 879 2337 3504 2439; baseline 0 -29"><span class='ocrx_word' id='word_1_128' title='bbox 879 2337 1150 2412; x_wconf 88' lang='lat' dir='ltr'>Electio</span> <span class='ocrx_word' id='word_1_129' title='bbox 1177 2346 1420 2414; x_wconf 90' lang='lat' dir='ltr'>autem</span> <span class='ocrx_word' id='word_1_130' title='bbox 1457 2342 1530 2413; x_wconf 90' lang='lat' dir='ltr'>in</span> <span class='ocrx_word' id='word_1_131' title='bbox 1560 2342 1756 2415; x_wconf 90' lang='lat' dir='ltr'>hunc</span> <span class='ocrx_word' id='word_1_132' title='bbox 1785 2342 2019 2416; x_wconf 77' lang='lat' dir='ltr'>terme</span> <span class='ocrx_word' id='word_1_133' title='bbox 2050 2341 2346 2413; x_wconf 90' lang='lat' dir='ltr'>modum</span> <span class='ocrx_word' id='word_1_134' title='bbox 2374 2339 2738 2414; x_wconf 90' lang='lat' dir='ltr'>celebrata</span> <span class='ocrx_word' id='word_1_135' title='bbox 2768 2346 2902 2414; x_wconf 88' lang='lat' dir='ltr'>est.</span> <span class='ocrx_word' id='word_1_136' title='bbox 3503 2422 3504 2439; x_wconf 12' lang='grc' dir='ltr'>χ</span> 
     </span>
    </p>

    <p class='ocr_par' dir='ltr' id='par_1_5' title="bbox 771 2462 3504 3064">
     <span class='ocr_line' id='line_1_16' title="bbox 876 2462 3504 2563; baseline -0.002 -26"><span class='ocrx_word' id='word_1_137' title='bbox 876 2462 1215 2537; x_wconf 89' lang='lat' dir='ltr'>Ordinata</span> <span class='ocrx_word' id='word_1_138' title='bbox 1246 2466 1382 2538; x_wconf 87' lang='lat' dir='ltr'>tuit</span> <span class='ocrx_word' id='word_1_139' title='bbox 1405 2490 1662 2540; x_wconf 84' lang='lat' dir='ltr'>mensa</span> <span class='ocrx_word' id='word_1_140' title='bbox 1689 2490 1837 2539; x_wconf 92' lang='lat' dir='ltr'>non</span> <span class='ocrx_word' id='word_1_141' title='bbox 1868 2468 2083 2563; x_wconf 84' lang='lat' dir='ltr'>longe</span> <span class='ocrx_word' id='word_1_142' title='bbox 2111 2490 2154 2539; x_wconf 91' lang='lat' dir='ltr'>a</span> <span class='ocrx_word' id='word_1_143' title='bbox 2174 2466 2369 2540; x_wconf 89' lang='lat' dir='ltr'>dicto</span> <span class='ocrx_word' id='word_1_144' title='bbox 2396 2465 2603 2538; x_wconf 84' lang='lat' dir='ltr'>altari</span> <span class='ocrx_word' id='word_1_145' title='bbox 2620 2466 2823 2562; x_wconf 84' lang='lat' dir='ltr'>juxta</span> <span class='ocrx_word' id='word_1_146' title='bbox 2859 2486 3081 2560; x_wconf 85' lang='lat' dir='ltr'>quam</span> <span class='ocrx_word' id='word_1_147' title='bbox 3106 2463 3397 2537; x_wconf 83' lang='lat' dir='ltr'>sederunt</span> <span class='ocrx_word' id='word_1_148' title='bbox 3503 2470 3504 2473; x_wconf 76' lang='grc'>’</span> 
     </span>
     <span class='ocr_line' id='line_1_17' title="bbox 775 2585 3504 2687; baseline 0 -26"><span class='ocrx_word' id='word_1_149' title='bbox 775 2596 922 2662; x_wconf 86' lang='lat' dir='ltr'>tres</span> <span class='ocrx_word' id='word_1_150' title='bbox 955 2590 1214 2664; x_wconf 87' lang='lat' dir='ltr'>fratres</span> <span class='ocrx_word' id='word_1_151' title='bbox 1249 2596 1720 2666; x_wconf 85' lang='lat' dir='ltr'>scrutatores.</span> <span class='ocrx_word' id='word_1_152' title='bbox 1760 2594 2010 2664; x_wconf 84' lang='lat' dir='ltr'>Frater</span> <span class='ocrx_word' id='word_1_153' title='bbox 2049 2591 2410 2663; x_wconf 87' lang='lat' dir='ltr'>Marianus</span> <span class='ocrx_word' id='word_1_154' title='bbox 2448 2588 2819 2687; x_wconf 86' lang='lat' dir='ltr'>predictus</span> <span class='ocrx_word' id='word_1_155' title='bbox 2867 2589 2989 2685; x_wconf 90' lang='lat' dir='ltr'>qui</span> <span class='ocrx_word' id='word_1_156' title='bbox 3024 2612 3163 2686; x_wconf 87' lang='lat' dir='ltr'>per</span> <span class='ocrx_word' id='word_1_157' title='bbox 3196 2585 3395 2661; x_wconf 74' lang='lat' dir='ltr'>sedem</span> <span class='ocrx_word' id='word_1_158' title='bbox 3503 2590 3504 2671; x_wconf 67' lang='grc' dir='ltr'>ζ</span> 
     </span>
     <span class='ocr_line' id='line_1_18' title="bbox 775 2708 3504 2817; baseline -0.003 -28"><span class='ocrx_word' id='word_1_159' title='bbox 775 2715 1248 2813; x_wconf 87' lang='lat' dir='ltr'>apostolicam</span> <span class='ocrx_word' id='word_1_160' title='bbox 1279 2716 1586 2790; x_wconf 85' lang='lat' dir='ltr'>vicarius</span> <span class='ocrx_word' id='word_1_161' title='bbox 1619 2717 1979 2813; x_wconf 80' lang='lat' dir='ltr'>generalis</span> <span class='ocrx_word' id='word_1_162' title='bbox 2010 2718 2241 2790; x_wconf 83' lang='lat' dir='ltr'>fuerat</span> <span class='ocrx_word' id='word_1_163' title='bbox 2272 2716 2573 2805; x_wconf 79' lang='lat' dir='ltr'>electus,</span> <span class='ocrx_word' id='word_1_164' title='bbox 2610 2714 3065 2787; x_wconf 80' lang='lat' dir='ltr'>renunciavit</span> <span class='ocrx_word' id='word_1_165' title='bbox 3096 2714 3171 2786; x_wconf 92' lang='lat' dir='ltr'>in</span> <span class='ocrx_word' id='word_1_166' title='bbox 3200 2708 3399 2809; x_wconf 84' lang='lat' dir='ltr'>primis</span> <span class='ocrx_word' id='word_1_167' title='bbox 3502 2776 3504 2817; x_wconf 25' lang='grc' dir='ltr'>ἶ</span> 
     </span>
     <span class='ocr_line' id='line_1_19' title="bbox 773 2822 3504 2939; baseline -0.004 -24"><span class='ocrx_word' id='word_1_168' title='bbox 773 2842 1191 2939; x_wconf 87' lang='lat' dir='ltr'>hujusmodi</span> <span class='ocrx_word' id='word_1_169' title='bbox 1246 2842 1628 2917; x_wconf 83' lang='lat' dir='ltr'>vicariatus</span> <span class='ocrx_word' id='word_1_170' title='bbox 1678 2841 1998 2915; x_wconf 81' lang='lat' dir='ltr'>osticium</span> <span class='ocrx_word' id='word_1_171' title='bbox 2036 2866 2050 2914; x_wconf 76' lang='grc' dir='ltr'>ε</span> <span class='ocrx_word' id='word_1_172' title='bbox 2088 2863 2229 2937; x_wconf 91' lang='lat' dir='ltr'>quo</span> <span class='ocrx_word' id='word_1_173' title='bbox 2270 2822 2487 2932; x_wconf 71' lang='lat' dir='ltr'>facte,</span> <span class='ocrx_word' id='word_1_174' title='bbox 2526 2840 2746 2914; x_wconf 81' lang='lat' dir='ltr'>voluit</span> <span class='ocrx_word' id='word_1_175' title='bbox 2790 2840 3198 2913; x_wconf 83' lang='lat' dir='ltr'>sacristiam</span> <span class='ocrx_word' id='word_1_176' title='bbox 3240 2836 3395 2911; x_wconf 80' lang='lat' dir='ltr'>exire</span> <span class='ocrx_word' id='word_1_177' title='bbox 3503 2838 3504 2871; x_wconf 35' lang='grc' dir='ltr'>ἒ</span> 
     </span>
     <span class='ocr_line' id='line_1_20' title="bbox 771 2960 3394 3064; baseline -0.005 -23"><span class='ocrx_word' id='word_1_178' title='bbox 771 2964 967 3064; x_wconf 84' lang='lat' dir='ltr'>quod</span> <span class='ocrx_word' id='word_1_179' title='bbox 1025 2966 1408 3041; x_wconf 86' lang='lat' dir='ltr'>cardinalis</span> <span class='ocrx_word' id='word_1_180' title='bbox 1467 2968 1696 3042; x_wconf 92' lang='lat' dir='ltr'>noluit</span> <span class='ocrx_word' id='word_1_181' title='bbox 1751 2968 2209 3064; x_wconf 86' lang='lat' dir='ltr'>permittere,</span> <span class='ocrx_word' id='word_1_182' title='bbox 2265 2988 2430 3039; x_wconf 89' lang='lat' dir='ltr'>cum</span> <span class='ocrx_word' id='word_1_183' title='bbox 2478 2968 2695 3040; x_wconf 85' lang='lat' dir='ltr'>breve</span> <span class='ocrx_word' id='word_1_184' title='bbox 2760 2988 2973 3039; x_wconf 88' lang='lat' dir='ltr'>suum</span> <span class='ocrx_word' id='word_1_185' title='bbox 3026 2960 3394 3039; x_wconf 79' lang='lat' dir='ltr'>continebat</span> 
     </span>
    </p>
   </div>
   <div class='ocr_carea' id='block_1_3' title="bbox 768 3180 3391 3351">
    <p class='ocr_par' dir='ltr' id='par_1_6' title="bbox 768 3156 3504 3351">
     <span class='ocr_line' id='line_1_21' title="bbox 839 3180 3391 3247; baseline -0.004 -2"><span class='ocrx_word' id='word_1_186' title='bbox 839 3190 894 3245; x_wconf 89' lang='lat'>1.</span> <span class='ocrx_word' id='word_1_187' title='bbox 931 3188 1266 3246; x_wconf 84' lang='lat' dir='ltr'>Alessandro</span> <span class='ocrx_word' id='word_1_188' title='bbox 1294 3189 1483 3245; x_wconf 88' lang='lat' dir='ltr'>Bracci</span> <span class='ocrx_word' id='word_1_189' title='bbox 1515 3188 1738 3247; x_wconf 76' lang='lat' dir='ltr'>ecrIvait</span> <span class='ocrx_word' id='word_1_190' title='bbox 1773 3207 1884 3245; x_wconf 82' lang='lat' dir='ltr'>aux</span> <span class='ocrx_word' id='word_1_191' title='bbox 1911 3189 1962 3245; x_wconf 85' lang='lat' dir='ltr'><strong>X</strong></span> <span class='ocrx_word' id='word_1_192' title='bbox 1999 3188 2067 3244; x_wconf 89' lang='lat' dir='ltr'>de</span> <span class='ocrx_word' id='word_1_193' title='bbox 2096 3187 2147 3243; x_wconf 87' lang='lat' dir='ltr'>la</span> <span class='ocrx_word' id='word_1_194' title='bbox 2176 3186 2393 3245; x_wconf 77' lang='lat' dir='ltr'>Liberte</span> <span class='ocrx_word' id='word_1_195' title='bbox 2422 3192 2457 3243; x_wconf 76' lang='lat' dir='ltr'>a</span> <span class='ocrx_word' id='word_1_196' title='bbox 2484 3186 2537 3243; x_wconf 87' lang='lat' dir='ltr'>la</span> <span class='ocrx_word' id='word_1_197' title='bbox 2563 3187 2689 3243; x_wconf 86' lang='lat' dir='ltr'>date</span> <span class='ocrx_word' id='word_1_198' title='bbox 2719 3187 2795 3243; x_wconf 88' lang='lat' dir='ltr'>du</span> <span class='ocrx_word' id='word_1_199' title='bbox 2819 3188 2857 3243; x_wconf 87' lang='grc'>5</span> <span class='ocrx_word' id='word_1_200' title='bbox 2884 3186 2995 3242; x_wconf 88' lang='lat' dir='ltr'>mai</span> <span class='ocrx_word' id='word_1_201' title='bbox 3027 3203 3041 3241; x_wconf 90' lang='lat'>:</span> <span class='ocrx_word' id='word_1_202' title='bbox 3068 3209 3097 3237; x_wconf 72' lang='grc' dir='ltr'>ι(</span> <span class='ocrx_word' id='word_1_203' title='bbox 3240 3182 3297 3240; x_wconf 88' lang='lat' dir='ltr'>Di</span> <span class='ocrx_word' id='word_1_204' title='bbox 3320 3180 3391 3236; x_wconf 81' lang='lat' dir='ltr'>che</span> 
     </span>
     <span class='ocr_line' id='line_1_22' title="bbox 768 3270 3391 3351; baseline -0.002 -19"><span class='ocrx_word' id='word_1_205' title='bbox 768 3293 877 3332; x_wconf 91' lang='lat' dir='ltr'>non</span> <span class='ocrx_word' id='word_1_206' title='bbox 909 3278 1060 3351; x_wconf 79' lang='lat' dir='ltr'>par-lo</span> <span class='ocrx_word' id='word_1_207' title='bbox 1099 3296 1266 3336; x_wconf 89' lang='lat' dir='ltr'>sanza</span> <span class='ocrx_word' id='word_1_208' title='bbox 1301 3280 1485 3335; x_wconf 89' lang='lat' dir='ltr'>buono</span> <span class='ocrx_word' id='word_1_209' title='bbox 1521 3279 1890 3335; x_wconf 83' lang='lat' dir='ltr'>fondamento.</span> <span class='ocrx_word' id='word_1_210' title='bbox 1925 3278 2006 3333; x_wconf 89' lang='lat' dir='ltr'>Da</span> <span class='ocrx_word' id='word_1_211' title='bbox 2046 3283 2241 3351; x_wconf 89' lang='lat' dir='ltr'>questa</span> <span class='ocrx_word' id='word_1_212' title='bbox 2278 3274 2578 3333; x_wconf 86' lang='lat' dir='ltr'>medesima</span> <span class='ocrx_word' id='word_1_213' title='bbox 2605 3275 2753 3332; x_wconf 84' lang='lat' dir='ltr'>fonte</span> <span class='ocrx_word' id='word_1_214' title='bbox 2782 3276 2854 3331; x_wconf 87' lang='lat' dir='ltr'>ho</span> <span class='ocrx_word' id='word_1_215' title='bbox 2883 3274 2985 3331; x_wconf 84' lang='lat' dir='ltr'>che</span> <span class='ocrx_word' id='word_1_216' title='bbox 3014 3292 3050 3331; x_wconf 88' lang='lat' dir='ltr'>a</span> <span class='ocrx_word' id='word_1_217' title='bbox 3079 3280 3271 3348; x_wconf 79' lang='lat' dir='ltr'>questa</span> <span class='ocrx_word' id='word_1_218' title='bbox 3292 3270 3391 3326; x_wconf 75' lang='lat' dir='ltr'>hom</span> 
     </span>
    </p>
   </div>
   <div class='ocr_carea' id='block_1_4' title="bbox 3491 24 3518 1476">
    <p class='ocr_par' dir='ltr' id='par_1_7' title="bbox 3491 24 3518 1476">
     <span class='ocr_line' id='line_1_23' title="bbox 3491 24 3518 1476; baseline 0 0"><span class='ocrx_word' id='word_1_219' title='bbox 3491 24 3518 1476; x_wconf 95' lang='lat' dir='ltr'> </span> 
     </span>
    </p>
   </div>
   <div class='ocr_carea' id='block_1_5' title="bbox 766 3356 3504 3441">
    <p class='ocr_par' dir='ltr' id='par_1_8' title="bbox 766 3356 3504 3441">
     <span class='ocr_line' id='line_1_24' title="bbox 766 3356 3504 3441; baseline 0.001 -20"><span class='ocrx_word' id='word_1_220' title='bbox 766 3368 818 3421; x_wconf 84' lang='lat' dir='ltr'>lo</span> <span class='ocrx_word' id='word_1_221' title='bbox 847 3368 1070 3422; x_wconf 81' lang='lat' dir='ltr'>accordo</span> <span class='ocrx_word' id='word_1_222' title='bbox 1100 3375 1188 3422; x_wconf 79' lang='lat' dir='ltr'>tra</span> <span class='ocrx_word' id='word_1_223' title='bbox 1216 3370 1266 3424; x_wconf 79' lang='lat' dir='ltr'>el</span> <span class='ocrx_word' id='word_1_224' title='bbox 1293 3368 1448 3441; x_wconf 83' lang='lat' dir='ltr'>Papa</span> <span class='ocrx_word' id='word_1_225' title='bbox 1474 3374 1524 3425; x_wconf 80' lang='lat' dir='ltr'>et</span> <span class='ocrx_word' id='word_1_226' title='bbox 1551 3368 1666 3425; x_wconf 84' lang='lat' dir='ltr'>San</span> <span class='ocrx_word' id='word_1_227' title='bbox 1693 3368 1853 3423; x_wconf 83' lang='lat' dir='ltr'>Piero</span> <span class='ocrx_word' id='word_1_228' title='bbox 1889 3366 1965 3423; x_wconf 78' lang='lat' dir='ltr'>ad</span> <span class='ocrx_word' id='word_1_229' title='bbox 1997 3366 2231 3423; x_wconf 79' lang='lat' dir='ltr'>Vincula</span> <span class='ocrx_word' id='word_1_230' title='bbox 2258 3370 2285 3421; x_wconf 75' lang='grc' dir='ltr'><em>ἑ</em></span> <span class='ocrx_word' id='word_1_231' title='bbox 2326 3369 2501 3436; x_wconf 78' lang='lat' dir='ltr'>fermo</span> <span class='ocrx_word' id='word_1_232' title='bbox 2530 3372 2581 3422; x_wconf 82' lang='lat' dir='ltr'>et</span> <span class='ocrx_word' id='word_1_233' title='bbox 2613 3366 2913 3421; x_wconf 71' lang='lat' dir='ltr'>render-alli</span> <span class='ocrx_word' id='word_1_234' title='bbox 2941 3366 3139 3420; x_wconf 69' lang='lat' dir='ltr'>Hostia</span> <span class='ocrx_word' id='word_1_235' title='bbox 3166 3378 3257 3437; x_wconf 80' lang='lat' dir='ltr'>per</span> <span class='ocrx_word' id='word_1_236' title='bbox 3278 3356 3389 3415; x_wconf 72' lang='lat' dir='ltr'>assi-</span> <span class='ocrx_word' id='word_1_237' title='bbox 3503 3416 3504 3423; x_wconf 72' lang='grc'>,</span> 
     </span>
    </p>
   </div>
   <div class='ocr_carea' id='block_1_6' title="bbox 765 3429 3391 3526">
    <p class='ocr_par' dir='ltr' id='par_1_9' title="bbox 765 3429 3391 3526">
     <span class='ocr_line' id='line_1_25' title="bbox 765 3429 3391 3526; baseline -0.003 -16"><span class='ocrx_word' id='word_1_238' title='bbox 765 3454 998 3524; x_wconf 66' lang='lat' dir='ltr'>cartule,</span> <span class='ocrx_word' id='word_1_239' title='bbox 1027 3463 1080 3513; x_wconf 82' lang='lat' dir='ltr'>et</span> <span class='ocrx_word' id='word_1_240' title='bbox 1109 3459 1219 3514; x_wconf 72' lang='lat' dir='ltr'>cosi</span> <span class='ocrx_word' id='word_1_241' title='bbox 1247 3460 1296 3513; x_wconf 73' lang='lat' dir='ltr'>si</span> <span class='ocrx_word' id='word_1_242' title='bbox 1336 3461 1466 3526; x_wconf 70' lang='lat' dir='ltr'>fara</span> <span class='ocrx_word' id='word_1_243' title='bbox 1507 3429 1790 3513; x_wconf 51' lang='lat' dir='ltr'>restituisse</span> <span class='ocrx_word' id='word_1_244' title='bbox 1819 3458 1875 3513; x_wconf 83' lang='lat' dir='ltr'>al</span> <span class='ocrx_word' id='word_1_245' title='bbox 1909 3458 2148 3524; x_wconf 78' lang='lat' dir='ltr'>Presetto</span> <span class='ocrx_word' id='word_1_246' title='bbox 2178 3460 2323 3513; x_wconf 75' lang='lat' dir='ltr'>tacto</span> <span class='ocrx_word' id='word_1_247' title='bbox 2356 3458 2407 3510; x_wconf 85' lang='lat' dir='ltr'>lo</span> <span class='ocrx_word' id='word_1_248' title='bbox 2434 3456 2607 3519; x_wconf 79' lang='lat' dir='ltr'>State,</span> <span class='ocrx_word' id='word_1_249' title='bbox 2641 3454 2835 3511; x_wconf 59' lang='lat' dir='ltr'>bench&amp;</span> <span class='ocrx_word' id='word_1_250' title='bbox 2872 3456 2927 3510; x_wconf 85' lang='lat' dir='ltr'>ci</span> <span class='ocrx_word' id='word_1_251' title='bbox 2964 3456 3275 3521; x_wconf 63' lang='lat' dir='ltr'>inter-oenoe</span> <span class='ocrx_word' id='word_1_252' title='bbox 3304 3462 3391 3503; x_wconf 66' lang='lat' dir='ltr'>mis</span> 
     </span>
    </p>
   </div>
   <div class='ocr_carea' id='block_1_7' title="bbox 763 3542 3389 3620">
    <p class='ocr_par' dir='ltr' id='par_1_10' title="bbox 763 3532 3504 3625">
     <span class='ocr_line' id='line_1_26' title="bbox 763 3542 3389 3620; baseline -0.005 -19"><span class='ocrx_word' id='word_1_253' title='bbox 763 3548 1152 3617; x_wconf 77' lang='lat' dir='ltr'>compositione</span> <span class='ocrx_word' id='word_1_254' title='bbox 1182 3549 1244 3603; x_wconf 84' lang='lat' dir='ltr'>di</span> <span class='ocrx_word' id='word_1_255' title='bbox 1273 3546 1463 3603; x_wconf 85' lang='lat' dir='ltr'>danari</span> <span class='ocrx_word' id='word_1_256' title='bbox 1495 3563 1508 3602; x_wconf 91' lang='lat'>:</span> <span class='ocrx_word' id='word_1_257' title='bbox 1550 3553 1606 3603; x_wconf 90' lang='lat' dir='ltr'>et</span> <span class='ocrx_word' id='word_1_258' title='bbox 1641 3546 1695 3601; x_wconf 92' lang='lat' dir='ltr'>di</span> <span class='ocrx_word' id='word_1_259' title='bbox 1728 3552 1925 3620; x_wconf 84' lang='lat' dir='ltr'>questo</span> <span class='ocrx_word' id='word_1_260' title='bbox 1964 3546 2202 3601; x_wconf 84' lang='lat' dir='ltr'>achordo</span> <span class='ocrx_word' id='word_1_261' title='bbox 2240 3544 2255 3599; x_wconf 89' lang='lat' dir='ltr'>i</span> <span class='ocrx_word' id='word_1_262' title='bbox 2294 3542 2550 3599; x_wconf 88' lang='lat' dir='ltr'>Vinitiani</span> <span class='ocrx_word' id='word_1_263' title='bbox 2593 3559 2729 3599; x_wconf 83' lang='lat' dir='ltr'>sono</span> <span class='ocrx_word' id='word_1_264' title='bbox 2768 3542 2897 3598; x_wconf 86' lang='lat' dir='ltr'>stati</span> <span class='ocrx_word' id='word_1_265' title='bbox 2932 3559 3030 3615; x_wconf 86' lang='lat' dir='ltr'>per</span> <span class='ocrx_word' id='word_1_266' title='bbox 3068 3542 3389 3597; x_wconf 74' lang='lat' dir='ltr'>instrumento</span> 
     </span>
    </p>
   </div>
   <div class='ocr_carea' id='block_1_8' title="bbox 752 3624 3389 5225">
    <p class='ocr_par' dir='ltr' id='par_1_11' title="bbox 757 3624 3389 4511">
     <span class='ocr_line' id='line_1_27' title="bbox 763 3624 3389 3709; baseline -0.003 -20"><span class='ocrx_word' id='word_1_267' title='bbox 763 3634 819 3689; x_wconf 90' lang='lat' dir='ltr'>di</span> <span class='ocrx_word' id='word_1_268' title='bbox 848 3634 950 3691; x_wconf 90' lang='lat' dir='ltr'>che</span> <span class='ocrx_word' id='word_1_269' title='bbox 977 3634 1050 3691; x_wconf 88' lang='lat' dir='ltr'>mi</span> <span class='ocrx_word' id='word_1_270' title='bbox 1081 3634 1331 3692; x_wconf 86' lang='lat' dir='ltr'>richordo</span> <span class='ocrx_word' id='word_1_271' title='bbox 1361 3635 1415 3692; x_wconf 90' lang='lat' dir='ltr'>di</span> <span class='ocrx_word' id='word_1_272' title='bbox 1445 3624 1643 3691; x_wconf 77' lang='lat' dir='ltr'>havere</span> <span class='ocrx_word' id='word_1_273' title='bbox 1677 3635 1878 3709; x_wconf 88' lang='lat' dir='ltr'>scripto</span> <span class='ocrx_word' id='word_1_274' title='bbox 1919 3654 2013 3708; x_wconf 88' lang='lat' dir='ltr'>per</span> <span class='ocrx_word' id='word_1_275' title='bbox 2052 3632 2184 3690; x_wconf 85' lang='lat' dir='ltr'>altre</span> <span class='ocrx_word' id='word_1_276' title='bbox 2222 3633 2274 3689; x_wconf 90' lang='lat' dir='ltr'>la</span> <span class='ocrx_word' id='word_1_277' title='bbox 2309 3632 2556 3706; x_wconf 86' lang='lat' dir='ltr'>cagione.</span> <span class='ocrx_word' id='word_1_278' title='bbox 2592 3630 2720 3703; x_wconf 89' lang='lat' dir='ltr'>(Les</span> <span class='ocrx_word' id='word_1_279' title='bbox 2748 3638 2894 3688; x_wconf 86' lang='lat' dir='ltr'>mots</span> <span class='ocrx_word' id='word_1_280' title='bbox 2923 3646 2993 3686; x_wconf 88' lang='lat' dir='ltr'>en</span> <span class='ocrx_word' id='word_1_281' title='bbox 3024 3630 3269 3704; x_wconf 63' lang='lat' dir='ltr'>i&#39;taliques</span> <span class='ocrx_word' id='word_1_282' title='bbox 3294 3628 3389 3681; x_wconf 78' lang='lat' dir='ltr'>sont</span> 
     </span>
     <span class='ocr_line' id='line_1_28' title="bbox 765 3717 3388 3797; baseline -0.003 -18"><span class='ocrx_word' id='word_1_283' title='bbox 765 3741 832 3779; x_wconf 90' lang='lat' dir='ltr'>en</span> <span class='ocrx_word' id='word_1_284' title='bbox 857 3722 1078 3781; x_wconf 78' lang='lat' dir='ltr'>chiffres</span> <span class='ocrx_word' id='word_1_285' title='bbox 1110 3740 1206 3781; x_wconf 86' lang='lat' dir='ltr'>sur</span> <span class='ocrx_word' id='word_1_286' title='bbox 1233 3724 1542 3797; x_wconf 82' lang='lat' dir='ltr'>l&#39;original).</span> <span class='ocrx_word' id='word_1_287' title='bbox 1579 3724 1769 3796; x_wconf 75' lang='lat' dir='ltr'>(Arch.</span> <span class='ocrx_word' id='word_1_288' title='bbox 1803 3728 2043 3793; x_wconf 78' lang='lat' dir='ltr'>Fiorent,</span> <span class='ocrx_word' id='word_1_289' title='bbox 2075 3722 2209 3779; x_wconf 86' lang='lat' dir='ltr'>clas.</span> <span class='ocrx_word' id='word_1_290' title='bbox 2241 3724 2313 3793; x_wconf 90' lang='lat' dir='ltr'>X,</span> <span class='ocrx_word' id='word_1_291' title='bbox 2343 3722 2471 3779; x_wconf 84' lang='lat' dir='ltr'>dist.</span> <span class='ocrx_word' id='word_1_292' title='bbox 2503 3738 2563 3779; x_wconf 85' lang='lat' dir='ltr'>n.</span> <span class='ocrx_word' id='word_1_293' title='bbox 2592 3738 2649 3779; x_wconf 90' lang='lat' dir='ltr'>n.</span> <span class='ocrx_word' id='word_1_294' title='bbox 2680 3722 2771 3789; x_wconf 87' lang='lat'>53,</span> <span class='ocrx_word' id='word_1_295' title='bbox 2803 3735 2839 3777; x_wconf 85' lang='lat' dir='ltr'>a</span> <span class='ocrx_word' id='word_1_296' title='bbox 2862 3736 2910 3777; x_wconf 90' lang='lat' dir='ltr'>c.</span> <span class='ocrx_word' id='word_1_297' title='bbox 2942 3720 3073 3775; x_wconf 82' lang='lat'>270.</span> <span class='ocrx_word' id='word_1_298' title='bbox 3102 3722 3183 3789; x_wconf 76' lang='lat' dir='ltr'>v.)</span> <span class='ocrx_word' id='word_1_299' title='bbox 3210 3717 3307 3773; x_wconf 83' lang='lat' dir='ltr'>Sur</span> <span class='ocrx_word' id='word_1_300' title='bbox 3326 3722 3388 3767; x_wconf 73' lang='lat' dir='ltr'>cet</span> 
     </span>
     <span class='ocr_line' id='line_1_29' title="bbox 761 3803 3385 3888; baseline -0.005 -21"><span class='ocrx_word' id='word_1_301' title='bbox 761 3813 957 3869; x_wconf 80' lang='lat' dir='ltr'>accord</span> <span class='ocrx_word' id='word_1_302' title='bbox 987 3820 1138 3871; x_wconf 87' lang='lat' dir='ltr'>entre</span> <span class='ocrx_word' id='word_1_303' title='bbox 1167 3814 1216 3871; x_wconf 83' lang='lat' dir='ltr'>le</span> <span class='ocrx_word' id='word_1_304' title='bbox 1244 3816 1396 3888; x_wconf 85' lang='lat' dir='ltr'>Pape</span> <span class='ocrx_word' id='word_1_305' title='bbox 1425 3820 1480 3871; x_wconf 91' lang='lat' dir='ltr'>et</span> <span class='ocrx_word' id='word_1_306' title='bbox 1505 3814 1532 3869; x_wconf 84' lang='lat' dir='ltr'>J</span> <span class='ocrx_word' id='word_1_307' title='bbox 1541 3814 1686 3871; x_wconf 90' lang='lat' dir='ltr'>ulien</span> <span class='ocrx_word' id='word_1_308' title='bbox 1715 3815 1784 3871; x_wconf 87' lang='lat' dir='ltr'>de</span> <span class='ocrx_word' id='word_1_309' title='bbox 1813 3812 1865 3870; x_wconf 88' lang='lat' dir='ltr'>la</span> <span class='ocrx_word' id='word_1_310' title='bbox 1885 3813 2117 3881; x_wconf 74' lang='lat' dir='ltr'>Revera,</span> <span class='ocrx_word' id='word_1_311' title='bbox 2141 3812 2369 3870; x_wconf 90' lang='lat' dir='ltr'>Sanudo</span> <span class='ocrx_word' id='word_1_312' title='bbox 2392 3811 2527 3869; x_wconf 75' lang='lat' dir='ltr'>ecrit</span> <span class='ocrx_word' id='word_1_313' title='bbox 2553 3829 2570 3869; x_wconf 76' lang='lat' dir='ltr'>z</span> <span class='ocrx_word' id='word_1_314' title='bbox 2593 3834 2622 3864; x_wconf 74' lang='grc' dir='ltr'>α</span> <span class='ocrx_word' id='word_1_315' title='bbox 2652 3812 2723 3867; x_wconf 87' lang='lat' dir='ltr'>Et</span> <span class='ocrx_word' id='word_1_316' title='bbox 2746 3828 2781 3866; x_wconf 87' lang='lat' dir='ltr'>a</span> <span class='ocrx_word' id='word_1_317' title='bbox 2808 3810 2863 3865; x_wconf 84' lang='lat' dir='ltr'>di</span> <span class='ocrx_word' id='word_1_318' title='bbox 2890 3810 2949 3878; x_wconf 89' lang='grc'>6,</span> <span class='ocrx_word' id='word_1_319' title='bbox 2970 3826 3112 3865; x_wconf 78' lang='lat' dir='ltr'>vene</span> <span class='ocrx_word' id='word_1_320' title='bbox 3140 3808 3287 3865; x_wconf 84' lang='lat' dir='ltr'>etiam</span> <span class='ocrx_word' id='word_1_321' title='bbox 3310 3803 3385 3857; x_wconf 83' lang='lat' dir='ltr'>let·</span> 
     </span>
     <span class='ocr_line' id='line_1_30' title="bbox 762 3886 3387 3969; baseline -0.005 -10"><span class='ocrx_word' id='word_1_322' title='bbox 762 3909 876 3959; x_wconf 91' lang='lat' dir='ltr'>tere</span> <span class='ocrx_word' id='word_1_323' title='bbox 904 3900 960 3959; x_wconf 88' lang='lat' dir='ltr'>di</span> <span class='ocrx_word' id='word_1_324' title='bbox 989 3902 1164 3961; x_wconf 86' lang='lat' dir='ltr'>Roma</span> <span class='ocrx_word' id='word_1_325' title='bbox 1201 3903 1256 3959; x_wconf 90' lang='lat' dir='ltr'>di</span> <span class='ocrx_word' id='word_1_326' title='bbox 1299 3904 1350 3959; x_wconf 91' lang='lat' dir='ltr'>la</span> <span class='ocrx_word' id='word_1_327' title='bbox 1389 3904 1707 3959; x_wconf 87' lang='lat' dir='ltr'>conclusion</span> <span class='ocrx_word' id='word_1_328' title='bbox 1742 3902 1799 3958; x_wconf 91' lang='lat' dir='ltr'>di</span> <span class='ocrx_word' id='word_1_329' title='bbox 1839 3902 2075 3959; x_wconf 87' lang='lat' dir='ltr'>l&#39;acordo</span> <span class='ocrx_word' id='word_1_330' title='bbox 2111 3902 2244 3959; x_wconf 84' lang='lat' dir='ltr'>fatto</span> <span class='ocrx_word' id='word_1_331' title='bbox 2274 3907 2359 3957; x_wconf 89' lang='lat' dir='ltr'>tra</span> <span class='ocrx_word' id='word_1_332' title='bbox 2393 3899 2445 3956; x_wconf 91' lang='lat' dir='ltr'>la</span> <span class='ocrx_word' id='word_1_333' title='bbox 2483 3897 2686 3955; x_wconf 74' lang='lat' dir='ltr'>santita</span> <span class='ocrx_word' id='word_1_334' title='bbox 2722 3896 2799 3952; x_wconf 91' lang='lat' dir='ltr'>dil</span> <span class='ocrx_word' id='word_1_335' title='bbox 2836 3902 3031 3953; x_wconf 84' lang='lat' dir='ltr'>nostro</span> <span class='ocrx_word' id='word_1_336' title='bbox 3072 3895 3255 3969; x_wconf 82' lang='lat' dir='ltr'>signer</span> <span class='ocrx_word' id='word_1_337' title='bbox 3290 3898 3334 3946; x_wconf 82' lang='lat' dir='ltr'>et</span> <span class='ocrx_word' id='word_1_338' title='bbox 3360 3886 3387 3940; x_wconf 84' lang='lat' dir='ltr'>il</span> 
     </span>
     <span class='ocr_line' id='line_1_31' title="bbox 760 3980 3385 4059; baseline -0.004 -13"><span class='ocrx_word' id='word_1_339' title='bbox 760 3992 1218 4050; x_wconf 88' lang='lat' dir='ltr'>reverendissimo</span> <span class='ocrx_word' id='word_1_340' title='bbox 1257 3990 1494 4049; x_wconf 83' lang='lat' dir='ltr'>cardinal</span> <span class='ocrx_word' id='word_1_341' title='bbox 1538 3992 1652 4049; x_wconf 89' lang='lat' dir='ltr'>San</span> <span class='ocrx_word' id='word_1_342' title='bbox 1691 3989 1850 4049; x_wconf 85' lang='lat' dir='ltr'>Piero</span> <span class='ocrx_word' id='word_1_343' title='bbox 1879 3994 1940 4045; x_wconf 77' lang='lat' dir='ltr'>in</span> <span class='ocrx_word' id='word_1_344' title='bbox 1977 3990 2216 4059; x_wconf 75' lang='lat' dir='ltr'>vincula,</span> <span class='ocrx_word' id='word_1_345' title='bbox 2248 4006 2341 4045; x_wconf 84' lang='lat' dir='ltr'>era</span> <span class='ocrx_word' id='word_1_346' title='bbox 2372 3988 2429 4043; x_wconf 85' lang='lat' dir='ltr'>in</span> <span class='ocrx_word' id='word_1_347' title='bbox 2465 3986 2687 4053; x_wconf 76' lang='lat' dir='ltr'>Prema,</span> <span class='ocrx_word' id='word_1_348' title='bbox 2730 4000 2831 4043; x_wconf 86' lang='lat' dir='ltr'>con</span> <span class='ocrx_word' id='word_1_349' title='bbox 2870 3992 3069 4058; x_wconf 82' lang='lat' dir='ltr'>queste</span> <span class='ocrx_word' id='word_1_350' title='bbox 3108 3980 3385 4041; x_wconf 65' lang='lat' dir='ltr'>mention:</span> 
     </span>
     <span class='ocr_line' id='line_1_32' title="bbox 761 4067 3387 4158; baseline -0.004 -23"><span class='ocrx_word' id='word_1_351' title='bbox 761 4081 898 4138; x_wconf 84' lang='lat' dir='ltr'>che’l</span> <span class='ocrx_word' id='word_1_352' title='bbox 928 4082 1184 4158; x_wconf 82' lang='lat' dir='ltr'>pontifice</span> <span class='ocrx_word' id='word_1_353' title='bbox 1214 4083 1456 4157; x_wconf 88' lang='lat' dir='ltr'>perdona</span> <span class='ocrx_word' id='word_1_354' title='bbox 1491 4099 1524 4139; x_wconf 78' lang='lat' dir='ltr'>a</span> <span class='ocrx_word' id='word_1_355' title='bbox 1561 4081 1700 4139; x_wconf 89' lang='lat' dir='ltr'>ditto</span> <span class='ocrx_word' id='word_1_356' title='bbox 1739 4077 1983 4137; x_wconf 84' lang='lat' dir='ltr'>cardinal</span> <span class='ocrx_word' id='word_1_357' title='bbox 2012 4079 2144 4152; x_wconf 82' lang='lat' dir='ltr'>ogni</span> <span class='ocrx_word' id='word_1_358' title='bbox 2182 4078 2354 4135; x_wconf 75' lang='lat' dir='ltr'>offesa</span> <span class='ocrx_word' id='word_1_359' title='bbox 2390 4084 2445 4135; x_wconf 91' lang='lat' dir='ltr'>et</span> <span class='ocrx_word' id='word_1_360' title='bbox 2480 4077 2517 4135; x_wconf 89' lang='lat' dir='ltr'>li</span> <span class='ocrx_word' id='word_1_361' title='bbox 2547 4076 2713 4133; x_wconf 82' lang='lat' dir='ltr'>rende</span> <span class='ocrx_word' id='word_1_362' title='bbox 2742 4072 2869 4133; x_wconf 80' lang='lat' dir='ltr'>tutti</span> <span class='ocrx_word' id='word_1_363' title='bbox 2896 4073 2933 4129; x_wconf 92' lang='lat' dir='ltr'>li</span> <span class='ocrx_word' id='word_1_364' title='bbox 2980 4074 3065 4131; x_wconf 85' lang='lat' dir='ltr'>soi</span> <span class='ocrx_word' id='word_1_365' title='bbox 3102 4067 3323 4131; x_wconf 73' lang='lat' dir='ltr'>beneficii</span> <span class='ocrx_word' id='word_1_366' title='bbox 3346 4072 3387 4121; x_wconf 76' lang='lat' dir='ltr'>et</span> 
     </span>
     <span class='ocr_line' id='line_1_33' title="bbox 759 4154 3381 4244; baseline -0.004 -19"><span class='ocrx_word' id='word_1_367' title='bbox 759 4169 958 4229; x_wconf 87' lang='lat' dir='ltr'>intrate</span> <span class='ocrx_word' id='word_1_368' title='bbox 995 4190 1026 4228; x_wconf 90' lang='lat' dir='ltr'>e</span> <span class='ocrx_word' id='word_1_369' title='bbox 1057 4171 1218 4243; x_wconf 87' lang='lat' dir='ltr'>titoli,</span> <span class='ocrx_word' id='word_1_370' title='bbox 1259 4188 1414 4229; x_wconf 88' lang='lat' dir='ltr'>come</span> <span class='ocrx_word' id='word_1_371' title='bbox 1449 4172 1629 4244; x_wconf 87' lang='lat' dir='ltr'>prima</span> <span class='ocrx_word' id='word_1_372' title='bbox 1663 4168 1857 4239; x_wconf 84' lang='lat' dir='ltr'>havia;</span> <span class='ocrx_word' id='word_1_373' title='bbox 1896 4176 1951 4227; x_wconf 90' lang='lat' dir='ltr'>et</span> <span class='ocrx_word' id='word_1_374' title='bbox 1998 4168 2098 4224; x_wconf 88' lang='lat' dir='ltr'>che</span> <span class='ocrx_word' id='word_1_375' title='bbox 2126 4167 2158 4222; x_wconf 92' lang='lat' dir='ltr'>&#39;l</span> <span class='ocrx_word' id='word_1_376' title='bbox 2194 4166 2361 4241; x_wconf 82' lang='lat' dir='ltr'>vegni</span> <span class='ocrx_word' id='word_1_377' title='bbox 2400 4184 2435 4223; x_wconf 93' lang='lat' dir='ltr'>a</span> <span class='ocrx_word' id='word_1_378' title='bbox 2462 4172 2577 4222; x_wconf 85' lang='lat' dir='ltr'>star</span> <span class='ocrx_word' id='word_1_379' title='bbox 2620 4164 2679 4221; x_wconf 90' lang='lat' dir='ltr'>in</span> <span class='ocrx_word' id='word_1_380' title='bbox 2717 4163 2875 4220; x_wconf 86' lang='lat' dir='ltr'>Italia</span> <span class='ocrx_word' id='word_1_381' title='bbox 2912 4170 2969 4220; x_wconf 89' lang='lat' dir='ltr'>et</span> <span class='ocrx_word' id='word_1_382' title='bbox 3005 4182 3115 4220; x_wconf 91' lang='lat' dir='ltr'>non</span> <span class='ocrx_word' id='word_1_383' title='bbox 3153 4156 3315 4234; x_wconf 60' lang='lat' dir='ltr'>stagni</span> <span class='ocrx_word' id='word_1_384' title='bbox 3342 4154 3381 4209; x_wconf 85' lang='lat' dir='ltr'>in</span> 
     </span>
     <span class='ocr_line' id='line_1_34' title="bbox 759 4242 3385 4329; baseline -0.005 -16"><span class='ocrx_word' id='word_1_385' title='bbox 759 4256 995 4327; x_wconf 87' lang='lat' dir='ltr'>Franza;</span> <span class='ocrx_word' id='word_1_386' title='bbox 1027 4265 1083 4316; x_wconf 92' lang='lat' dir='ltr'>et</span> <span class='ocrx_word' id='word_1_387' title='bbox 1109 4262 1359 4317; x_wconf 90' lang='lat' dir='ltr'>venendo</span> <span class='ocrx_word' id='word_1_388' title='bbox 1389 4278 1422 4317; x_wconf 91' lang='lat' dir='ltr'>a</span> <span class='ocrx_word' id='word_1_389' title='bbox 1449 4260 1644 4329; x_wconf 87' lang='lat' dir='ltr'>Roma,</span> <span class='ocrx_word' id='word_1_390' title='bbox 1681 4259 1717 4314; x_wconf 91' lang='lat' dir='ltr'>li</span> <span class='ocrx_word' id='word_1_391' title='bbox 1753 4260 1921 4315; x_wconf 87' lang='lat' dir='ltr'>rende</span> <span class='ocrx_word' id='word_1_392' title='bbox 1960 4258 2011 4313; x_wconf 87' lang='lat' dir='ltr'>la</span> <span class='ocrx_word' id='word_1_393' title='bbox 2048 4254 2153 4313; x_wconf 78' lang='lat' dir='ltr'>cita</span> <span class='ocrx_word' id='word_1_394' title='bbox 2192 4256 2246 4311; x_wconf 91' lang='lat' dir='ltr'>di</span> <span class='ocrx_word' id='word_1_395' title='bbox 2286 4254 2478 4313; x_wconf 87' lang='lat' dir='ltr'>Hostia</span> <span class='ocrx_word' id='word_1_396' title='bbox 2506 4256 2607 4311; x_wconf 89' lang='lat' dir='ltr'>che</span> <span class='ocrx_word' id='word_1_397' title='bbox 2636 4254 2691 4310; x_wconf 83' lang='lat' dir='ltr'>fu</span> <span class='ocrx_word' id='word_1_398' title='bbox 2724 4270 2846 4323; x_wconf 87' lang='lat' dir='ltr'>sua,</span> <span class='ocrx_word' id='word_1_399' title='bbox 2877 4260 2933 4310; x_wconf 86' lang='lat' dir='ltr'>et</span> <span class='ocrx_word' id='word_1_400' title='bbox 2972 4262 3152 4309; x_wconf 77' lang='lat' dir='ltr'>tamen</span> <span class='ocrx_word' id='word_1_401' title='bbox 3180 4246 3301 4306; x_wconf 83' lang='lat' dir='ltr'>che&#39;l</span> <span class='ocrx_word' id='word_1_402' title='bbox 3322 4242 3385 4299; x_wconf 78' lang='lat' dir='ltr'>sia</span> 
     </span>
     <span class='ocr_line' id='line_1_35' title="bbox 759 4332 3383 4424; baseline -0.004 -23"><span class='ocrx_word' id='word_1_403' title='bbox 759 4345 1004 4420; x_wconf 83' lang='lat' dir='ltr'>obligato</span> <span class='ocrx_word' id='word_1_404' title='bbox 1031 4366 1064 4404; x_wconf 91' lang='lat' dir='ltr'>a</span> <span class='ocrx_word' id='word_1_405' title='bbox 1091 4364 1264 4423; x_wconf 83' lang='lat' dir='ltr'>pagar</span> <span class='ocrx_word' id='word_1_406' title='bbox 1291 4350 1342 4407; x_wconf 87' lang='lat' dir='ltr'>al</span> <span class='ocrx_word' id='word_1_407' title='bbox 1370 4348 1630 4424; x_wconf 84' lang='lat' dir='ltr'>pontifice</span> <span class='ocrx_word' id='word_1_408' title='bbox 1661 4346 1845 4405; x_wconf 88' lang='lat' dir='ltr'>ducati</span> <span class='ocrx_word' id='word_1_409' title='bbox 1874 4349 2033 4416; x_wconf 83' lang='lat'>1200,</span> <span class='ocrx_word' id='word_1_410' title='bbox 2064 4347 2165 4403; x_wconf 87' lang='lat' dir='ltr'>che</span> <span class='ocrx_word' id='word_1_411' title='bbox 2192 4344 2313 4401; x_wconf 88' lang='lat' dir='ltr'>dice</span> <span class='ocrx_word' id='word_1_412' title='bbox 2340 4344 2509 4401; x_wconf 81' lang='lat' dir='ltr'>haver</span> <span class='ocrx_word' id='word_1_413' title='bbox 2540 4360 2709 4418; x_wconf 81' lang='lat' dir='ltr'>spese</span> <span class='ocrx_word' id='word_1_414' title='bbox 2734 4342 2791 4397; x_wconf 85' lang='lat' dir='ltr'>in</span> <span class='ocrx_word' id='word_1_415' title='bbox 2832 4342 2885 4399; x_wconf 86' lang='lat' dir='ltr'>la</span> <span class='ocrx_word' id='word_1_416' title='bbox 2920 4340 3165 4399; x_wconf 63' lang='lat' dir='ltr'>micha</span> <span class='ocrx_word' id='word_1_417' title='bbox 3196 4356 3227 4396; x_wconf 86' lang='lat' dir='ltr'>a</span> <span class='ocrx_word' id='word_1_418' title='bbox 3261 4332 3383 4392; x_wconf 72' lang='lat' dir='ltr'>forti·</span> 
     </span>
     <span class='ocr_line' id='line_1_36' title="bbox 757 4429 3143 4511; baseline -0.003 -19"><span class='ocrx_word' id='word_1_419' title='bbox 757 4434 891 4493; x_wconf 82' lang='lat' dir='ltr'>ficar</span> <span class='ocrx_word' id='word_1_420' title='bbox 917 4435 972 4493; x_wconf 87' lang='lat' dir='ltr'>la</span> <span class='ocrx_word' id='word_1_421' title='bbox 997 4436 1136 4495; x_wconf 86' lang='lat' dir='ltr'>ditta</span> <span class='ocrx_word' id='word_1_422' title='bbox 1163 4445 1307 4496; x_wconf 85' lang='lat' dir='ltr'>terra</span> <span class='ocrx_word' id='word_1_423' title='bbox 1335 4446 1390 4497; x_wconf 88' lang='lat' dir='ltr'>et</span> <span class='ocrx_word' id='word_1_424' title='bbox 1415 4439 1640 4507; x_wconf 83' lang='lat' dir='ltr'>castelo,</span> <span class='ocrx_word' id='word_1_425' title='bbox 1667 4437 1722 4494; x_wconf 90' lang='lat' dir='ltr'>la</span> <span class='ocrx_word' id='word_1_426' title='bbox 1747 4436 1874 4511; x_wconf 83' lang='lat' dir='ltr'>qual</span> <span class='ocrx_word' id='word_1_427' title='bbox 1904 4435 2077 4492; x_wconf 84' lang='lat' dir='ltr'>riman</span> <span class='ocrx_word' id='word_1_428' title='bbox 2107 4435 2163 4491; x_wconf 90' lang='lat' dir='ltr'>in</span> <span class='ocrx_word' id='word_1_429' title='bbox 2192 4434 2444 4509; x_wconf 85' lang='lat' dir='ltr'>deposito</span> <span class='ocrx_word' id='word_1_430' title='bbox 2470 4433 2525 4489; x_wconf 91' lang='lat' dir='ltr'>in</span> <span class='ocrx_word' id='word_1_431' title='bbox 2556 4449 2717 4488; x_wconf 88' lang='lat' dir='ltr'>mano</span> <span class='ocrx_word' id='word_1_432' title='bbox 2746 4430 2833 4488; x_wconf 89' lang='lat' dir='ltr'>de’</span> <span class='ocrx_word' id='word_1_433' title='bbox 2863 4429 3143 4487; x_wconf 85' lang='lat' dir='ltr'>cardinali.</span> 
     </span>
    </p>

    <p class='ocr_par' dir='ltr' id='par_1_12' title="bbox 752 4514 3377 5225">
     <span class='ocr_line' id='line_1_37' title="bbox 829 4514 3377 4603; baseline -0.005 -20"><span class='ocrx_word' id='word_1_434' title='bbox 829 4526 962 4584; x_wconf 85' lang='lat' dir='ltr'>Item</span> <span class='ocrx_word' id='word_1_435' title='bbox 991 4528 1042 4583; x_wconf 86' lang='lat' dir='ltr'>al</span> <span class='ocrx_word' id='word_1_436' title='bbox 1071 4527 1262 4602; x_wconf 84' lang='lat' dir='ltr'>signor</span> <span class='ocrx_word' id='word_1_437' title='bbox 1289 4528 1520 4603; x_wconf 82' lang='lat' dir='ltr'>prefetto</span> <span class='ocrx_word' id='word_1_438' title='bbox 1551 4544 1650 4585; x_wconf 88' lang='lat' dir='ltr'>suo</span> <span class='ocrx_word' id='word_1_439' title='bbox 1680 4525 1909 4595; x_wconf 85' lang='lat' dir='ltr'>frate110,</span> <span class='ocrx_word' id='word_1_440' title='bbox 1940 4524 1991 4580; x_wconf 92' lang='lat' dir='ltr'>lo</span> <span class='ocrx_word' id='word_1_441' title='bbox 2030 4523 2339 4581; x_wconf 82' lang='lat' dir='ltr'>restituisse</span> <span class='ocrx_word' id='word_1_442' title='bbox 2376 4521 2467 4578; x_wconf 90' lang='lat' dir='ltr'>nel</span> <span class='ocrx_word' id='word_1_443' title='bbox 2509 4518 2663 4578; x_wconf 86' lang='lat' dir='ltr'>titolo</span> <span class='ocrx_word' id='word_1_444' title='bbox 2691 4519 2748 4576; x_wconf 91' lang='lat' dir='ltr'>di</span> <span class='ocrx_word' id='word_1_445' title='bbox 2783 4516 3013 4593; x_wconf 79' lang='lat' dir='ltr'>preffeto</span> <span class='ocrx_word' id='word_1_446' title='bbox 3052 4518 3109 4573; x_wconf 90' lang='lat' dir='ltr'>di</span> <span class='ocrx_word' id='word_1_447' title='bbox 3140 4514 3309 4579; x_wconf 78' lang='lat' dir='ltr'>Roma,</span> <span class='ocrx_word' id='word_1_448' title='bbox 3334 4514 3377 4564; x_wconf 75' lang='lat' dir='ltr'>et</span> 
     </span>
     <span class='ocr_line' id='line_1_38' title="bbox 755 4599 3377 4685; baseline -0.006 -14"><span class='ocrx_word' id='word_1_449' title='bbox 755 4614 894 4673; x_wconf 88' lang='lat' dir='ltr'>oltra</span> <span class='ocrx_word' id='word_1_450' title='bbox 921 4615 958 4672; x_wconf 95' lang='lat' dir='ltr'>il</span> <span class='ocrx_word' id='word_1_451' title='bbox 988 4618 1226 4675; x_wconf 87' lang='lat' dir='ltr'>duchato</span> <span class='ocrx_word' id='word_1_452' title='bbox 1256 4616 1309 4674; x_wconf 91' lang='lat' dir='ltr'>di</span> <span class='ocrx_word' id='word_1_453' title='bbox 1341 4616 1480 4673; x_wconf 84' lang='lat' dir='ltr'>Sora</span> <span class='ocrx_word' id='word_1_454' title='bbox 1507 4617 1608 4673; x_wconf 87' lang='lat' dir='ltr'>che</span> <span class='ocrx_word' id='word_1_455' title='bbox 1637 4615 1769 4685; x_wconf 87' lang='lat' dir='ltr'>tien,</span> <span class='ocrx_word' id='word_1_456' title='bbox 1802 4618 1966 4673; x_wconf 76' lang='lat' dir='ltr'>etiam</span> <span class='ocrx_word' id='word_1_457' title='bbox 1995 4612 2033 4668; x_wconf 87' lang='lat' dir='ltr'>li</span> <span class='ocrx_word' id='word_1_458' title='bbox 2061 4614 2225 4682; x_wconf 88' lang='lat' dir='ltr'>dano,</span> <span class='ocrx_word' id='word_1_459' title='bbox 2256 4630 2358 4668; x_wconf 82' lang='lat' dir='ltr'>con</span> <span class='ocrx_word' id='word_1_460' title='bbox 2384 4610 2532 4668; x_wconf 83' lang='lat' dir='ltr'>voler</span> <span class='ocrx_word' id='word_1_461' title='bbox 2558 4608 2635 4665; x_wconf 90' lang='lat' dir='ltr'>dil</span> <span class='ocrx_word' id='word_1_462' title='bbox 2654 4608 3013 4665; x_wconf 84' lang='lat' dir='ltr'>serenissimo</span> <span class='ocrx_word' id='word_1_463' title='bbox 3032 4622 3093 4665; x_wconf 81' lang='lat' dir='ltr'>re</span> <span class='ocrx_word' id='word_1_464' title='bbox 3118 4606 3217 4663; x_wconf 86' lang='lat' dir='ltr'>don</span> <span class='ocrx_word' id='word_1_465' title='bbox 3240 4599 3377 4657; x_wconf 69' lang='lat' dir='ltr'>Pede-</span> 
     </span>
     <span class='ocr_line' id='line_1_39' title="bbox 755 4692 3377 4782; baseline -0.006 -23"><span class='ocrx_word' id='word_1_466' title='bbox 755 4702 868 4760; x_wconf 83' lang='lat' dir='ltr'>rico</span> <span class='ocrx_word' id='word_1_467' title='bbox 895 4704 950 4761; x_wconf 89' lang='lat' dir='ltr'>di</span> <span class='ocrx_word' id='word_1_468' title='bbox 979 4705 1196 4780; x_wconf 88' lang='lat' dir='ltr'>Napoli,</span> <span class='ocrx_word' id='word_1_469' title='bbox 1227 4706 1312 4763; x_wconf 91' lang='lat' dir='ltr'>col</span> <span class='ocrx_word' id='word_1_470' title='bbox 1340 4704 1468 4779; x_wconf 82' lang='lat' dir='ltr'>qual</span> <span class='ocrx_word' id='word_1_471' title='bbox 1495 4708 1662 4763; x_wconf 76' lang='lat' dir='ltr'>etiam</span> <span class='ocrx_word' id='word_1_472' title='bbox 1689 4702 1736 4759; x_wconf 90' lang='lat' dir='ltr'>si</span> <span class='ocrx_word' id='word_1_473' title='bbox 1765 4704 2029 4761; x_wconf 85' lang='lat' dir='ltr'>accordoe</span> <span class='ocrx_word' id='word_1_474' title='bbox 2059 4720 2090 4759; x_wconf 89' lang='lat' dir='ltr'>e</span> <span class='ocrx_word' id='word_1_475' title='bbox 2114 4700 2155 4758; x_wconf 87' lang='lat' dir='ltr'>li</span> <span class='ocrx_word' id='word_1_476' title='bbox 2176 4719 2297 4760; x_wconf 88' lang='lat' dir='ltr'>rese</span> <span class='ocrx_word' id='word_1_477' title='bbox 2324 4700 2501 4759; x_wconf 84' lang='lat' dir='ltr'>alcuni</span> <span class='ocrx_word' id='word_1_478' title='bbox 2530 4698 2671 4756; x_wconf 84' lang='lat' dir='ltr'>lochi</span> <span class='ocrx_word' id='word_1_479' title='bbox 2700 4698 2803 4755; x_wconf 86' lang='lat' dir='ltr'>che</span> <span class='ocrx_word' id='word_1_480' title='bbox 2830 4698 2887 4753; x_wconf 90' lang='lat' dir='ltr'>in</span> <span class='ocrx_word' id='word_1_481' title='bbox 2917 4714 3099 4755; x_wconf 85' lang='lat' dir='ltr'>reame</span> <span class='ocrx_word' id='word_1_482' title='bbox 3126 4692 3301 4755; x_wconf 79' lang='lat' dir='ltr'>teniva,</span> <span class='ocrx_word' id='word_1_483' title='bbox 3326 4701 3377 4782; x_wconf 68' lang='lat' dir='ltr'>or</span> 
     </span>
     <span class='ocr_line' id='line_1_40' title="bbox 755 4774 3371 4868; baseline -0.003 -23"><span class='ocrx_word' id='word_1_484' title='bbox 755 4790 793 4845; x_wconf 85' lang='lat' dir='ltr'>li</span> <span class='ocrx_word' id='word_1_485' title='bbox 819 4792 966 4849; x_wconf 85' lang='lat' dir='ltr'>dano</span> <span class='ocrx_word' id='word_1_486' title='bbox 995 4793 1172 4851; x_wconf 87' lang='lat' dir='ltr'>alcuni</span> <span class='ocrx_word' id='word_1_487' title='bbox 1203 4794 1411 4853; x_wconf 85' lang='lat' dir='ltr'>castelli</span> <span class='ocrx_word' id='word_1_488' title='bbox 1441 4793 1732 4868; x_wconf 88' lang='lat' dir='ltr'>propinqui</span> <span class='ocrx_word' id='word_1_489' title='bbox 1759 4810 1792 4849; x_wconf 88' lang='lat' dir='ltr'>a</span> <span class='ocrx_word' id='word_1_490' title='bbox 1821 4792 2073 4867; x_wconf 81' lang='lat' dir='ltr'>Sinigaja</span> <span class='ocrx_word' id='word_1_491' title='bbox 2108 4792 2210 4848; x_wconf 88' lang='lat' dir='ltr'>che</span> <span class='ocrx_word' id='word_1_492' title='bbox 2248 4791 2316 4848; x_wconf 83' lang='lat' dir='ltr'>fo&#39;</span> <span class='ocrx_word' id='word_1_493' title='bbox 2339 4789 2414 4847; x_wconf 89' lang='lat' dir='ltr'>dil</span> <span class='ocrx_word' id='word_1_494' title='bbox 2452 4787 2739 4845; x_wconf 81' lang='lat' dir='ltr'>marehexe</span> <span class='ocrx_word' id='word_1_495' title='bbox 2776 4786 2831 4843; x_wconf 86' lang='lat' dir='ltr'>di</span> <span class='ocrx_word' id='word_1_496' title='bbox 2871 4787 3163 4853; x_wconf 86' lang='lat' dir='ltr'>Peschara,</span> <span class='ocrx_word' id='word_1_497' title='bbox 3190 4782 3221 4838; x_wconf 92' lang='lat' dir='ltr'>li</span> <span class='ocrx_word' id='word_1_498' title='bbox 3254 4774 3371 4852; x_wconf 72' lang='lat' dir='ltr'>qual!</span> 
     </span>
     <span class='ocr_line' id='line_1_41' title="bbox 757 4866 3372 4957; baseline -0.002 -22"><span class='ocrx_word' id='word_1_499' title='bbox 757 4894 956 4937; x_wconf 86' lang='lat' dir='ltr'>sarano</span> <span class='ocrx_word' id='word_1_500' title='bbox 983 4883 1170 4938; x_wconf 87' lang='lat' dir='ltr'>notadi</span> <span class='ocrx_word' id='word_1_501' title='bbox 1196 4888 1290 4957; x_wconf 87' lang='lat' dir='ltr'>qui</span> <span class='ocrx_word' id='word_1_502' title='bbox 1336 4882 1390 4938; x_wconf 89' lang='lat' dir='ltr'>in</span> <span class='ocrx_word' id='word_1_503' title='bbox 1429 4881 1678 4957; x_wconf 84' lang='lat' dir='ltr'>margine</span> <span class='ocrx_word' id='word_1_504' title='bbox 1719 4881 1810 4951; x_wconf 71' lang='grc' dir='ltr'>(ῗ).</span> <span class='ocrx_word' id='word_1_505' title='bbox 1856 4880 1926 4938; x_wconf 87' lang='lat' dir='ltr'>Et</span> <span class='ocrx_word' id='word_1_506' title='bbox 1971 4886 2175 4955; x_wconf 87' lang='lat' dir='ltr'>quanto</span> <span class='ocrx_word' id='word_1_507' title='bbox 2213 4898 2247 4937; x_wconf 90' lang='lat' dir='ltr'>a</span> <span class='ocrx_word' id='word_1_508' title='bbox 2282 4880 2319 4936; x_wconf 94' lang='lat' dir='ltr'>li</span> <span class='ocrx_word' id='word_1_509' title='bbox 2357 4878 2537 4936; x_wconf 85' lang='lat' dir='ltr'>ducati</span> <span class='ocrx_word' id='word_1_510' title='bbox 2574 4878 2644 4934; x_wconf 78' lang='lat'>40</span> <span class='ocrx_word' id='word_1_511' title='bbox 2682 4874 2832 4932; x_wconf 86' lang='lat' dir='ltr'>milia</span> <span class='ocrx_word' id='word_1_512' title='bbox 2875 4876 2975 4932; x_wconf 89' lang='lat' dir='ltr'>che</span> <span class='ocrx_word' id='word_1_513' title='bbox 3014 4890 3143 4933; x_wconf 87' lang='lat' dir='ltr'>esso</span> <span class='ocrx_word' id='word_1_514' title='bbox 3182 4866 3372 4947; x_wconf 64' lang='lat' dir='ltr'>proffem</span> 
     </span>
     <span class='ocr_line' id='line_1_42' title="bbox 752 4956 3369 5044; baseline -0.005 -19"><span class='ocrx_word' id='word_1_515' title='bbox 752 4966 892 5025; x_wconf 83' lang='lat' dir='ltr'>tolse</span> <span class='ocrx_word' id='word_1_516' title='bbox 919 4968 992 5026; x_wconf 88' lang='lat' dir='ltr'>da</span> <span class='ocrx_word' id='word_1_517' title='bbox 1019 4969 1236 5028; x_wconf 86' lang='lat' dir='ltr'>l&#39;orator</span> <span class='ocrx_word' id='word_1_518' title='bbox 1261 4972 1336 5028; x_wconf 92' lang='lat' dir='ltr'>dil</span> <span class='ocrx_word' id='word_1_519' title='bbox 1361 4972 1574 5028; x_wconf 74' lang='lat' dir='ltr'>Tui-eho</span> <span class='ocrx_word' id='word_1_520' title='bbox 1602 4972 1702 5027; x_wconf 82' lang='lat' dir='ltr'>che</span> <span class='ocrx_word' id='word_1_521' title='bbox 1731 4970 1767 5025; x_wconf 88' lang='lat' dir='ltr'>li</span> <span class='ocrx_word' id='word_1_522' title='bbox 1797 4977 2023 5043; x_wconf 82' lang='lat' dir='ltr'>portava</span> <span class='ocrx_word' id='word_1_523' title='bbox 2046 4987 2081 5025; x_wconf 85' lang='lat' dir='ltr'>a</span> <span class='ocrx_word' id='word_1_524' title='bbox 2108 4986 2235 5027; x_wconf 86' lang='lat' dir='ltr'>esso</span> <span class='ocrx_word' id='word_1_525' title='bbox 2265 4984 2424 5044; x_wconf 82' lang='lat' dir='ltr'>papa,</span> <span class='ocrx_word' id='word_1_526' title='bbox 2450 4968 2723 5025; x_wconf 83' lang='lat' dir='ltr'>rimaseno</span> <span class='ocrx_word' id='word_1_527' title='bbox 2752 4966 2853 5023; x_wconf 84' lang='lat' dir='ltr'>che</span> <span class='ocrx_word' id='word_1_528' title='bbox 2882 4980 3011 5030; x_wconf 78' lang='lat' dir='ltr'>esso</span> <span class='ocrx_word' id='word_1_529' title='bbox 3030 4958 3253 5020; x_wconf 75' lang='lat' dir='ltr'>eas-(final</span> <span class='ocrx_word' id='word_1_530' title='bbox 3277 4956 3369 5013; x_wconf 78' lang='lat' dir='ltr'>Suu</span> 
     </span>
     <span class='ocr_line' id='line_1_43' title="bbox 752 5043 3367 5134; baseline -0.007 -21"><span class='ocrx_word' id='word_1_531' title='bbox 752 5058 911 5117; x_wconf 88' lang='lat' dir='ltr'>Piero</span> <span class='ocrx_word' id='word_1_532' title='bbox 939 5062 1000 5117; x_wconf 83' lang='lat' dir='ltr'>in</span> <span class='ocrx_word' id='word_1_533' title='bbox 1044 5062 1276 5118; x_wconf 80' lang='lat' dir='ltr'>Vincula</span> <span class='ocrx_word' id='word_1_534' title='bbox 1311 5062 1462 5117; x_wconf 82' lang='lat' dir='ltr'>fusse</span> <span class='ocrx_word' id='word_1_535' title='bbox 1499 5060 1574 5116; x_wconf 87' lang='lat' dir='ltr'>lui</span> <span class='ocrx_word' id='word_1_536' title='bbox 1605 5060 1809 5134; x_wconf 86' lang='lat' dir='ltr'>judice,</span> <span class='ocrx_word' id='word_1_537' title='bbox 1852 5066 1908 5116; x_wconf 85' lang='lat' dir='ltr'>et</span> <span class='ocrx_word' id='word_1_538' title='bbox 1945 5058 2003 5114; x_wconf 90' lang='lat' dir='ltr'>in</span> <span class='ocrx_word' id='word_1_539' title='bbox 2030 5058 2116 5129; x_wconf 60' lang='lat' dir='ltr'>¹lui</span> <span class='ocrx_word' id='word_1_540' title='bbox 2160 5058 2208 5116; x_wconf 87' lang='lat' dir='ltr'>si</span> <span class='ocrx_word' id='word_1_541' title='bbox 2251 5057 2511 5115; x_wconf 88' lang='lat' dir='ltr'>rimeteva</span> <span class='ocrx_word' id='word_1_542' title='bbox 2548 5056 2621 5113; x_wconf 81' lang='lat' dir='ltr'>tal</span> <span class='ocrx_word' id='word_1_543' title='bbox 2658 5072 2841 5113; x_wconf 80' lang='lat' dir='ltr'>cossa.</span> <span class='ocrx_word' id='word_1_544' title='bbox 2883 5053 3067 5121; x_wconf 61' lang='lat' dir='ltr'>Sintia,</span> <span class='ocrx_word' id='word_1_545' title='bbox 3105 5043 3367 5108; x_wconf 79' lang='lat' dir='ltr'>certissimo</span> 
     </span>
     <span class='ocr_line' id='line_1_44' title="bbox 755 5128 3360 5225; baseline 0 -21"><span class='ocrx_word' id='word_1_546' title='bbox 755 5156 953 5221; x_wconf 85' lang='lat' dir='ltr'>questo</span> <span class='ocrx_word' id='word_1_547' title='bbox 989 5150 1187 5207; x_wconf 88' lang='lat' dir='ltr'>acordo</span> <span class='ocrx_word' id='word_1_548' title='bbox 1236 5149 1454 5224; x_wconf 81' lang='lat' dir='ltr'>seguite</span> <span class='ocrx_word' id='word_1_549' title='bbox 1503 5154 1558 5206; x_wconf 90' lang='lat' dir='ltr'>et</span> <span class='ocrx_word' id='word_1_550' title='bbox 1601 5148 1728 5206; x_wconf 80' lang='lat' dir='ltr'>sono</span> <span class='ocrx_word' id='word_1_551' title='bbox 1773 5146 1977 5223; x_wconf 81' lang='lat' dir='ltr'>sigilati</span> <span class='ocrx_word' id='word_1_552' title='bbox 2025 5146 2062 5204; x_wconf 91' lang='lat' dir='ltr'>li</span> <span class='ocrx_word' id='word_1_553' title='bbox 2114 5146 2395 5225; x_wconf 88' lang='lat' dir='ltr'>capitoli...</span> <span class='ocrx_word' id='word_1_554' title='bbox 2439 5170 2489 5204; x_wconf 85' lang='lat'>».</span> <span class='ocrx_word' id='word_1_555' title='bbox 2530 5147 2733 5216; x_wconf 73' lang='lat' dir='ltr'>Dim-ii,</span> <span class='ocrx_word' id='word_1_556' title='bbox 2787 5142 2843 5200; x_wconf 88' lang='lat' dir='ltr'>di</span> <span class='ocrx_word' id='word_1_557' title='bbox 2882 5144 2954 5200; x_wconf 86' lang='lat' dir='ltr'>M.</span> <span class='ocrx_word' id='word_1_558' title='bbox 3008 5142 3227 5204; x_wconf 61' lang='lat' dir='ltr'>Sannio,</span> <span class='ocrx_word' id='word_1_559' title='bbox 3261 5138 3293 5191; x_wconf 70' lang='grc' dir='ltr'>ἴ·</span> <span class='ocrx_word' id='word_1_560' title='bbox 3330 5128 3360 5193; x_wconf 71' lang='lat'>¹2</span> 
     </span>
    </p>
   </div>
   <div class='ocr_carea' id='block_1_9' title="bbox 752 5238 1068 5302">
    <p class='ocr_par' dir='ltr' id='par_1_13' title="bbox 752 5238 1068 5302">
     <span class='ocr_line' id='line_1_45' title="bbox 752 5238 1068 5302; baseline 0.022 -8"><span class='ocrx_word' id='word_1_561' title='bbox 752 5238 854 5295; x_wconf 91' lang='lat' dir='ltr'>col.</span> <span class='ocrx_word' id='word_1_562' title='bbox 885 5240 1068 5302; x_wconf 78' lang='grc'><strong>642-3.</strong></span> 
     </span>
    </p>
   </div>
  </div>
 </body>
</html>
