3625 6059
716 610 822 663 308
1631 602 1983 660 JOHANNJS
2034 604 2477 673 ssUchAnm,
3058 604 3209 665 [Aom
3228 608 3343 667 ηας]

717 757 1144 831 baldachino
1188 757 1379 853 quod
1413 757 1744 832 doctores
1791 758 2095 833 civitatis
2143 763 2542 856 portarunt.
2586 760 2805 833 Venit
2849 757 2942 830 ad
2986 758 3336 832 ecclesiam

717 883 1233 972 cathedralem,
1285 884 1775 981 processione,
1832 890 1997 957 ante
2051 908 2345 957 crucem
2381 882 2630 980 legati,
2690 889 2762 956 et
2806 882 3170 956 canonicis
3208 894 3346 979 post

719 1032 885 1082 eum
937 1009 1420 1104 equestribuS,
1469 1015 1637 1083 ante
1681 1009 2259 1106 processionem,
2305 1008 2549 1083 debito
2592 1009 2847 1083 ordine
2879 1008 3345 1083 incedentibus

719 1140 886 1208 ante
920 1134 1306 1208 ecclesiam
1339 1133 1831 1209 cathedralem
1871 1136 1960 1207 ad
2000 1158 2214 1230 quam
2244 1132 2528 1230 legatus
2561 1135 2963 1207 associatus
2996 1141 3129 1207 est.
3163 1138 3345 1207 Juve-

720 1283 850 1332 nes
883 1262 1310 1333 Parmenses
1341 1283 1650 1356 quorum
1687 1260 1974 1333 circiter
2002 1284 2093 1333 Lx
2119 1259 2228 1333 vel
2258 1259 2501 1356 plures
2529 1260 2605 1331 in
2642 1258 3080 1356 diploidibus
3110 1258 3343 1332 ornatis

716 1383 1162 1477 incedenteS,
1206 1384 1502 1460 baculos
1549 1386 1929 1481 gestabant
1971 1385 2323 1482 depictos
2374 1385 2642 1458 Mulam
2679 1383 2901 1481 legati
2944 1408 3037 1457 ex
3074 1407 3347 1457 consue-

725 1508 968 1582 tudine
1000 1510 1438 1608 receperunt
1467 1534 1712 1608 quam,
1741 1510 2095 1584 descenso
2120 1510 2393 1606 legat0,
2430 1533 2617 1583 unus
2644 1532 2902 1583 eorum
2924 1507 3262 1597 ascendit,
3292 1513 3347 1578 et

722 1660 853 1733 per
898 1636 1256 1711 civitatem
1303 1637 1475 1710 hinc
1524 1645 1596 1711 et
1642 1636 1809 1711 inde
1854 1636 2334 1726 deduxerunt,
2389 1659 2472 1710 ac
2504 1632 2761 1709 si'eam
2804 1631 3065 1707 lucrati
3108 1638 3343 1707 essent.

617 1804 628 1815 ·
725 1760 930 1833 Circa
971 1760 1230 1834 horam
1277 1784 1744 1857 vesperorum
1793 1784 1959 1835 cum
2007 1760 2200 1834 tubis
2251 1767 2319 1834 et
2359 1760 2615 1835 fistulis
2656 1784 2695 1833 a
2742 1782 3010 1855 magna
3056 1757 3352 1832 comitiva

724 1884 1156 1959 associatam
1189 1884 1280 1959 ad
1319 1886 1666 1983 palatium
1702 1886 2091 1961 cardinalis
2124 1910 2287 1960 eam
2320 1886 2773 1961 deduxerunt
2806 1892 2878 1958 et
2904 1885 3145 1981 legato
3172 1882 3353 1956 resti-

726 2016 1041 2101 tuerunt,
1081 2012 1261 2084 nihil
1297 2012 1387 2085 ab
1419 2036 1506 2086 eo
1540 2012 1866 2110 recipere
1907 2018 2294 2111 propterea
2330 2012 2682 2086 volentes,
2722 2014 2801 2083 In
2843 2010 3153 2084 ecclesia
3185 2008 3355 2105 lega-

728 2142 838 2207 tus
870 2134 1042 2208 dixit
1085 2136 1486 2210 orationem
1527 2137 1616 2212 de
1647 2138 1858 2213 beata
1894 2138 2118 2211 Maria
2145 2136 2444 2234 virgine,
2478 2143 2788 2233 patrona
2818 2135 3150 2226 ecclesie,
3182 2132 3355 2207 dedit

723 2256 1207 2355 indulgentias
1266 2260 1573 2334 duorum
1629 2283 1991 2336 annorum
2042 2267 2115 2336 et
2166 2262 2469 2336 totidem
2530 2260 3149 2359 quadragenarum
3198 2282 3353 2353 quas

726 2382 1316 2483 archipresbyter
1343 2386 1755 2483 publicavit.
1792 2388 1953 2462 Alia
1985 2394 2148 2461 sunt
2177 2411 2381 2463 more
2415 2388 2626 2462 solito
2660 2389 3059 2462 observata.

823 2512 1132 2604 Legatus
1161 2511 1571 2608 hospitatus
1611 2520 1719 2611 est
1752 2514 1826 2585 in
1856 2513 2120 2610 palatio
2161 2512 2589 2611 episcopali;
2635 2534 2769 2586 nos
2811 2512 2930 2585 alii
2962 2512 3034 2584 in
3070 2509 3353 2607 hospitio

725 2655 784 2703 S.
815 2633 1130 2728 Georgii.
1169 2638 1536 2731 Expensas
1563 2638 1730 2710 fecit
1757 2639 2095 2712 omnibus
2127 2638 2652 2711 illustrissimus
2681 2641 2768 2711 D.
2806 2635 3181 2711 cardinalis
3212 2637 3355 2707 Par-

723 2756 995 2829 mensis
1035 2757 1180 2831 sive
1225 2759 1385 2856 ejus
1422 2760 1717 2835 familia.
1769 2768 1852 2836 R.
1908 2766 1983 2837 P.
2032 2767 2116 2837 D.
2157 2763 2479 2851 CaroluS‚
2527 2762 2912 2859 episcopus
2948 2758 3351 2841 Laudensis‚

725 2882 1016 2954 nomine
1044 2883 1248 2957 ducis
1279 2886 1691 2978 Mediolani,
1723 2889 1917 2962 venit
1944 2888 2224 2962 obviam
2250 2889 2493 2986 legato
2522 2893 2725 2961 extra
2754 2890 3091 2961 Parmam
3120 2888 3205 2961 ad
3230 2884 3357 2957 duo

721 3005 1057 3080 milliaria
1091 3009 1203 3082 vel
1235 3010 1452 3085 circa.

821 3132 1028 3206 Feria
1060 3141 1289 3225 sexta,
1333 3143 1417 3210 19
1451 3139 1730 3235 augusti
1761 3138 1957 3213 bono
1985 3163 2223 3229 mane,
2258 3144 2510 3212 Rmus.
2547 3142 2629 3212 D.
2662 3137 2943 3235 legatus
2970 3140 3267 3213 recessit
3288 3158 3357 3212 ex

726 3256 1006 3341 Parma,
1045 3259 1276 3333 iturus
1314 3262 1625 3359 burgum
1668 3292 1726 3337 s.
1765 3266 2105 3339 Domnini
2160 3266 2282 3340 ubi
2326 3264 2967 3363 processionaliter
3004 3264 3137 3338 sub
3180 3272 3361 3361 porta

726 3384 1096 3474 receptus3
1135 3384 1422 3459 seniore
1460 3387 1812 3461 canonico
1856 3388 2178 3463 officium
2210 3398 2499 3488 agente.
2538 3393 2614 3463 In
2647 3390 2843 3463 mula
2887 3389 3249 3465 osculatus
3276 3394 3363 3463 est

721 3524 1045 3594 crucem,
1091 3506 1600 3585 baldachinum
1643 3521 2105 3610 portaverunt
2133 3516 2535 3615 presbyteri
2569 3518 2718 3590 sive
2753 3516 3001 3591 clerici
3035 3518 3107 3590 in
3136 3538 3363 3613 super-

720 3626 1050 3722 pelliciis.
1091 3635 1465 3710 Processio
1497 3638 1617 3713 ivit
1648 3648 1811 3736 post
1844 3664 2099 3714 omnes
2142 3642 2420 3737 equites
2467 3648 2541 3715 et
2576 3647 2741 3715 ante
2786 3664 3084 3715 crucem
3113 3640 3357 3739 legati:

723 3752 1050 3825 Potestas
1091 3755 1257 3830 dicti
1299 3761 1541 3858 oppidi
1587 3765 1779 3838 venit
1820 3766 2101 3840 obviam
2142 3765 2381 3863 legato
2434 3772 2774 3863 equester
2817 3790 2985 3840 cum
3040 3766 3189 3840 suis
3230 3788 3357 3839 ser·

718 3874 1086 3969 vitoribus,
1143 3886 1210 3955 et
1256 3886 1472 3959 certis
1535 3887 1690 3961 aliis
1737 3890 1831 3963 ad
1884 3890 2025 3965 duo
2080 3891 2416 3966 milliaria
2459 3892 2571 3965 vel
2626 3892 2821 3966 circa
2871 3892 2944 3965 in
2998 3892 3355 3967 ecclesiam

721 4001 1180 4100 collegiatam
1225 4007 1469 4107 ibique
1515 4023 1928 4113 exemptam
1988 4023 2060 4090 et
2104 4016 2521 4091 immediate
2568 4018 2736 4091 Sedi
2771 4018 3189 4115 Apostolice
3218 4013 3359 4087 sub-

714 4126 1021 4221 jectam3
1067 4156 1204 4229 que
1263 4135 1483 4211 habet
1523 4163 1622 4213 x11
1668 4141 1776 4214 vel
1823 4142 2017 4215 circa
2056 4144 2448 4217 canonicos
2492 4124 2563 4218 et
2602 4143 3059 4241 prepositum
3102 4144 3356 4216 mitram

721 4259 793 4322 et
823 4252 1162 4330 baculum
1197 4259 1676 4338 deferentem.
1717 4267 2114 4341 Cardinalis
2147 4268 2324 4341 dixit
2351 4269 2751 4343 orationem
2784 4268 2873 4343 de
2907 4294 2967 4341 s.
2999 4266 3355 4343 Domnino.

719 4384 1063 4476 martyre,
1099 4389 1402 4479 patrono
1450 4389 1759 4464 ecclesie
1797 4415 1812 4463 :
1851 4392 2052 4466 dedit
2092 4391 2579 4490 indulgentias
2612 4395 2821 4468 unius
2852 4395 3021 4466 anni
3072 4390 3358 4467 etunius
3498 4426 3500 4439 ε

719 4498 1180 4602 quadragene
1236 4536 1418 4607 quas
1469 4514 1862 4609 publicavit
1915 4517 2149 4591 dictus
2206 4518 2626 4592 canonicus
2692 4520 2852 4593 Alia
2908 4543 3116 4592 more
3174 4514 3356 4589 solito
3496 4522 3498 4531 '

717 4634 883 4699 sunt
914 4631 1315 4710 observata.
1360 4642 1670 4736 Legatus
1701 4641 2111 4740 hospitatus
2144 4644 2357 4718 estin
2385 4645 2664 4741 Angelo
2705 4651 2779 4719 et
2808 4668 2943 4719 nos
2981 4644 3083 4716 ibi
3126 4644 3195 4716 in
3224 4636 3355 4712 aliis
3494 4634 3496 4637 ⁴

713 4746 1070 4846 hospitiis

815 4876 1153 4973 Sabbato,
1204 4892 1294 4959 20
1323 4895 1606 4987 augusti
1639 4895 1710 4967 in
1748 4917 1991 4987 mane,
2028 4893 2311 4995 legatus
2343 4895 2642 4970 recessit
2684 4918 2773 4970 ex
2804 4896 3031 4992 burgo
3068 4920 3127 4967 S.
3164 4895 3357 4967 Dom-

707 5000 861 5072 nini
897 5008 994 5092 et,
1041 5006 1230 5083 facto
1270 5017 1600 5110 prandio,
1644 5022 1837 5094 venit
1872 5022 2313 5097 Placentiam
2358 5021 2476 5095 ubi
2517 5026 2873 5095 venerunt
2916 5019 3049 5093 sibi
3099 5016 3353 5093 obviam

705 5148 838 5219 per
866 5126 1139 5224 aliquot
1165 5134 1498 5213 milliaria
1527 5145 1913 5245 episcopus
1949 5149 2442 5241 PlacentinuS,
2482 5146 3024 5221 commissarius
3056 5144 3351 5217 reseren-

705 5248 977 5340 dariuS,
1014 5264 1086 5330 et
1116 5259 1233 5333 alii
1266 5262 1641 5341 officiales.
1681 5272 1832 5345 Sub
1861 5282 2076 5369 porta
2108 5281 2443 5371 receptus
2477 5280 2587 5347 est
2624 5269 3249 5371 processionaliter
3272 5260 3347 5333 ab
