3625 6059
223 535 552 599 Μαι-81493]
887 528 1143 587 RERUM
1189 526 1644 589 URBANARUM
1691 518 2219 589 COMMENTARH.
2826 542 2898 596 57

218 690 506 778 habuit,
551 695 622 762 et
663 686 848 761 mihi
892 686 1031 784 ipsi
1077 686 1294 783 longe
1345 684 1893 760 convenientius
1936 685 2313 760 videbatur
2354 693 2428 761 et
2470 688 2750 765 videtur
2792 694 2897 766 sic

221 814 419 904 fieri,
472 836 674 911 quam
731 812 928 887 solos
975 811 1292 909 prelatos
1329 834 1374 884 a
1420 810 1650 884 choro
1694 813 1886 908 Pape
1940 834 2305 909 separare,
2353 814 2667 889 maxime
2723 840 2889 891 cum

225 940 504 1013 chorus
533 937 684 1036 ipse
719 943 872 1012 tam
905 937 1188 1033 amplus
1235 937 1327 1010 sit
1370 943 1445 1011 et
1487 937 1870 1033 spatiosus,
1922 936 2114 1033 quod
2158 937 2233 1010 in
2274 960 2362 1013 eo
2404 962 2659 1015 omnes
2690 964 2921 1017 com-.

223 1068 444 1141 mode
471 1065 692 1139 locari
725 1063 1032 1160 possint.
1069 1065 1418 1137 Cantor-es
1441 1061 1666 1137 nostri
1701 1067 2059 1136 steterunt
2088 1069 2284 1136 retro
2314 1062 2566 1156 altare,
2602 1065 2892 1161 quidam

225 1216 316 1266 ex
341 1189 552 1265 eisin
593 1187 1148 1286 superpelliciis,
1195 1188 1486 1285 quidam
1526 1187 1708 1261 sine.
1756 1186 1991 1263 Finita
2025 1187 2250 1263 missa
2288 1195 2359 1263 et
2395 1188 2899 1267 benedictione

222 1341 358 1414 per
416 1320 686 1413 Papam
747 1314 942 1403 data,
1005 1338 1152 1389 non
1213 1315 1507 1389 fuerunt
1564 1314 1728 1388 date
1795 1313 2281 1409 indulgentie,
2342 1315 2533 1411 quia'
2568 1314 2641 1387 in
2696 1324 2905 1413 porta

225 1442 532 1517 ecclesie
585 1439 956 1538 publicato
1011 1440 1304 1513 fuerunt
1351 1439 1676 1536 plenarie
1732 1462 1863 1537 per
1909 1438 2187 1513 Sixtum
2244 1462 2505 1537 papam
2567 1448 2901 1538 quartum

223 1590 576 1642 concesse
607 1588 746 1664 per
774 1564 1044 1639 bullam
1075 1565 1346 1640 ibidem
1380 1564 1696 1639 affixam.

319 1696 504 1766 Tum
547 1698 1024 1765 accesserunt
1063 1689 1156 1764 ad
1192 1690 1616 1788 pontificem
1665 1690 2067 1765 confratres
2105 1690 2717 1767 confraternitatis
2754 1695 2905 1767 An-

221 1816 568 1892 nuneiatc
611 1840 784 1891 cum
827 1814 1068 1907 bacili,
1111 1815 1186 1889 in
1219 1838 1366 1911 quo
1420 1819 1614 1913 Papa
1651 1816 1906 1890 obtulit
1950 1816 2261 1914 propriis
2303 1818 2639 1893 manibus
2680 1818 2905 1893 duca-

227 1953 340 2016 tos
381 1965 534 2016 xxn
592 1942 668 2013 in
723 1964 903 2015 auro
951 1940 1063 2016 vel
1107 1939 1334 2031 circa,
1383 1948 1454 2015 et
1499 1945 1586 2016 D.
1638 1941 2068 2037 Franciscus
2100 1942 2388 2039 Borgia,
2422 1943 2907 2018 cubicularius

223 2092 424 2159 suus,
461 2066 805 2141 cai-lenos
836 2072 1130 2140 centum
1161 2062 1383 2139 novos
1407 2066 1528 2140 vel
1553 2067 1766 2142 circa.
1799 2067 1995 2141 Dixit
2033 2073 2275 2142 tamen
2306 2075 2559 2166 postea
2587 2068 2783 2143 idem
2816 2073 2902 2145 D.

225 2192 666 2266 Franciscus
705 2188 882 2263 mihi
921 2191 1012 2263 ab
1051 2212 1143 2265 eo
1170 2192 1471 2289 petenti,
1507 2195 1776 2290 Papam
1805 2216 1849 2264 L
1875 2192 2175 2268 ducatos
2212 2192 2287 2265 in
2316 2216 2495 2269 auro
2524 2194 2903 2285 obtulisse,

225 2324 298 2390 et
326 2318 576 2413 ipsum
619 2338 706 2389 cc
743 2314 1102 2407 carlenOS,
1147 2315 1342 2413 quod
1381 2340 1520 2415 ego
1563 2340 1652 2393 ex
1697 2317 2097 2415 quantitate
2143 2340 2274 2414 per
2316 2342 2432 2391 me
2472 2318 2625 2394 visa
2653 2343 2907 2395 verum

231 2466 396 2515 esse
419 2440 760 2537 judicare
801 2462 948 2515 non
978 2442 1202 2538 potui.

315 2573 816 2645 Accesserunt
853 2566 1118 2641 deinde
1157 2566 1376 2643 iidem
1417 2568 1821 2647 confratres
1860 2567 1951 2641 ad
1990 2566 2417 2657 cardinales,
2462 2567 2587 2665 qui
2628 2567 2909 2643 obtule-

231 2702 394 2769 runt
423 2693 728 2792 singuli,
763 2699 980 2791 prout
1009 2692 1181 2790 ipsis
1220 2692 1516 2790 placuit.
1565 2692 1861 2767 Interim
1896 2699 2367 2769 accesserunt
2402 2692 2548 2765 duo
2583 2691 2701 2766 alii
2734 2716 2913 2768 con-

229 2820 490 2895 fratres
537 2841 711 2892 cum
767 2817 906 2892 alio
955 2816 1190 2907 bacili,
1257 2822 1330 2891 et
1380 2817 1614 2891 bursis
1671 2841 1788 2891 xvi
1848 2818 1922 2891 in
1974 2841 2277 2915 quarum
2342 2816 2643 2914 singulis
2704 2826 2909 2893 erant

113 2953 125 2963 '
229 2944 498 3021 ssot-eni
539 2968 726 3017 Lxxv
769 2942 1052 3017 romani
1104 2941 1178 3015 in
1229 2942 1538 3017 carlenis
1593 2965 1724 3040 pro
1777 2967 1893 3016 xvl
1948 2944 2207 3041 puellis
2260 2944 2711 3035 maritandiS,
2764 2970 2903 3041 que

227 3067 648 3141 successive
671 3072 1034 3142 venerunt
1057 3074 1226 3141 ante
1257 3067 1682 3165 pontificem
1709 3090 1879 3143 cum
1912 3068 2213 3165 singulis
2238 3068 2589 3143 matronis
2616 3066 2915 3142 dextera

225 3216 455 3266 manu
484 3192 686 3290 ipsas
715 3190 1144 3267 ducentibus
1176 3218 1193 3284 ;
1229 3193 1492 3289 quibus
1520 3192 1782 3291 puellis
1811 3192 2112 3290 singulis
2144 3196 2337 3290 Papa
2364 3192 2563 3268 dedit
2590 3194 2912 3290 singulas

229 3320 488 3393 bursas
519 3345 538 3405 ;
573 3340 756 3413 quas
789 3316 908 3393 ille
940 3318 1374 3417 recipientes
1417 3317 1934 3393 osculabantur
1974 3318 2237 3415 pedem
2269 3322 2461 3415 Pape
2492 3328 2565 3393 et
2593 3329 2759 3415 post
2790 3344 2913 3395 eas

229 3453 600 3519 matrone.
1549 3466 1552 3469 ’

333 3574 498 3657 Quo
545 3569 767 3659 facto,
824 3568 1148 3667 pontifex
1201 3569 1376 3642 fecit
1423 3570 1827 3644 orationem
1861 3568 1934 3641 in
1976 3569 2372 3644 faldistorio
2420 3576 2587 3643 ante
2636 3571 2905 3663 altare3

227 3696 533 3784 deinde,
569 3693 898 3792 deposito
930 3694 1214 3791 pluviali
1247 3702 1319 3768 et
1351 3696 1589 3786 mitra,
1626 3702 2080 3792 reassumpto
2126 3695 2478 3794 capucino
2513 3695 2649 3769 sub
2694 3696 2905 3786 stola,

227 3820 430 3895 venit
475 3818 570 3894 ad
607 3818 962 3917 capellam
1003 3843 1262 3893 novam
1310 3820 1764 3894 Annunciate
1813 3842 1945 3917 per
1994 3824 2281 3895 Rmum.
2339 3825 2425 3895 D.
2468 3821 2907 3897 cardinalem

233 3943 800 4041 Neapolitanum
843 3944 1132 4019 factam.
1169 3947 1380 4033 Tum,
1415 3967 1722 4019 ascenso
1761 3967 1979 4041 equo,
2022 3950 2189 4019 ante
2234 3945 2497 4019 ostium
2545 3946 2909 4043 principa-

233 4070 380 4144 lem
416 4068 732 4145 ecclesie
761 4092 893 4167 per
915 4069 1098 4145 viam
1131 4078 1380 4160 sancte
1409 4070 1634 4145 Marie
1665 4069 1740 4143 in
1767 4068 1883 4144 via
1907 4070 2079 4160 lata,
2112 4069 2371 4145 deinde
2400 4070 2491 4144 ad
2515 4070 2907 4159 sinistram,

237 4198 348 4269 sia
393 4200 600 4269 recta
643 4194 832 4269 venit
888 4194 982 4268 ad
1029 4194 1414 4269 ecclesiam
1463 4201 1712 4270 sancte
1775 4194 1999 4269 Marie
2065 4194 2155 4269 de
2215 4194 2517 4293 Populo,
2572 4218 2784 4272 cruce
2837 4203 2909 4271 et

235 4318 732 4395 cardinalibus
787 4320 1386 4416 precedentibus,
1459 4329 1534 4394 ut
1595 4320 1794 4417 prius
1850 4346 1866 4395 :
1920 4318 2039 4393 ubi
2102 4319 2292 4395 facta
2354 4320 2684 4397 oratione
2741 4328 2907 4395 ante

236 4446 492 4536 altare,
525 4444 789 4520 obtulit
819 4466 1042 4544 super
1067 4445 1243 4520 illud
1271 4469 1356 4519 xv
1387 4446 1713 4535 ducatos,
1751 4445 1809 4521 si
1840 4449 1924 4520 D.
1963 4446 2388 4522 Franciscus
2423 4446 2688 4543 Borgia
2716 4446 2913 4519 cubi-

238 4572 558 4647 cularius
588 4594 762 4644 suus
793 4593 1038 4646 verum
1069 4571 1249 4645 mihi
1279 4571 1550 4647 retulit.
1588 4571 2027 4647 Reascendit
2066 4571 2327 4645 deinde
2368 4593 2635 4665 equum
2675 4575 2747 4645 et
2782 4592 2913 4666 per

239 4697 650 4773 breviorem
674 4694 868 4771 viam
893 4696 1104 4794 juxta
1129 4696 1401 4771 flumen
1433 4697 1644 4772 rediit
1672 4698 1766 4773 ad
1792 4696 2169 4795 palatium,
2206 4693 2689 4771 cardinalibus
2718 4695 2913 4770 circa

239 4832 538 4920 pontem
569 4821 805 4897 sancti
833 4821 1092 4919 Angeli
1119 4821 1530 4899 licentiatis,

331 4946 832 5024 iuterfuerunt
867 4970 1011 5019 xvn
1043 4948 1837 5024 cardinales’omnibus
1868 4947 2266 5045 premissiS,
2322 4947 2683 5037 videlicet,
2726 4952 2913 5025 Nea-

241 5074 638 5170 politnnnS,
697 5098 760 5147 s.
833 5072 1054 5149 Marie
1121 5074 1192 5147 in
1244 5074 1566 5164 Porticu,
1620 5073 2125 5149 Ulixbonensis
2187 5082 2257 5150 et
2300 5073 2907 5161 Rachanatensis3

243 5200 596 5299 episcopi;
671 5224 736 5273 s,
805 5198 1234 5289 clementie,
1298 5198 1722 5291 Januensis,
1788 5201 1891 5273 De
1958 5201 2395 5291 comitibus,
2468 5196 2905 5286 Parmensis,
