3625 6059
709 535 781 594 δί
1622 532 1975 590 JOHANNIS
2022 530 2467 598 BURCHARDI,
3042 530 3217 594 [Avril
3254 530 3400 593 1⁴⁹³]

725 693 964 784 tinus;
1006 690 1360 768 lectiones
1409 691 1604 767 dicte
1649 696 1817 765 sunt
1862 688 1935 763 in
1978 688 2143 764 loco
2199 695 2577 764 cantorum
2622 694 3007 763 consueto.
3050 686 3403 783 Magister

723 815 1002 917 capelle
1042 816 1212 892 fecit
1248 840 1380 915 per
1415 839 1538 892 me
1573 816 2023 914 interrogare
2056 820 2323 915 Papam
2354 814 2415 889 si
2444 812 2655 891 vellet
2684 812 2884 910 quod
2920 811 3213 886 tertiam
3244 810 3399 886 lec-

731 940 1004 1016 tionem
1045 946 1371 1016 cantaret
1409 941 1486 1014 in
1515 940 1967 1040 presbyterio
2005 949 2221 1039 prout
2268 938 2611 1016 mercurii
2653 938 2987 1037 proxima
3012 936 3131 1012 die
3158 936 3399 1012 fuerat

725 1073 1013 1141 cantata
1041 1065 1208 1163 quia
1236 1066 1458 1141 iidem
1491 1075 1696 1141 erant
1725 1065 1923 1141 illam
1965 1065 2265 1157 dicturi,
2302 1068 2496 1163 Papa
2524 1063 2700 1138 dixit
2739 1063 2935 1161 quod
2974 1086 3121 1137 non
3152 1070 3227 1137 et
3262 1061 3397 1135 alia

723 1193 1100 1267 observata
1145 1198 1309 1267 sunt
1335 1216 1541 1267 more
1573 1192 1812 1267 solito.
1852 1192 2335 1268 interfuerunt
2372 1214 2500 1265 sex
2536 1188 2943 1287 presbyteri
2974 1195 3047 1280 et
3086 1194 3397 1285 quatuor

720 1316 1004 1393 diaconi
1063 1324 1136 1393 et
1197 1317 1440 1391 nullus
1503 1316 1916 1415 episcopus.
1964 1316 2381 1391 cardinales
2432 1317 2915 1393 interfuerunt
2954 1314 3097 1389 hoc
3146 1336 3389 1400 mane,

723 1441 1234 1539 Neapolitanus
1277 1440 1810 1532 Ulixbonensis,
1856 1442 2426 1518 Rechanatensis
2457 1440 2818 1539 episcopi3
2856 1465 2917 1514 s.
2966 1440 3387 1529 Clementis,

721 1566 1132 1657 suanensis,
1163 1567 1604 1657 ParmensiS,
1638 1570 2216 1659 BeneventanuS,
2252 1591 2313 1642 S.
2343 1566 2746 1659 Anastasie,
2780 1568 3043 1641 Montis
3074 1564 3389 1663 Regalis,

717 1690 1018 1766 Ursinus
1073 1692 1528 1791 presbyteri3
1579 1692 1950 1784 SenensiS,
1989 1693 2469 1791 [camerariuS,
2516 1692 2606 1770 de
2646 1690 2975 1780 Sabellis,
3006 1689 3386 1781 Columna,

712 1815 1346 1893 vicecancellarius
1371 1824 1444 1893 et
1480 1842 1539 1891 s,
1577 1817 1896 1893 Severini
1926 1818 2211 1893 diaconi
2240 1838 2545 1891 numero
2574 1840 2696 1891 xv1
2726 1813 3154 1891 cardinales.

819 1943 1131 2019 Sabbata
1183 1950 1458 2027 sancto,
1497 1950 1540 2018 6
1585 1943 1857 2043 aprilis,
1892 1947 2143 2017 Rmus.
2190 1946 2275 2017 D.
2314 1940 2697 2019 cardinalis
2740 1940 3153 2017 Parmensis
3202 1940 3391 2015 cele-

717 2068 1077 2159 braturuS,
1110 2067 1479 2143 benedixit
1519 2092 1786 2144 novum
1815 2068 2063 2167 ignem
2092 2076 2163 2145 et
2193 2069 2510 2166 quinque
2546 2089 2773 2165 grana
2804 2065 3038 2141 thuris
3068 2064 3141 2139 in
3172 2088 3391 2139 cereo

717 2191 1098 2291 ponenda3
1137 2192 1398 2268 deinde
1430 2196 1558 2268 SS.
1597 2196 1682 2267 D.
1717 2201 1970 2268 noster
1997 2215 2202 2268 more
2244 2193 2457 2268 solito
2498 2191 2689 2268 venit
2728 2189 2819 2265 ad
2856 2188 3213 2287 capellam
3242 2212 3395 2263 ma-

710 2316 953 2413 jorem
993 2323 1068 2390 et
1114 2315 1292 2391 dixit
1334 2317 1736 2392 orationem
1765 2317 1838 2391 in
1870 2316 2299 2393 faldistorio.
2332 2314 2694 2405 Nicolaus,
2730 2313 3037 2390 clericus
3080 2311 3387 2410 capelle,

719 2448 822 2516 tot
864 2443 1086 2517 verba
1123 2442 1303 2516 mihi
1350 2442 1526 2517 dixit
1553 2444 1646 2519 de
1689 2442 2090 2517 faldistorio
2134 2441 2537 2517 amovendo
2572 2440 2684 2514 vel
2732 2437 3163 2513 dimittendo
3197 2436 3395 2536 quod

719 2590 859 2665 ego
889 2568 1284 2643 immemor
1310 2568 1543 2642 factus
1571 2592 1772 2642 eram
1803 2592 1943 2665 que
1975 2566 2257 2665 agenda
2280 2572 2550 2642 essent.
2575 2563 2786 2643 Volui
2812 2563 3175 2639 adducere
3206 2563 3399 2638 cele-

717 2690 1054 2765 brantem
1085 2714 1220 2789 pro
1251 2693 1709 2767 confessione
1738 2691 2107 2783 facienda3
2142 2692 2340 2789 quod
2360 2695 2487 2767 SS.
2525 2694 2611 2765 D.
2642 2696 2895 2765 noster
2920 2688 3395 2765 considerans

717 2814 894 2890 dixit
943 2816 1122 2891 mihi
1172 2825 1346 2893 tunc
1395 2817 1936 2893 confessionem
1987 2840 2134 2892 non
2180 2816 2363 2910 fieri,
2407 2838 2557 2893 non
2605 2816 2761 2890 sine
2808 2838 3073 2914 magno
3124 2814 3393 2889 rubore

716 2963 884 3016 meo
929 2964 1062 3039 pro
1104 2967 1246 3041 quo
1286 2966 1532 3019 errore
1583 2950 1731 3018 tota
1781 2943 1903 3017 illa
1951 2943 2067 3017 die
2114 2944 2443 3018 turbatus
2489 2943 2617 3038 fui.
2652 2941 2999 3017 Ascendit
3050 2940 3393 3015 dominus

721 3074 971 3141 noster
1018 3068 1306 3161 solium,
1360 3070 1554 3144 facta
1598 3076 1710 3145 est
1765 3068 1902 3142 sibi
1950 3064 2353 3145 reverentia
2395 3092 2530 3167 per
2574 3066 3004 3159 cardinales,
3046 3065 3397 3163 imposuit

719 3191 1102 3269 incensum
1146 3217 1278 3292 pro
1339 3194 1614 3269 lumine
1668 3194 2117 3293 apportando
2166 3202 2238 3270 et
2284 3192 2425 3267 alia
2478 3193 2725 3268 omnia
2784 3198 2948 3267 sunt
3007 3192 3395 3266 observata

717 3341 922 3393 more
955 3319 1192 3395 solito.

819 3446 906 3517 D.
945 3443 1266 3517 Thomas
1297 3443 1646 3519 diaconus
1675 3446 1955 3543 capelle
1994 3443 2172 3519 dixit
2214 3443 2495 3519 Lumen
2546 3444 2812 3519 Christi
2839 3451 2909 3521 et
2940 3446 3200 3521 Daniel
3226 3445 3399 3519 sub-

717 3570 1069 3643 diaconus
1101 3569 1408 3667 portavit
1432 3593 1753 3645 crucem.
1791 3574 1951 3659 Quo
1980 3572 2203 3661 facto,
2236 3569 2577 3662 ThomaS,
2617 3572 2918 3646 retentis
2948 3572 3397 3671 paramentis

719 3693 1214 3791 paschalibus,
1251 3694 1530 3787 Daniel,
1566 3696 1864 3770 dimissa
1888 3696 2179 3795 planeta
2206 3695 2496 3793 plicata,
2530 3697 2803 3794 recepit
2834 3698 3093 3795 etipse
3124 3697 3401 3772 dalma-

723 3820 940 3894 ticam
985 3828 1059 3894 et
1100 3819 1348 3895 habita
1383 3821 1921 3913 benedictione,
1966 3822 2142 3898 dixit
2187 3846 2203 3895 ε
2247 3823 2591 3895 Exsultet
2622 3823 2792 3919 jam
2828 3824 3187 3921 Anqelica
3224 3836 3391 3917 etc„

718 3945 1230 4022 intermiscens
1297 3955 1642 4022 accentus
1705 3947 2052 4045 hispanos
2118 3972 2283 4021 cum
2351 3947 2675 4022 omnium
2742 3948 3222 4047 displicentia.
3294 3954 3383 4025 D.

718 4071 1032 4147 Thomas
1067 4072 1413 4170 imposuit
1437 4072 1752 4170 quinque
1783 4096 2011 4171 grana
2036 4073 2263 4149 thuris
2295 4073 2367 4147 in
2398 4096 2693 4149 cereum
2720 4082 2792 4149 et
2820 4073 2995 4149 illud
3022 4076 3385 4150 accendit.

721 4198 980 4271 Omnia
1007 4198 1148 4273 alia
1189 4197 1569 4273 observata
1607 4204 1775 4273 sunt
1811 4204 2028 4297 prout
2064 4198 2138 4272 in
2178 4198 2673 4289 ceremoniali,
2722 4200 3017 4299 dempto
3062 4200 3260 4297 quod
3296 4202 3393 4277 ad

727 4319 1177 4416 evangelium
1212 4323 1484 4420 portari
1515 4323 1658 4398 feci
1683 4322 2073 4398 luminaria
2106 4347 2240 4422 per
2268 4325 2867 4400 inadvertentiam
2907 4332 3107 4402 extra
3142 4328 3395 4401 turba-

721 4443 1000 4521 tionem
1049 4468 1270 4542 quam
1317 4470 1360 4520 a
1396 4430 1749 4547 principio
1793 4449 2107 4547 suscepi.
2168 4449 2557 4525 celebrans
2596 4449 2993 4527 incensavit
3030 4451 3256 4527 altare
3300 4452 3399 4526 ad

715 4571 1180 4671 Maqnificat,
1217 4577 1289 4647 et
1322 4572 1458 4646 fuit
1485 4572 1642 4669 ipse
1676 4580 1936 4671 postea
1962 4558 2400 4649 incensatus,

823 4696 1203 4773 Dominica
1231 4697 1539 4791 Pasche,
1588 4705 1626 4772 7
1669 4700 1914 4797 aprilis
1956 4700 2532 4791 resurrectionis,
2582 4704 2669 4775 D.
2704 4705 2791 4777 N.
2823 4705 2897 4778 S.
2930 4702 3220 4797 Christi,
3256 4709 3392 4781 SS.

725 4821 811 4893 D.
857 4828 1107 4895 noster
1141 4832 1433 4919 paratus
1473 4848 1678 4899 more
1711 4824 1926 4900 solito
1952 4826 2147 4901 circa
2173 4826 2433 4901 horam
2470 4850 2603 4901 xm
2642 4828 2778 4903 sub
2822 4851 3051 4926 regno
3080 4830 3275 4907 venit
3300 4833 3403 4907 ad

725 4944 1104 5019 basilicam
1137 4949 1366 5021 sancti
1397 4950 1590 5024 Petri
1611 4949 1734 5025 ubi
1756 4950 1945 5026 sacta
1972 4958 2137 5025 ante
2166 4950 2389 5025 altare
2417 4952 2770 5044 oratione,
2814 4963 3107 5053 recepta
3142 4958 3391 5049 mitra,

725 5075 1080 5144 venerunt
1144 5072 1237 5146 ad
1299 5076 1774 5151 reverentiam
1833 5076 2235 5153 cardinales
2291 5082 2366 5151 et
2425 5100 2679 5153 omnes
2744 5080 2999 5178 prelati
3052 5105 3073 5156 τ
3124 5104 3397 5181 aquam

732 5196 1091 5271 dederunt
1141 5220 1274 5297 pro
1317 5197 1650 5273 manibus
1700 5205 1893 5299 Pape
1940 5201 2249 5301 primam
2299 5205 2386 5276 D.
2438 5202 2767 5280 Andreas
2814 5206 3104 5305 Capello
3150 5218 3403 5285 orator
