3625 6059
717 585 821 641 444
1618 574 1972 632 JOHANNIS
2021 572 2484 642 BURCHARDI„
3047 576 3206 638 [Avi-n
3237 581 3342 626 ¹598

724 738 1068 828 gnoverat
1094 729 1315 804 excisi
1342 728 1660 817 fuerunt,
1686 725 1757 799 in
1790 729 2142 822 Campum
2173 725 2380 800 Flore
2410 725 2606 802 ducti
2649 735 2816 802 sunt
2851 737 2923 802 et
2953 728 3219 804 ibidem
3247 729 3368 802 duo

716 855 1037 930 latrones
1068 853 1425 951 suspensi.
1462 855 1751 924 Maurus
1784 874 1950 924 vero
1989 874 2207 946 super
2237 851 2528 926 cumulo
2552 852 2918 950 lignorum
2947 855 3249 950 posituS,
3283 857 3360 928 ad

720 978 1132 1053 columnam
1165 977 1458 1074 patibuli
1498 982 1793 1050 necatus
1827 981 1963 1064 est,
2008 976 2230 1049 corda
2260 977 2349 1049 ad
2379 975 2648 1049 collum
2681 977 2814 1049 sibi
2845 977 3082 1074 posita
3105 985 3182 1052 et
3218 987 3365 1075 post

718 1103 1134 1177 columnam
1176 1102 1434 1176 baculo
1476 1100 1657 1174 bene
1698 1109 1771 1173 et
1807 1101 2092 1175 fortiter
2125 1108 2334 1188 torta,
2377 1124 2688 1175 accenso
2730 1102 3024 1176 cumulo
3069 1111 3144 1177 ut
3183 1128 3368 1178 com-

723 1231 1129 1317 bureretur,
1164 1227 1358 1324 quod
1396 1227 1554 1302 fieri
1585 1249 1729 1298 non
1760 1227 1990 1323 potuit
2031 1233 2326 1324 propter
2357 1226 2667 1322 pluviam
2710 1227 3358 1322 supervenientem;

723 1357 1013 1429 suerunt
1062 1353 1351 1426 tandem
1391 1353 1551 1450 ejus
1592 1375 1803 1424 crura
1844 1351 2221 1425 combusta
2265 1360 2607 1446 tanquam
2647 1351 2797 1447 igni
2842 1351 3360 1449 propinquiora.

816 1484 967 1552 lloc
1005 1499 1219 1550 mane
1252 1476 1541 1550 suerunt
1570 1475 1836 1548 mitrati
1874 1499 2000 1548 sex
2031 1473 2146 1548 alii
2179 1475 2424 1548 rustici
2458 1475 2581 1570 qui
2622 1474 2868 1549 oleum
2907 1474 3213 1550 vendere
3253 1503 3366 1574 per

718 1603 985 1679 Urbem
1028 1599 1359 1672 solebant
1399 1605 1469 1672 et
1510 1621 1641 1693 per
1677 1597 1945 1672 Urbem
1988 1598 2300 1694 fustigati
2345 1623 2436 1672 ex
2485 1621 2574 1672 eo
2619 1599 2817 1695 quod
2854 1599 3228 1676 dicebatur
3264 1627 3362 1677 re-

711 1737 923 1826 cepto
969 1725 1202 1824 pretio
1247 1747 1289 1796 a
1328 1722 1757 1820 quibusdam
1802 1722 2058 1796 morbo
2099 1723 2360 1818 gallico
2401 1732 2819 1821 nuncupato
2859 1726 3356 1805 laborantibus,

718 1854 839 1950 qui
870 1853 1156 1926 illorum
1186 1848 1347 1922 oleo
1378 1847 1546 1920 tinis
1572 1848 1912 1945 imposito
1939 1854 2010 1922 et
2041 1848 2376 1940 balneati,
2407 1849 2497 1922 ab
2523 1849 2944 1948 hujusmodi
2974 1851 3361 1928 infirmitate

712 2001 789 2052 se
828 1977 1097 2050 liberos
1138 1973 1441 2048 evadere
1482 1971 1898 2070 sperabant,
1931 1973 2000 2045 in
2046 1972 2466 2070 hujusmodi
2512 1975 2725 2049 tineis
2761 1975 2923 2049 oleo
2970 1977 3200 2074 plenis
3227 1979 3360 2052 bal-

714 2102 915 2176 neari
956 2100 1471 2198 permiserant3
1518 2104 1589 2172 et
1634 2096 1892 2170 balneo
1933 2096 2164 2189 finito,
2209 2098 2448 2173 oleum
2495 2101 2566 2173 in
2607 2101 2794 2174 vasis
2841 2102 2988 2176 suis
3035 2127 3358 2200 reposue-

720 2233 889 2301 runt
930 2231 1001 2301 et
1042 2249 1171 2323 pro
1212 2225 1405 2298 bono
1444 2227 1515 2297 et
1552 2222 1823 2296 mundo
1865 2221 2020 2294 aliis
2063 2245 2266 2296 more
2309 2223 2518 2298 solito
2558 2247 2690 2321 per
2737 2226 3002 2300 Urbem
3043 2228 3358 2304 vendide-

724 2358 913 2427 runt.

822 2476 1205 2551 Dominica
1253 2483 1457 2548 sexta
1512 2470 2104 2569 quadragesime,
2163 2475 2572 2548 Palmarum
2624 2483 3072 2574 nuncupata,
3123 2480 3166 2547 8
3215 2475 3360 2547 dicti

719 2601 989 2675 mensis
1040 2601 1311 2696 apriliS,
1348 2601 1475 2672 SS.
1509 2602 1595 2671 D.
1632 2605 1884 2672 noster
1922 2599 2290 2672 benedixit
2328 2605 2399 2673 et
2435 2602 2800 2676 distribuit
2843 2602 3114 2699 palmas
3151 2600 3218 2672 in
3259 2623 3362 2671 ca—

723 2725 916 2824 pella
958 2726 1262 2822 majore,
1307 2745 1509 2797 more
1560 2721 1769 2796 solito
1817 2746 1832 2793 ε
1880 2721 2076 2794 dedit
2117 2723 2451 2796 omnibus
2500 2725 2778 2823 palmas
2825 2749 2868 2798 a
2911 2723 3360 2798 cardinalibus

716 2873 945 2946 usque
1011 2848 1102 2922 ad
1168 2848 1553 2946 magistros
1615 2847 2196 2919 ceremoniarum
2259 2847 2648 2940 inclusive3
2711 2850 2870 2923 aliis
2931 2852 3358 2948 sequentibus

722 2999 965 3050 ramos
1014 2975 1382 3048 olivarum.
1435 2975 1652 3046 Facta
1695 2969 2231 3060 distributione,
2277 2979 2519 3046 orator
2567 2975 3144 3050 Florentinorum
3188 2974 3356 3048 dedit

725 3124 985 3197 aquam
1031 3098 1369 3172 manibus
1414 3101 1629 3193 Pape.
1680 3093 1963 3167 Palmas
2010 3098 2200 3191 Pape
2251 3105 2660 3188 tenuerunt,
2707 3101 2766 3172 si
2817 3109 3016 3174 recte
3063 3099 3349 3174 memini.

726 3230 1020 3296 senator
1049 3228 1121 3295 et
1152 3222 1425 3318 primus
1458 3227 1921 3293 conservator
1949 3243 2236 3294 camere
2271 3222 2505 3294 Urbis.
2545 3224 2908 3297 Diaconus
2952 3223 3211 3321 capelle
3240 3221 3352 3294 sub

724 3370 898 3420 voce
949 3345 1267 3442 episcopi
1310 3343 1441 3435 (1),
1477 3368 1643 3418 cum
1694 3344 1973 3417 duobus
2023 3345 2351 3442 ejusdem
2397 3347 2672 3444 capelle
2731 3351 3164 3436 cantoribuS,
3203 3345 3350 3438 dixit

724 3470 1179 3568 passionem;
1230 3473 1476 3542 Rmus,
1531 3471 1613 3540 D.
1662 3469 2046 3542 cardinalis
2093 3470 2602 3568 Agrigentinus
2651 3473 3043 3547 celebravit
3091 3473 3348 3546 missam

721 3593 1111 3691 publicam,
1144 3599 1216 3666 et
1242 3589 1382 3665 alia
1411 3614 1617 3666 more
1650 3592 1884 3666 solit0.

815 3719 1025 3792 Feria
1072 3717 1309 3807 tertia,
1370 3723 1457 3790 10
1504 3717 1671 3790 dicti
1716 3720 1988 3792 mensis
2032 3720 2304 3817 apriliS,
2357 3731 2705 3797 venerunt
2754 3747 2940 3798 nova
2986 3725 3075 3798 ad
3121 3724 3346 3797 L'rbem

719 3843 913 3940 quod
958 3843 1073 3916 die
1122 3842 1400 3916 sabbati
1449 3842 1775 3938 proxime
1825 3846 2146 3940 preteriti
2194 3870 2334 3941 que
2377 3847 2510 3921 fuit
2557 3853 2594 3920 7
2639 3849 2886 3947 hujuS,
2935 3857 3208 3947 paratus
3239 3847 3346 3918 t'uit

716 3969 905 4064 ignis
936 3991 1067 4066 pro
1100 3969 1691 4043 corroboratione
1723 3969 1814 4068 (2)
1845 3978 1916 4044 et
1955 3972 2226 4067 judicio
2276 3973 2782 4048 verificationis
2817 3982 3166 4050 certarum
3195 3995 3347 4045 con-

718 4095 1129 4168 clusionum
1168 4093 1411 4166 fratris
1444 4094 1862 4192 Hieronymi
1901 4095 2332 4170 Savonarole
2367 4097 2454 4170 de
2496 4100 2851 4187 Ferraria,
2889 4100 3122 4172 vicarii
3151 4119 3344 4192 gene-

719 4218 886 4292 ralis
955 4217 1539 4315 congregationis
1602 4224 1998 4292 conventus
2067 4245 2126 4292 s,
2187 4222 2406 4294 Marci
2473 4223 3052 4298 Florentinorum
3110 4221 3344 4296 ordinis

718 4343 1286 4439 predicatorum,
1334 4343 1407 4414 in
1454 4343 1691 4439 platea
1734 4343 2150 4441 principalis
2203 4347 2504 4421 civitatis
2559 4347 2950 4434 Florentia,
2987 4351 3176 4447 juxta
3212 4345 3344 4417 ins-

721 4465 1155 4539 tructionem
1206 4474 1568 4541 certorum
1614 4467 1917 4541 fratrum
1960 4469 2079 4566 qui
2127 4469 2218 4543 ad
2261 4470 2402 4544 hoc
2448 4495 2525 4546 se
2571 4471 3014 4566 obtulerant3
3058 4470 3172 4547 sed
3209 4491 3341 4540 rem

722 4591 1081 4664 mansisse
1113 4591 1480 4666 infectam.
1520 4595 1739 4665 Casus
1767 4592 1898 4665 fuit
1935 4619 1949 4666 :

820 4717 1069 4789 Frater
1115 4716 1595 4814 Hieronymus
1634 4717 2024 4813 predictus,
2071 4719 2192 4815 qui
2233 4719 2322 4791 ab
2367 4719 2673 4793 adventu
2720 4723 2952 4796 Caroli
2988 4723 3128 4796 vul
3173 4716 3338 4812 regis

722 4844 1162 4914 Francorum
1204 4841 1276 4913 in
1323 4841 1598 4916 ltaliam
1645 4842 1715 4913 in
1748 4842 2032 4918 civitate
2065 4844 2425 4918 Florentie
2466 4845 2692 4920 multa
2738 4847 3079 4921 mendosa
3105 4849 3166 4918 et
3193 4839 3340 4911 ficta

795 5065 845 5118 1.
881 5087 909 5112 «
942 5063 1052 5118 Sub
1080 5077 1202 5117 vore
1232 5062 1437 5118 Christi
1468 5087 1520 5132 »,
1552 5083 1685 5121 mss.
1717 5065 1882 5132 5162,
1915 5063 2003 5122 sol.

788 5153 843 5208 2.
889 5152 1037 5206 Dans
1069 5149 1117 5204 le
1150 5167 1279 5206 sens
1308 5151 1375 5206 de
1410 5169 1631 5222 preuvz’.
1666 5155 1739 5208 tte.
1779 5160 1892 5209 mot.
1919 5170 1953 5208 a
1981 5157 2064 5210 ete
2103 5153 2410 5224 (ef-*alemant
2447 5156 2696 5232 employa
2725 5175 2825 5230 par
2853 5152 3188 5214 Guicciardini
3217 5169 3334 5206 are-e

721 5238 773 5293 la
808 5244 979 5294 meme
1010 5238 1393 5308 signification.
