<?xml version="1.0" encoding="UTF-8"?>
<!DOCTYPE html PUBLIC "-//W3C//DTD XHTML 1.0 Transitional//EN"
    "http://www.w3.org/TR/xhtml1/DTD/xhtml1-transitional.dtd">
<html xmlns="http://www.w3.org/1999/xhtml" xml:lang="en" lang="en">
 <head>
  <title>
</title>
<meta http-equiv="Content-Type" content="text/html;charset=utf-8" />
  <meta name='ocr-system' content='tesseract 3.04.00' />
  <meta name='ocr-capabilities' content='ocr_page ocr_carea ocr_par ocr_line ocrx_word'/>
</head>
<body>
  <div class='ocr_page' id='page_1' title='image "./johannisburchar00unkngoog_0402.png"; bbox 0 0 3625 6059; ppageno 0'>
   <div class='ocr_carea' id='block_1_1' title="bbox 729 464 3339 571">
    <p class='ocr_par' dir='ltr' id='par_1_1' title="bbox 729 464 3339 571">
     <span class='ocr_line' id='line_1_1' title="bbox 729 464 3339 571; baseline -0.002 -11"><span class='ocrx_word' id='word_1_1' title='bbox 729 516 834 571; x_wconf 80' lang='lat'>390</span> <span class='ocrx_word' id='word_1_2' title='bbox 869 464 878 473; x_wconf 48' lang='lat'>⁸</span> <span class='ocrx_word' id='word_1_3' title='bbox 1642 498 1995 557; x_wconf 60' lang='lat' dir='ltr'><strong>„IOHANNIS</strong></span> <span class='ocrx_word' id='word_1_4' title='bbox 2042 494 2487 565; x_wconf 48' lang='lat' dir='ltr'>nunculiam,</span> <span class='ocrx_word' id='word_1_5' title='bbox 3076 500 3339 569; x_wconf 63' lang='lat' dir='ltr'>[sumno-11</span> 
     </span>
    </p>
   </div>
   <div class='ocr_carea' id='block_1_2' title="bbox 727 654 3347 4530">
    <p class='ocr_par' dir='ltr' id='par_1_2' title="bbox 734 654 3347 3010">
     <span class='ocr_line' id='line_1_2' title="bbox 735 654 3337 755; baseline -0.004 -14"><span class='ocrx_word' id='word_1_6' title='bbox 735 668 856 741; x_wconf 88' lang='lat' dir='ltr'>dat</span> <span class='ocrx_word' id='word_1_7' title='bbox 887 664 1185 751; x_wconf 88' lang='lat' dir='ltr'>aditum,</span> <span class='ocrx_word' id='word_1_8' title='bbox 1246 661 1382 734; x_wconf 84' lang='lat' dir='ltr'>iter</span> <span class='ocrx_word' id='word_1_9' title='bbox 1427 656 1890 755; x_wconf 89' lang='lat' dir='ltr'>arripuerunt</span> <span class='ocrx_word' id='word_1_10' title='bbox 1916 661 1985 729; x_wconf 89' lang='lat' dir='ltr'>et</span> <span class='ocrx_word' id='word_1_11' title='bbox 2021 654 2207 727; x_wconf 87' lang='lat' dir='ltr'>ultra</span> <span class='ocrx_word' id='word_1_12' title='bbox 2252 676 2399 727; x_wconf 88' lang='lat' dir='ltr'>non</span> <span class='ocrx_word' id='word_1_13' title='bbox 2439 658 3029 751; x_wconf 86' lang='lat' dir='ltr'>comparuerunt.</span> <span class='ocrx_word' id='word_1_14' title='bbox 3077 656 3337 731; x_wconf 85' lang='lat' dir='ltr'>Interro-</span> 
     </span>
     <span class='ocr_line' id='line_1_3' title="bbox 737 777 3339 889; baseline -0.003 -26"><span class='ocrx_word' id='word_1_15' title='bbox 737 794 1084 889; x_wconf 85' lang='lat' dir='ltr'>gaverunt</span> <span class='ocrx_word' id='word_1_16' title='bbox 1114 784 1472 885; x_wconf 85' lang='lat' dir='ltr'>pontificis</span> <span class='ocrx_word' id='word_1_17' title='bbox 1505 782 1890 855; x_wconf 79' lang='lat' dir='ltr'>servitores</span> <span class='ocrx_word' id='word_1_18' title='bbox 1922 804 2053 853; x_wconf 90' lang='lat' dir='ltr'>cur</span> <span class='ocrx_word' id='word_1_19' title='bbox 2074 780 2229 878; x_wconf 89' lang='lat' dir='ltr'>ipse</span> <span class='ocrx_word' id='word_1_20' title='bbox 2256 777 2609 876; x_wconf 81' lang='lat' dir='ltr'>Georgius</span> <span class='ocrx_word' id='word_1_21' title='bbox 2634 784 2919 852; x_wconf 87' lang='lat' dir='ltr'>tantum</span> <span class='ocrx_word' id='word_1_22' title='bbox 2948 778 3209 855; x_wconf 80' lang='lat' dir='ltr'>crimen</span> <span class='ocrx_word' id='word_1_23' title='bbox 3228 804 3339 857; x_wconf 87' lang='lat' dir='ltr'>non</span> 
     </span>
     <span class='ocr_line' id='line_1_4' title="bbox 737 902 3337 1009; baseline -0.003 -19"><span class='ocrx_word' id='word_1_24' title='bbox 737 916 1124 990; x_wconf 76' lang='lat' dir='ltr'>revelasset</span> <span class='ocrx_word' id='word_1_25' title='bbox 1181 906 1644 1009; x_wconf 78' lang='lat' dir='ltr'>gubernatori</span> <span class='ocrx_word' id='word_1_26' title='bbox 1705 906 1958 993; x_wconf 82' lang='lat' dir='ltr'>Urbis3</span> <span class='ocrx_word' id='word_1_27' title='bbox 2008 906 2380 1002; x_wconf 81' lang='lat' dir='ltr'>respondit</span> <span class='ocrx_word' id='word_1_28' title='bbox 2426 928 2507 981; x_wconf 86' lang='lat' dir='ltr'>sc</span> <span class='ocrx_word' id='word_1_29' title='bbox 2551 903 2847 995; x_wconf 82' lang='lat' dir='ltr'>vidisse,</span> <span class='ocrx_word' id='word_1_30' title='bbox 2910 902 3059 977; x_wconf 87' lang='lat' dir='ltr'>suis</span> <span class='ocrx_word' id='word_1_31' title='bbox 3108 904 3337 995; x_wconf 83' lang='lat' dir='ltr'>diebus,</span> 
     </span>
     <span class='ocr_line' id='line_1_5' title="bbox 735 1029 3345 1129; baseline -0.004 -12"><span class='ocrx_word' id='word_1_32' title='bbox 735 1038 1146 1117; x_wconf 88' lang='lat' dir='ltr'>centum-in</span> <span class='ocrx_word' id='word_1_33' title='bbox 1191 1036 1487 1109; x_wconf 91' lang='lat' dir='ltr'>diversis</span> <span class='ocrx_word' id='word_1_34' title='bbox 1533 1032 1870 1108; x_wconf 88' lang='lat' dir='ltr'>noctibus</span> <span class='ocrx_word' id='word_1_35' title='bbox 1919 1032 2112 1107; x_wconf 86' lang='lat' dir='ltr'>varie</span> <span class='ocrx_word' id='word_1_36' title='bbox 2163 1033 2443 1107; x_wconf 89' lang='lat' dir='ltr'>occisos</span> <span class='ocrx_word' id='word_1_37' title='bbox 2500 1030 2573 1105; x_wconf 92' lang='lat' dir='ltr'>in</span> <span class='ocrx_word' id='word_1_38' title='bbox 2630 1029 2909 1103; x_wconf 87' lang='lat' dir='ltr'>flumen</span> <span class='ocrx_word' id='word_1_39' title='bbox 2958 1030 3199 1129; x_wconf 85' lang='lat' dir='ltr'>projici</span> <span class='ocrx_word' id='word_1_40' title='bbox 3244 1054 3345 1129; x_wconf 87' lang='lat' dir='ltr'>per</span> 
     </span>
     <span class='ocr_line' id='line_1_6' title="bbox 734 1154 3346 1258; baseline -0.002 -21"><span class='ocrx_word' id='word_1_41' title='bbox 734 1163 977 1237; x_wconf 90' lang='lat' dir='ltr'>locum</span> <span class='ocrx_word' id='word_1_42' title='bbox 1004 1158 1436 1258; x_wconf 86' lang='lat' dir='ltr'>predictum,</span> <span class='ocrx_word' id='word_1_43' title='bbox 1459 1162 1531 1230; x_wconf 88' lang='lat' dir='ltr'>et</span> <span class='ocrx_word' id='word_1_44' title='bbox 1548 1178 1947 1252; x_wconf 81' lang='lat' dir='ltr'>numquam</span> <span class='ocrx_word' id='word_1_45' title='bbox 1972 1154 2215 1251; x_wconf 84' lang='lat' dir='ltr'>aliqua</span> <span class='ocrx_word' id='word_1_46' title='bbox 2237 1178 2489 1231; x_wconf 90' lang='lat' dir='ltr'>eorum</span> <span class='ocrx_word' id='word_1_47' title='bbox 2520 1158 2700 1233; x_wconf 87' lang='lat' dir='ltr'>ratio</span> <span class='ocrx_word' id='word_1_48' title='bbox 2720 1158 2979 1232; x_wconf 84' lang='lat' dir='ltr'>habita</span> <span class='ocrx_word' id='word_1_49' title='bbox 2998 1156 3157 1247; x_wconf 84' lang='lat' dir='ltr'>fuit;</span> <span class='ocrx_word' id='word_1_50' title='bbox 3178 1181 3346 1257; x_wconf 85' lang='lat' dir='ltr'>prop-</span> 
     </span>
     <span class='ocr_line' id='line_1_7' title="bbox 737 1280 3345 1381; baseline -0.003 -18"><span class='ocrx_word' id='word_1_51' title='bbox 737 1297 936 1365; x_wconf 87' lang='lat' dir='ltr'>terea</span> <span class='ocrx_word' id='word_1_52' title='bbox 965 1286 1054 1361; x_wconf 90' lang='lat' dir='ltr'>de</span> <span class='ocrx_word' id='word_1_53' title='bbox 1095 1306 1316 1359; x_wconf 87' lang='lat' dir='ltr'>causa</span> <span class='ocrx_word' id='word_1_54' title='bbox 1355 1280 1778 1379; x_wconf 91' lang='lat' dir='ltr'>hujusmodi</span> <span class='ocrx_word' id='word_1_55' title='bbox 1824 1280 2361 1357; x_wconf 77' lang='lat' dir='ltr'>estimationem</span> <span class='ocrx_word' id='word_1_56' title='bbox 2401 1282 2716 1381; x_wconf 78' lang='lat' dir='ltr'>aliquam</span> <span class='ocrx_word' id='word_1_57' title='bbox 2756 1308 2913 1359; x_wconf 90' lang='lat' dir='ltr'>non</span> <span class='ocrx_word' id='word_1_58' title='bbox 2952 1282 3221 1359; x_wconf 83' lang='lat' dir='ltr'>secisse.</span> <span class='ocrx_word' id='word_1_59' title='bbox 3251 1284 3345 1359; x_wconf 83' lang='lat' dir='ltr'>His</span> 
     </span>
     <span class='ocr_line' id='line_1_8' title="bbox 735 1406 3347 1509; baseline -0.003 -20"><span class='ocrx_word' id='word_1_60' title='bbox 735 1412 1148 1499; x_wconf 81' lang='lat' dir='ltr'>intellectis,</span> <span class='ocrx_word' id='word_1_61' title='bbox 1169 1408 1400 1485; x_wconf 82' lang='lat' dir='ltr'>vocati</span> <span class='ocrx_word' id='word_1_62' title='bbox 1420 1406 2005 1505; x_wconf 87' lang='lat' dir='ltr'>suntpiscatores</span> <span class='ocrx_word' id='word_1_63' title='bbox 2027 1414 2098 1482; x_wconf 90' lang='lat' dir='ltr'>et</span> <span class='ocrx_word' id='word_1_64' title='bbox 2115 1407 2350 1485; x_wconf 76' lang='lat' dir='ltr'>navita</span> <span class='ocrx_word' id='word_1_65' title='bbox 2371 1431 2502 1508; x_wconf 90' lang='lat' dir='ltr'>per</span> <span class='ocrx_word' id='word_1_66' title='bbox 2520 1410 2787 1485; x_wconf 89' lang='lat' dir='ltr'>Urbem</span> <span class='ocrx_word' id='word_1_67' title='bbox 2809 1418 2885 1487; x_wconf 89' lang='lat' dir='ltr'>et</span> <span class='ocrx_word' id='word_1_68' title='bbox 2908 1410 3017 1485; x_wconf 90' lang='lat' dir='ltr'>eis</span> <span class='ocrx_word' id='word_1_69' title='bbox 3038 1410 3235 1509; x_wconf 88' lang='lat' dir='ltr'>hujus</span> <span class='ocrx_word' id='word_1_70' title='bbox 3249 1408 3347 1481; x_wconf 89' lang='lat' dir='ltr'>ho-</span> 
     </span>
     <span class='ocr_line' id='line_1_9' title="bbox 739 1531 3346 1634; baseline -0.002 -24"><span class='ocrx_word' id='word_1_71' title='bbox 739 1536 954 1611; x_wconf 90' lang='lat' dir='ltr'>minis</span> <span class='ocrx_word' id='word_1_72' title='bbox 995 1534 1302 1634; x_wconf 87' lang='lat' dir='ltr'>piscatio</span> <span class='ocrx_word' id='word_1_73' title='bbox 1349 1531 1741 1607; x_wconf 88' lang='lat' dir='ltr'>commissa</span> <span class='ocrx_word' id='word_1_74' title='bbox 1779 1539 1849 1607; x_wconf 89' lang='lat' dir='ltr'>et</span> <span class='ocrx_word' id='word_1_75' title='bbox 1886 1531 2211 1607; x_wconf 89' lang='lat' dir='ltr'>laborum</span> <span class='ocrx_word' id='word_1_76' title='bbox 2260 1558 2554 1609; x_wconf 88' lang='lat' dir='ltr'>suorum</span> <span class='ocrx_word' id='word_1_77' title='bbox 2602 1537 2879 1633; x_wconf 87' lang='lat' dir='ltr'>optima</span> <span class='ocrx_word' id='word_1_78' title='bbox 2918 1534 3346 1611; x_wconf 75' lang='lat' dir='ltr'>renumeratio</span> 
     </span>
     <span class='ocr_line' id='line_1_10' title="bbox 737 1658 3342 1761; baseline 0 -25"><span class='ocrx_word' id='word_1_79' title='bbox 737 1664 1120 1761; x_wconf 88' lang='lat' dir='ltr'>promissa.</span> <span class='ocrx_word' id='word_1_80' title='bbox 1152 1666 1654 1736; x_wconf 86' lang='lat' dir='ltr'>Convenerunt</span> <span class='ocrx_word' id='word_1_81' title='bbox 1673 1658 2073 1755; x_wconf 85' lang='lat' dir='ltr'>piscatores</span> <span class='ocrx_word' id='word_1_82' title='bbox 2096 1667 2167 1733; x_wconf 90' lang='lat' dir='ltr'>et</span> <span class='ocrx_word' id='word_1_83' title='bbox 2185 1661 2449 1750; x_wconf 90' lang='lat' dir='ltr'>navite‚</span> <span class='ocrx_word' id='word_1_84' title='bbox 2476 1669 2555 1737; x_wconf 88' lang='lat' dir='ltr'>ut</span> <span class='ocrx_word' id='word_1_85' title='bbox 2572 1662 2928 1755; x_wconf 86' lang='lat' dir='ltr'>intellexi,</span> <span class='ocrx_word' id='word_1_86' title='bbox 2953 1660 3233 1738; x_wconf 84' lang='lat' dir='ltr'>trecenti</span> <span class='ocrx_word' id='word_1_87' title='bbox 3250 1661 3342 1753; x_wconf 59' lang='lat'>(¹),</span> 
     </span>
     <span class='ocr_line' id='line_1_11' title="bbox 741 1785 3347 1886; baseline -0.003 -23"><span class='ocrx_word' id='word_1_88' title='bbox 741 1791 863 1886; x_wconf 89' lang='lat' dir='ltr'>qui</span> <span class='ocrx_word' id='word_1_89' title='bbox 905 1812 1160 1864; x_wconf 89' lang='lat' dir='ltr'>omnes</span> <span class='ocrx_word' id='word_1_90' title='bbox 1203 1788 1351 1861; x_wconf 89' lang='lat' dir='ltr'>suis</span> <span class='ocrx_word' id='word_1_91' title='bbox 1397 1786 1892 1861; x_wconf 87' lang='lat' dir='ltr'>instrumentis</span> <span class='ocrx_word' id='word_1_92' title='bbox 1926 1810 2057 1885; x_wconf 89' lang='lat' dir='ltr'>per</span> <span class='ocrx_word' id='word_1_93' title='bbox 2096 1788 2411 1863; x_wconf 82' lang='lat' dir='ltr'>fluminis</span> <span class='ocrx_word' id='word_1_94' title='bbox 2456 1788 2694 1862; x_wconf 84' lang='lat' dir='ltr'>alvum</span> <span class='ocrx_word' id='word_1_95' title='bbox 2734 1786 3089 1886; x_wconf 86' lang='lat' dir='ltr'>projectis</span> <span class='ocrx_word' id='word_1_96' title='bbox 3112 1785 3262 1861; x_wconf 91' lang='lat' dir='ltr'>etin</span> <span class='ocrx_word' id='word_1_97' title='bbox 3283 1805 3347 1857; x_wconf 83' lang='lat' dir='ltr'>eo</span> 
     </span>
     <span class='ocr_line' id='line_1_12' title="bbox 735 1910 3343 2012; baseline -0.003 -24"><span class='ocrx_word' id='word_1_98' title='bbox 735 1915 1111 1988; x_wconf 90' lang='lat' dir='ltr'>hominem</span> <span class='ocrx_word' id='word_1_99' title='bbox 1168 1914 1538 2012; x_wconf 89' lang='lat' dir='ltr'>piscarunt</span> <span class='ocrx_word' id='word_1_100' title='bbox 1587 1910 1683 2009; x_wconf 77' lang='lat'>(2)</span> <span class='ocrx_word' id='word_1_101' title='bbox 1737 1939 1750 1985; x_wconf 93' lang='lat'>:</span> <span class='ocrx_word' id='word_1_102' title='bbox 1809 1911 2003 1987; x_wconf 91' lang='lat' dir='ltr'>circa</span> <span class='ocrx_word' id='word_1_103' title='bbox 2050 1912 2306 1988; x_wconf 89' lang='lat' dir='ltr'>horam</span> <span class='ocrx_word' id='word_1_104' title='bbox 2358 1936 2855 2011; x_wconf 85' lang='lat' dir='ltr'>vesperarum,</span> <span class='ocrx_word' id='word_1_105' title='bbox 2920 1918 3087 1987; x_wconf 89' lang='lat' dir='ltr'>ante</span> <span class='ocrx_word' id='word_1_106' title='bbox 3128 1918 3343 1993; x_wconf 86' lang='lat' dir='ltr'>tamen,</span> 
     </span>
     <span class='ocr_line' id='line_1_13' title="bbox 737 2034 3340 2138; baseline -0.002 -25"><span class='ocrx_word' id='word_1_107' title='bbox 737 2040 1192 2138; x_wconf 88' lang='lat' dir='ltr'>reperierunt</span> <span class='ocrx_word' id='word_1_108' title='bbox 1226 2039 1490 2112; x_wconf 87' lang='lat' dir='ltr'>ducem</span> <span class='ocrx_word' id='word_1_109' title='bbox 1527 2060 1695 2111; x_wconf 90' lang='lat' dir='ltr'>cum</span> <span class='ocrx_word' id='word_1_110' title='bbox 1727 2036 1927 2112; x_wconf 89' lang='lat' dir='ltr'>omni</span> <span class='ocrx_word' id='word_1_111' title='bbox 1960 2037 2198 2113; x_wconf 88' lang='lat' dir='ltr'>adhuc</span> <span class='ocrx_word' id='word_1_112' title='bbox 2238 2037 2491 2113; x_wconf 90' lang='lat' dir='ltr'>habitu</span> <span class='ocrx_word' id='word_1_113' title='bbox 2524 2061 2681 2128; x_wconf 88' lang='lat' dir='ltr'>sno,</span> <span class='ocrx_word' id='word_1_114' title='bbox 2727 2037 3073 2113; x_wconf 83' lang='lat' dir='ltr'>videlicet</span> <span class='ocrx_word' id='word_1_115' title='bbox 3106 2034 3340 2122; x_wconf 70' lang='lat' dir='ltr'>calceis¹</span> 
     </span>
     <span class='ocr_line' id='line_1_14' title="bbox 735 2160 3343 2262; baseline -0.004 -22"><span class='ocrx_word' id='word_1_116' title='bbox 735 2165 1013 2262; x_wconf 79' lang='lat' dir='ltr'>caligiS,</span> <span class='ocrx_word' id='word_1_117' title='bbox 1052 2165 1398 2262; x_wconf 85' lang='lat' dir='ltr'>diploide,</span> <span class='ocrx_word' id='word_1_118' title='bbox 1430 2161 1812 2254; x_wconf 84' lang='lat' dir='ltr'>vestite110,</span> <span class='ocrx_word' id='word_1_119' title='bbox 1845 2162 2192 2237; x_wconf 89' lang='lat' dir='ltr'>mantello</span> <span class='ocrx_word' id='word_1_120' title='bbox 2218 2162 2587 2254; x_wconf 85' lang='lat' dir='ltr'>vestitum,</span> <span class='ocrx_word' id='word_1_121' title='bbox 2626 2162 2760 2237; x_wconf 88' lang='lat' dir='ltr'>sub</span> <span class='ocrx_word' id='word_1_122' title='bbox 2792 2161 3093 2260; x_wconf 81' lang='lat' dir='ltr'>cingulo</span> <span class='ocrx_word' id='word_1_123' title='bbox 3116 2160 3343 2235; x_wconf 86' lang='lat' dir='ltr'>haben·</span> 
     </span>
     <span class='ocr_line' id='line_1_15' title="bbox 739 2286 3346 2387; baseline -0.003 -22"><span class='ocrx_word' id='word_1_124' title='bbox 739 2299 888 2367; x_wconf 92' lang='lat' dir='ltr'>tem</span> <span class='ocrx_word' id='word_1_125' title='bbox 915 2291 1379 2366; x_wconf 87' lang='lat' dir='ltr'>chirothecas</span> <span class='ocrx_word' id='word_1_126' title='bbox 1403 2314 1569 2365; x_wconf 89' lang='lat' dir='ltr'>suas</span> <span class='ocrx_word' id='word_1_127' title='bbox 1583 2312 1749 2363; x_wconf 88' lang='lat' dir='ltr'>cum</span> <span class='ocrx_word' id='word_1_128' title='bbox 1766 2289 2045 2363; x_wconf 89' lang='lat' dir='ltr'>ducatis</span> <span class='ocrx_word' id='word_1_129' title='bbox 2068 2290 2388 2387; x_wconf 83' lang='lat' dir='ltr'>triginta,</span> <span class='ocrx_word' id='word_1_130' title='bbox 2408 2290 2869 2364; x_wconf 85' lang='lat' dir='ltr'>vulneratum</span> <span class='ocrx_word' id='word_1_131' title='bbox 2892 2286 3346 2363; x_wconf 75' lang='lat' dir='ltr'>novemvulne·</span> 
     </span>
     <span class='ocr_line' id='line_1_16' title="bbox 739 2413 3341 2515; baseline -0.003 -23"><span class='ocrx_word' id='word_1_132' title='bbox 739 2418 939 2492; x_wconf 90' lang='lat' dir='ltr'>ribus</span> <span class='ocrx_word' id='word_1_133' title='bbox 982 2441 1295 2515; x_wconf 87' lang='lat' dir='ltr'>quorum</span> <span class='ocrx_word' id='word_1_134' title='bbox 1339 2441 1562 2491; x_wconf 90' lang='lat' dir='ltr'>unum</span> <span class='ocrx_word' id='word_1_135' title='bbox 1603 2422 1757 2491; x_wconf 86' lang='lat' dir='ltr'>erat</span> <span class='ocrx_word' id='word_1_136' title='bbox 1795 2415 1869 2488; x_wconf 89' lang='lat' dir='ltr'>in</span> <span class='ocrx_word' id='word_1_137' title='bbox 1909 2414 2095 2490; x_wconf 91' lang='lat' dir='ltr'>collo</span> <span class='ocrx_word' id='word_1_138' title='bbox 2140 2439 2273 2513; x_wconf 90' lang='lat' dir='ltr'>per</span> <span class='ocrx_word' id='word_1_139' title='bbox 2314 2420 2585 2514; x_wconf 83' lang='lat' dir='ltr'>guttur,</span> <span class='ocrx_word' id='word_1_140' title='bbox 2634 2416 2775 2490; x_wconf 89' lang='lat' dir='ltr'>alia</span> <span class='ocrx_word' id='word_1_141' title='bbox 2818 2424 2989 2493; x_wconf 92' lang='lat' dir='ltr'>octo</span> <span class='ocrx_word' id='word_1_142' title='bbox 3028 2416 3101 2489; x_wconf 90' lang='lat' dir='ltr'>in</span> <span class='ocrx_word' id='word_1_143' title='bbox 3132 2413 3341 2511; x_wconf 85' lang='lat' dir='ltr'>capite,</span> 
     </span>
     <span class='ocr_line' id='line_1_17' title="bbox 738 2530 3346 2643; baseline -0.005 -24"><span class='ocrx_word' id='word_1_144' title='bbox 738 2530 1046 2643; x_wconf 83' lang='lat' dir='ltr'>corpore</span> <span class='ocrx_word' id='word_1_145' title='bbox 1082 2550 1154 2618; x_wconf 89' lang='lat' dir='ltr'>et</span> <span class='ocrx_word' id='word_1_146' title='bbox 1189 2542 1546 2618; x_wconf 79' lang='lat' dir='ltr'>cruribus,</span> <span class='ocrx_word' id='word_1_147' title='bbox 1593 2544 2025 2638; x_wconf 88' lang='lat' dir='ltr'>Compertus</span> <span class='ocrx_word' id='word_1_148' title='bbox 2068 2540 2239 2631; x_wconf 83' lang='lat' dir='ltr'>dux,</span> <span class='ocrx_word' id='word_1_149' title='bbox 2283 2541 2610 2617; x_wconf 85' lang='lat' dir='ltr'>navicula</span> <span class='ocrx_word' id='word_1_150' title='bbox 2646 2541 3039 2639; x_wconf 86' lang='lat' dir='ltr'>impositus</span> <span class='ocrx_word' id='word_1_151' title='bbox 3068 2546 3171 2613; x_wconf 87' lang='lat' dir='ltr'>est</span> <span class='ocrx_word' id='word_1_152' title='bbox 3196 2542 3255 2611; x_wconf 86' lang='lat' dir='ltr'>et</span> <span class='ocrx_word' id='word_1_153' title='bbox 3278 2534 3346 2607; x_wconf 85' lang='lat' dir='ltr'>ad</span> 
     </span>
     <span class='ocr_line' id='line_1_18' title="bbox 741 2661 3342 2765; baseline -0.004 -20"><span class='ocrx_word' id='word_1_154' title='bbox 741 2677 1058 2745; x_wconf 90' lang='lat' dir='ltr'>castrum</span> <span class='ocrx_word' id='word_1_155' title='bbox 1103 2668 1334 2744; x_wconf 88' lang='lat' dir='ltr'>sancti</span> <span class='ocrx_word' id='word_1_156' title='bbox 1373 2668 1633 2765; x_wconf 86' lang='lat' dir='ltr'>Angeli</span> <span class='ocrx_word' id='word_1_157' title='bbox 1678 2666 1938 2741; x_wconf 87' lang='lat' dir='ltr'>ductus</span> <span class='ocrx_word' id='word_1_158' title='bbox 1971 2668 2043 2741; x_wconf 91' lang='lat' dir='ltr'>in</span> <span class='ocrx_word' id='word_1_159' title='bbox 2072 2692 2216 2764; x_wconf 90' lang='lat' dir='ltr'>quo</span> <span class='ocrx_word' id='word_1_160' title='bbox 2238 2672 2495 2744; x_wconf 82' lang='lat' dir='ltr'>exutus</span> <span class='ocrx_word' id='word_1_161' title='bbox 2529 2694 2543 2739; x_wconf 76' lang='grc' dir='ltr'>ε</span> <span class='ocrx_word' id='word_1_162' title='bbox 2577 2668 2810 2742; x_wconf 89' lang='lat' dir='ltr'>lotum</span> <span class='ocrx_word' id='word_1_163' title='bbox 2844 2673 2959 2742; x_wconf 88' lang='lat' dir='ltr'>est</span> <span class='ocrx_word' id='word_1_164' title='bbox 2986 2667 3137 2763; x_wconf 87' lang='lat' dir='ltr'>ejus</span> <span class='ocrx_word' id='word_1_165' title='bbox 3172 2661 3342 2737; x_wconf 84' lang='lat' dir='ltr'>cada·</span> 
     </span>
     <span class='ocr_line' id='line_1_19' title="bbox 742 2788 3345 2894; baseline -0.004 -23"><span class='ocrx_word' id='word_1_166' title='bbox 742 2820 866 2872; x_wconf 88' lang='lat' dir='ltr'>ver</span> <span class='ocrx_word' id='word_1_167' title='bbox 908 2803 980 2870; x_wconf 91' lang='lat' dir='ltr'>et</span> <span class='ocrx_word' id='word_1_168' title='bbox 1031 2795 1290 2894; x_wconf 88' lang='lat' dir='ltr'>pannis</span> <span class='ocrx_word' id='word_1_169' title='bbox 1339 2792 1769 2869; x_wconf 85' lang='lat' dir='ltr'>militaribus</span> <span class='ocrx_word' id='word_1_170' title='bbox 1822 2793 2176 2884; x_wconf 89' lang='lat' dir='ltr'>indutum,</span> <span class='ocrx_word' id='word_1_171' title='bbox 2234 2793 2435 2868; x_wconf 88' lang='lat' dir='ltr'>socio</span> <span class='ocrx_word' id='word_1_172' title='bbox 2486 2815 2680 2885; x_wconf 88' lang='lat' dir='ltr'>mec,</span> <span class='ocrx_word' id='word_1_173' title='bbox 2734 2788 3179 2867; x_wconf 86' lang='lat' dir='ltr'>Bernardino</span> <span class='ocrx_word' id='word_1_174' title='bbox 3210 2790 3345 2860; x_wconf 86' lang='lat' dir='ltr'>Gut-</span> 
     </span>
     <span class='ocr_line' id='line_1_20' title="bbox 741 2918 2594 3010; baseline 0 -15"><span class='ocrx_word' id='word_1_175' title='bbox 741 2921 928 3009; x_wconf 85' lang='lat' dir='ltr'>terii,</span> <span class='ocrx_word' id='word_1_176' title='bbox 964 2920 1231 2995; x_wconf 88' lang='lat' dir='ltr'>clerico</span> <span class='ocrx_word' id='word_1_177' title='bbox 1265 2918 1875 3010; x_wconf 84' lang='lat' dir='ltr'>ceremoniarum,</span> <span class='ocrx_word' id='word_1_178' title='bbox 1906 2918 2153 2992; x_wconf 90' lang='lat' dir='ltr'>omnia</span> <span class='ocrx_word' id='word_1_179' title='bbox 2186 2919 2594 2995; x_wconf 81' lang='lat' dir='ltr'>ordinante.</span> 
     </span>
    </p>

    <p class='ocr_par' dir='ltr' id='par_1_3' title="bbox 727 3044 3340 4149">
     <span class='ocr_line' id='line_1_21' title="bbox 834 3044 3340 3145; baseline -0.004 -23"><span class='ocrx_word' id='word_1_180' title='bbox 834 3052 914 3123; x_wconf 92' lang='lat' dir='ltr'>ln</span> <span class='ocrx_word' id='word_1_181' title='bbox 964 3070 1129 3121; x_wconf 89' lang='lat' dir='ltr'>sero</span> <span class='ocrx_word' id='word_1_182' title='bbox 1183 3045 1372 3120; x_wconf 92' lang='lat' dir='ltr'>illius</span> <span class='ocrx_word' id='word_1_183' title='bbox 1430 3045 1600 3135; x_wconf 92' lang='lat' dir='ltr'>diei,</span> <span class='ocrx_word' id='word_1_184' title='bbox 1664 3044 1859 3120; x_wconf 89' lang='lat' dir='ltr'>circa</span> <span class='ocrx_word' id='word_1_185' title='bbox 1902 3044 2161 3119; x_wconf 84' lang='lat' dir='ltr'>horam</span> <span class='ocrx_word' id='word_1_186' title='bbox 2205 3045 2629 3142; x_wconf 80' lang='lat' dir='ltr'>vigesimam</span> <span class='ocrx_word' id='word_1_187' title='bbox 2673 3056 3039 3145; x_wconf 86' lang='lat' dir='ltr'>quartam,</span> <span class='ocrx_word' id='word_1_188' title='bbox 3096 3045 3340 3121; x_wconf 80' lang='lat' dir='ltr'>cadaver</span> 
     </span>
     <span class='ocr_line' id='line_1_22' title="bbox 734 3171 3339 3271; baseline -0.003 -25"><span class='ocrx_word' id='word_1_189' title='bbox 734 3174 1144 3271; x_wconf 86' lang='lat' dir='ltr'>predictum</span> <span class='ocrx_word' id='word_1_190' title='bbox 1185 3178 1551 3269; x_wconf 89' lang='lat' dir='ltr'>portatum</span> <span class='ocrx_word' id='word_1_191' title='bbox 1597 3177 1705 3244; x_wconf 91' lang='lat' dir='ltr'>est</span> <span class='ocrx_word' id='word_1_192' title='bbox 1744 3195 1877 3268; x_wconf 90' lang='lat' dir='ltr'>per</span> <span class='ocrx_word' id='word_1_193' title='bbox 1904 3171 2299 3246; x_wconf 78' lang='lat' dir='ltr'>familiares</span> <span class='ocrx_word' id='word_1_194' title='bbox 2328 3172 2609 3247; x_wconf 89' lang='lat' dir='ltr'>nobiles</span> <span class='ocrx_word' id='word_1_195' title='bbox 2650 3197 2853 3267; x_wconf 86' lang='lat' dir='ltr'>SuOS,</span> <span class='ocrx_word' id='word_1_196' title='bbox 2904 3175 2965 3249; x_wconf 91' lang='lat' dir='ltr'>si</span> <span class='ocrx_word' id='word_1_197' title='bbox 3006 3178 3189 3247; x_wconf 87' lang='lat' dir='ltr'>recte</span> <span class='ocrx_word' id='word_1_198' title='bbox 3222 3186 3339 3240; x_wconf 86' lang='lat' dir='ltr'>me-</span> 
     </span>
     <span class='ocr_line' id='line_1_23' title="bbox 732 3296 3338 3399; baseline -0.002 -28"><span class='ocrx_word' id='word_1_199' title='bbox 732 3298 937 3387; x_wconf 89' lang='lat' dir='ltr'>mini,</span> <span class='ocrx_word' id='word_1_200' title='bbox 974 3323 1064 3371; x_wconf 86' lang='lat' dir='ltr'>ex</span> <span class='ocrx_word' id='word_1_201' title='bbox 1095 3298 1286 3372; x_wconf 90' lang='lat' dir='ltr'>dicto</span> <span class='ocrx_word' id='word_1_202' title='bbox 1333 3304 1570 3371; x_wconf 88' lang='lat' dir='ltr'>castro</span> <span class='ocrx_word' id='word_1_203' title='bbox 1603 3296 1694 3370; x_wconf 93' lang='lat' dir='ltr'>ad</span> <span class='ocrx_word' id='word_1_204' title='bbox 1741 3296 2129 3387; x_wconf 83' lang='lat' dir='ltr'>ecclesiam</span> <span class='ocrx_word' id='word_1_205' title='bbox 2158 3296 2369 3373; x_wconf 87' lang='lat' dir='ltr'>beate</span> <span class='ocrx_word' id='word_1_206' title='bbox 2416 3297 2637 3373; x_wconf 89' lang='lat' dir='ltr'>Marie</span> <span class='ocrx_word' id='word_1_207' title='bbox 2672 3298 2763 3373; x_wconf 90' lang='lat' dir='ltr'>de</span> <span class='ocrx_word' id='word_1_208' title='bbox 2796 3300 3102 3399; x_wconf 82' lang='lat' dir='ltr'>Popula,</span> <span class='ocrx_word' id='word_1_209' title='bbox 3134 3312 3338 3393; x_wconf 84' lang='lat' dir='ltr'>prece·</span> 
     </span>
     <span class='ocr_line' id='line_1_24' title="bbox 733 3414 3335 3521; baseline -0.005 -23"><span class='ocrx_word' id='word_1_210' title='bbox 733 3424 1071 3498; x_wconf 89' lang='lat' dir='ltr'>dentibus</span> <span class='ocrx_word' id='word_1_211' title='bbox 1117 3424 1497 3500; x_wconf 87' lang='lat' dir='ltr'>intorticiis</span> <span class='ocrx_word' id='word_1_212' title='bbox 1541 3423 1831 3497; x_wconf 90' lang='lat' dir='ltr'>circiter</span> <span class='ocrx_word' id='word_1_213' title='bbox 1874 3431 2167 3498; x_wconf 89' lang='lat' dir='ltr'>centum</span> <span class='ocrx_word' id='word_1_214' title='bbox 2211 3431 2282 3498; x_wconf 91' lang='lat' dir='ltr'>et</span> <span class='ocrx_word' id='word_1_215' title='bbox 2321 3423 2569 3521; x_wconf 84' lang='lat' dir='ltr'>viginti</span> <span class='ocrx_word' id='word_1_216' title='bbox 2610 3430 2685 3498; x_wconf 86' lang='lat' dir='ltr'>ct</span> <span class='ocrx_word' id='word_1_217' title='bbox 2722 3426 3063 3500; x_wconf 88' lang='lat' dir='ltr'>omnibus</span> <span class='ocrx_word' id='word_1_218' title='bbox 3098 3414 3335 3520; x_wconf 86' lang='lat' dir='ltr'>prelatis</span> 
     </span>
     <span class='ocr_line' id='line_1_25' title="bbox 731 3550 3335 3647; baseline -0.003 -23"><span class='ocrx_word' id='word_1_219' title='bbox 731 3550 1004 3647; x_wconf 87' lang='lat' dir='ltr'>palatii,</span> <span class='ocrx_word' id='word_1_220' title='bbox 1060 3550 1518 3623; x_wconf 88' lang='lat' dir='ltr'>cubiculariis</span> <span class='ocrx_word' id='word_1_221' title='bbox 1570 3562 1641 3623; x_wconf 91' lang='lat' dir='ltr'>et</span> <span class='ocrx_word' id='word_1_222' title='bbox 1689 3550 2052 3623; x_wconf 83' lang='lat' dir='ltr'>scutiferis</span> <span class='ocrx_word' id='word_1_223' title='bbox 2104 3553 2293 3647; x_wconf 89' lang='lat' dir='ltr'>Pape</span> <span class='ocrx_word' id='word_1_224' title='bbox 2338 3550 2577 3647; x_wconf 82' lang='lat' dir='ltr'>ipsum</span> <span class='ocrx_word' id='word_1_225' title='bbox 2629 3550 3165 3637; x_wconf 84' lang='lat' dir='ltr'>comitantibus,</span> <span class='ocrx_word' id='word_1_226' title='bbox 3212 3560 3335 3616; x_wconf 85' lang='lat' dir='ltr'>cum</span> 
     </span>
     <span class='ocr_line' id='line_1_26' title="bbox 731 3672 3336 3775; baseline 0 -28"><span class='ocrx_word' id='word_1_227' title='bbox 731 3698 996 3773; x_wconf 81' lang='lat' dir='ltr'>magno</span> <span class='ocrx_word' id='word_1_228' title='bbox 1039 3676 1212 3750; x_wconf 85' lang='lat' dir='ltr'>fletu</span> <span class='ocrx_word' id='word_1_229' title='bbox 1253 3682 1326 3750; x_wconf 89' lang='lat' dir='ltr'>et</span> <span class='ocrx_word' id='word_1_230' title='bbox 1362 3674 1662 3766; x_wconf 88' lang='lat' dir='ltr'>ululatu,</span> <span class='ocrx_word' id='word_1_231' title='bbox 1709 3676 1865 3749; x_wconf 91' lang='lat' dir='ltr'>sine</span> <span class='ocrx_word' id='word_1_232' title='bbox 1918 3675 2167 3749; x_wconf 90' lang='lat' dir='ltr'>ordine</span> <span class='ocrx_word' id='word_1_233' title='bbox 2209 3674 2712 3750; x_wconf 88' lang='lat' dir='ltr'>incedentibus</span> <span class='ocrx_word' id='word_1_234' title='bbox 2759 3702 2776 3751; x_wconf 91' lang='lat'>:</span> <span class='ocrx_word' id='word_1_235' title='bbox 2819 3675 3107 3775; x_wconf 90' lang='lat' dir='ltr'>publice</span> <span class='ocrx_word' id='word_1_236' title='bbox 3140 3672 3336 3767; x_wconf 62' lang='lat' dir='ltr'>porin-</span> 
     </span>
     <span class='ocr_line' id='line_1_27' title="bbox 729 3798 3333 3891; baseline -0.002 -21"><span class='ocrx_word' id='word_1_237' title='bbox 729 3798 940 3871; x_wconf 83' lang='lat' dir='ltr'>batur</span> <span class='ocrx_word' id='word_1_238' title='bbox 985 3801 1292 3874; x_wconf 85' lang='lat' dir='ltr'>cadaver</span> <span class='ocrx_word' id='word_1_239' title='bbox 1331 3800 1407 3874; x_wconf 91' lang='lat' dir='ltr'>in</span> <span class='ocrx_word' id='word_1_240' title='bbox 1455 3800 1806 3875; x_wconf 88' lang='lat' dir='ltr'>catalecto</span> <span class='ocrx_word' id='word_1_241' title='bbox 1849 3800 2282 3891; x_wconf 85' lang='lat' dir='ltr'>honorifice,</span> <span class='ocrx_word' id='word_1_242' title='bbox 2336 3810 2409 3877; x_wconf 91' lang='lat' dir='ltr'>et</span> <span class='ocrx_word' id='word_1_243' title='bbox 2456 3802 2830 3878; x_wconf 84' lang='lat' dir='ltr'>videbatur</span> <span class='ocrx_word' id='word_1_244' title='bbox 2878 3826 3025 3879; x_wconf 89' lang='lat' dir='ltr'>non</span> <span class='ocrx_word' id='word_1_245' title='bbox 3064 3800 3333 3873; x_wconf 79' lang='lat' dir='ltr'>mortuus</span> 
     </span>
     <span class='ocr_line' id='line_1_28' title="bbox 729 3916 3331 4026; baseline -0.001 -27"><span class='ocrx_word' id='word_1_246' title='bbox 729 3927 859 4000; x_wconf 91' lang='lat' dir='ltr'>sed</span> <span class='ocrx_word' id='word_1_247' title='bbox 897 3926 1290 4001; x_wconf 83' lang='lat' dir='ltr'>dormienS.</span> <span class='ocrx_word' id='word_1_248' title='bbox 1341 3930 1418 4001; x_wconf 89' lang='lat' dir='ltr'>In</span> <span class='ocrx_word' id='word_1_249' title='bbox 1461 3927 1767 4002; x_wconf 89' lang='lat' dir='ltr'>ecclesia</span> <span class='ocrx_word' id='word_1_250' title='bbox 1806 3928 2130 4026; x_wconf 81' lang='lat' dir='ltr'>predicta</span> <span class='ocrx_word' id='word_1_251' title='bbox 2175 3927 2447 4001; x_wconf 83' lang='lat' dir='ltr'>factum</span> <span class='ocrx_word' id='word_1_252' title='bbox 2492 3933 2604 4002; x_wconf 88' lang='lat' dir='ltr'>est</span> <span class='ocrx_word' id='word_1_253' title='bbox 2646 3926 2714 4001; x_wconf 94' lang='lat' dir='ltr'>ei</span> <span class='ocrx_word' id='word_1_254' title='bbox 2754 3926 3153 4026; x_wconf 89' lang='lat' dir='ltr'>depositum</span> <span class='ocrx_word' id='word_1_255' title='bbox 3191 3926 3249 3993; x_wconf 79' lang='lat' dir='ltr'>et</span> <span class='ocrx_word' id='word_1_256' title='bbox 3281 3916 3331 3987; x_wconf 79' lang='lat' dir='ltr'>in</span> 
     </span>
     <span class='ocr_line' id='line_1_29' title="bbox 727 4050 2853 4149; baseline 0.001 -24"><span class='ocrx_word' id='word_1_257' title='bbox 727 4076 816 4125; x_wconf 91' lang='lat' dir='ltr'>eo</span> <span class='ocrx_word' id='word_1_258' title='bbox 850 4051 1330 4143; x_wconf 84' lang='lat' dir='ltr'>reconditum,</span> <span class='ocrx_word' id='word_1_259' title='bbox 1366 4050 1486 4125; x_wconf 90' lang='lat' dir='ltr'>ubi</span> <span class='ocrx_word' id='word_1_260' title='bbox 1519 4059 1764 4126; x_wconf 88' lang='lat' dir='ltr'>manet</span> <span class='ocrx_word' id='word_1_261' title='bbox 1795 4076 2022 4149; x_wconf 91' lang='lat' dir='ltr'>usque</span> <span class='ocrx_word' id='word_1_262' title='bbox 2052 4052 2145 4125; x_wconf 86' lang='lat' dir='ltr'>ad</span> <span class='ocrx_word' id='word_1_263' title='bbox 2172 4052 2603 4127; x_wconf 90' lang='lat' dir='ltr'>hodiernum</span> <span class='ocrx_word' id='word_1_264' title='bbox 2633 4054 2853 4130; x_wconf 90' lang='lat' dir='ltr'>diem.</span> 
     </span>
    </p>

    <p class='ocr_par' dir='ltr' id='par_1_4' title="bbox 727 4178 3330 4530">
     <span class='ocr_line' id='line_1_30' title="bbox 829 4178 3329 4272; baseline -0.007 -16"><span class='ocrx_word' id='word_1_265' title='bbox 829 4182 1186 4271; x_wconf 73' lang='lat' dir='ltr'>PontifeX‚</span> <span class='ocrx_word' id='word_1_266' title='bbox 1230 4187 1307 4255; x_wconf 90' lang='lat' dir='ltr'>ut</span> <span class='ocrx_word' id='word_1_267' title='bbox 1341 4178 1691 4254; x_wconf 84' lang='lat' dir='ltr'>intellexit</span> <span class='ocrx_word' id='word_1_268' title='bbox 1727 4179 1988 4253; x_wconf 88' lang='lat' dir='ltr'>ducem</span> <span class='ocrx_word' id='word_1_269' title='bbox 2030 4178 2489 4253; x_wconf 85' lang='lat' dir='ltr'>interfectum</span> <span class='ocrx_word' id='word_1_270' title='bbox 2529 4188 2599 4256; x_wconf 92' lang='lat' dir='ltr'>et</span> <span class='ocrx_word' id='word_1_271' title='bbox 2636 4182 2711 4255; x_wconf 91' lang='lat' dir='ltr'>in</span> <span class='ocrx_word' id='word_1_272' title='bbox 2744 4183 3040 4272; x_wconf 82' lang='lat' dir='ltr'>flumen,</span> <span class='ocrx_word' id='word_1_273' title='bbox 3086 4189 3154 4251; x_wconf 84' lang='lat' dir='ltr'>ut</span> <span class='ocrx_word' id='word_1_274' title='bbox 3186 4178 3329 4245; x_wconf 84' lang='lat' dir='ltr'>ster-</span> 
     </span>
     <span class='ocr_line' id='line_1_31' title="bbox 727 4292 3330 4405; baseline -0.004 -24"><span class='ocrx_word' id='word_1_275' title='bbox 727 4333 881 4399; x_wconf 77' lang='lat' dir='ltr'>cuS,</span> <span class='ocrx_word' id='word_1_276' title='bbox 935 4309 1369 4405; x_wconf 87' lang='lat' dir='ltr'>projectum,</span> <span class='ocrx_word' id='word_1_277' title='bbox 1443 4315 1897 4404; x_wconf 90' lang='lat' dir='ltr'>compertum</span> <span class='ocrx_word' id='word_1_278' title='bbox 1955 4328 2142 4396; x_wconf 86' lang='lat' dir='ltr'>esse,</span> <span class='ocrx_word' id='word_1_279' title='bbox 2204 4312 2571 4380; x_wconf 88' lang='lat' dir='ltr'>commota</span> <span class='ocrx_word' id='word_1_280' title='bbox 2619 4308 2751 4381; x_wconf 88' lang='lat' dir='ltr'>sibi</span> <span class='ocrx_word' id='word_1_281' title='bbox 2805 4309 3088 4382; x_wconf 86' lang='lat' dir='ltr'>fuerunt</span> <span class='ocrx_word' id='word_1_282' title='bbox 3132 4292 3330 4373; x_wconf 79' lang='lat' dir='ltr'>omnia</span> 
     </span>
     <span class='ocr_line' id='line_1_32' title="bbox 728 4421 3322 4530; baseline -0.002 -25"><span class='ocrx_word' id='word_1_283' title='bbox 728 4432 1000 4507; x_wconf 81' lang='lat' dir='ltr'>viscera</span> <span class='ocrx_word' id='word_1_284' title='bbox 1037 4438 1110 4507; x_wconf 92' lang='lat' dir='ltr'>et</span> <span class='ocrx_word' id='word_1_285' title='bbox 1146 4457 1274 4530; x_wconf 91' lang='lat' dir='ltr'>pre</span> <span class='ocrx_word' id='word_1_286' title='bbox 1315 4432 1564 4507; x_wconf 91' lang='lat' dir='ltr'>dolore</span> <span class='ocrx_word' id='word_1_287' title='bbox 1603 4437 1673 4506; x_wconf 90' lang='lat' dir='ltr'>et</span> <span class='ocrx_word' id='word_1_288' title='bbox 1715 4431 1955 4505; x_wconf 87' lang='lat' dir='ltr'>cordis</span> <span class='ocrx_word' id='word_1_289' title='bbox 2000 4430 2480 4517; x_wconf 80' lang='lat' dir='ltr'>amaritudine</span> <span class='ocrx_word' id='word_1_290' title='bbox 2524 4433 2820 4508; x_wconf 87' lang='lat' dir='ltr'>reclusit</span> <span class='ocrx_word' id='word_1_291' title='bbox 2860 4434 3037 4509; x_wconf 89' lang='lat' dir='ltr'>sein</span> <span class='ocrx_word' id='word_1_292' title='bbox 3068 4421 3322 4527; x_wconf 75' lang='lat' dir='ltr'>quadam</span> 
     </span>
    </p>
   </div>
   <div class='ocr_carea' id='block_1_3' title="bbox 795 4628 3319 4723">
    <p class='ocr_par' dir='ltr' id='par_1_5' title="bbox 795 4628 3319 4723">
     <span class='ocr_line' id='line_1_33' title="bbox 795 4628 3319 4723; baseline -0.006 -27"><span class='ocrx_word' id='word_1_293' title='bbox 795 4642 844 4698; x_wconf 90' lang='lat'>1.</span> <span class='ocrx_word' id='word_1_294' title='bbox 887 4639 1036 4695; x_wconf 81' lang='lat' dir='ltr'>Telle</span> <span class='ocrx_word' id='word_1_295' title='bbox 1074 4646 1161 4696; x_wconf 85' lang='lat' dir='ltr'>est</span> <span class='ocrx_word' id='word_1_296' title='bbox 1203 4638 1256 4695; x_wconf 87' lang='lat' dir='ltr'>la</span> <span class='ocrx_word' id='word_1_297' title='bbox 1292 4638 1448 4709; x_wconf 72' lang='lat' dir='ltr'>lecon</span> <span class='ocrx_word' id='word_1_298' title='bbox 1485 4638 1557 4693; x_wconf 94' lang='lat' dir='ltr'>du</span> <span class='ocrx_word' id='word_1_299' title='bbox 1597 4654 1734 4695; x_wconf 77' lang='lat' dir='ltr'>mSS.</span> <span class='ocrx_word' id='word_1_300' title='bbox 1773 4638 1937 4707; x_wconf 86' lang='lat'>5160,</span> <span class='ocrx_word' id='word_1_301' title='bbox 1970 4636 2006 4692; x_wconf 85' lang='lat' dir='ltr'>f.</span> <span class='ocrx_word' id='word_1_302' title='bbox 2047 4637 2173 4707; x_wconf 83' lang='lat'>291,</span> <span class='ocrx_word' id='word_1_303' title='bbox 2212 4654 2265 4696; x_wconf 81' lang='lat' dir='ltr'>v.</span> <span class='ocrx_word' id='word_1_304' title='bbox 2308 4642 2363 4694; x_wconf 85' lang='lat' dir='ltr'>et</span> <span class='ocrx_word' id='word_1_305' title='bbox 2400 4638 2678 4708; x_wconf 85' lang='lat' dir='ltr'>d&#39;Eccard‚</span> <span class='ocrx_word' id='word_1_306' title='bbox 2710 4640 2817 4698; x_wconf 84' lang='lat' dir='ltr'>col.</span> <span class='ocrx_word' id='word_1_307' title='bbox 2856 4640 3009 4698; x_wconf 73' lang='lat'><strong>2082.</strong></span> <span class='ocrx_word' id='word_1_308' title='bbox 3050 4635 3143 4723; x_wconf 74' lang='lat' dir='ltr'>Les</span> <span class='ocrx_word' id='word_1_309' title='bbox 3176 4628 3319 4683; x_wconf 66' lang='lat' dir='ltr'>autres</span> 
     </span>
    </p>
   </div>
   <div class='ocr_carea' id='block_1_4' title="bbox 723 4730 2303 4893">
    <p class='ocr_par' dir='ltr' id='par_1_6' title="bbox 723 4730 2303 4893">
     <span class='ocr_line' id='line_1_34' title="bbox 723 4730 1623 4786; baseline 0 -1"><span class='ocrx_word' id='word_1_310' title='bbox 723 4746 857 4786; x_wconf 81' lang='lat' dir='ltr'>msS.</span> <span class='ocrx_word' id='word_1_311' title='bbox 891 4731 1136 4785; x_wconf 86' lang='lat' dir='ltr'>donnent</span> <span class='ocrx_word' id='word_1_312' title='bbox 1165 4746 1178 4785; x_wconf 91' lang='lat'><strong>:</strong></span> <span class='ocrx_word' id='word_1_313' title='bbox 1212 4736 1322 4785; x_wconf 75' lang='lat' dir='ltr'>tres</span> <span class='ocrx_word' id='word_1_314' title='bbox 1347 4730 1431 4784; x_wconf 72' lang='lat' dir='ltr'>rel</span> <span class='ocrx_word' id='word_1_315' title='bbox 1459 4732 1623 4785; x_wconf 79' lang='lat' dir='ltr'>circa.</span> 
     </span>
     <span class='ocr_line' id='line_1_35' title="bbox 791 4818 2303 4893; baseline 0.001 -18"><span class='ocrx_word' id='word_1_316' title='bbox 791 4823 846 4879; x_wconf 75' lang='grc'>’2.</span> <span class='ocrx_word' id='word_1_317' title='bbox 888 4819 968 4874; x_wconf 86' lang='lat' dir='ltr'>On</span> <span class='ocrx_word' id='word_1_318' title='bbox 1001 4824 1220 4876; x_wconf 83' lang='lat' dir='ltr'>connait</span> <span class='ocrx_word' id='word_1_319' title='bbox 1247 4819 1294 4875; x_wconf 86' lang='lat' dir='ltr'>le</span> <span class='ocrx_word' id='word_1_320' title='bbox 1326 4820 1582 4890; x_wconf 70' lang='lat' dir='ltr'>sanglant</span> <span class='ocrx_word' id='word_1_321' title='bbox 1610 4818 1849 4893; x_wconf 82' lang='lat' dir='ltr'>distique</span> <span class='ocrx_word' id='word_1_322' title='bbox 1878 4818 1945 4873; x_wconf 80' lang='lat' dir='ltr'>de</span> <span class='ocrx_word' id='word_1_323' title='bbox 1976 4818 2254 4875; x_wconf 85' lang='lat' dir='ltr'>Sannazar</span> <span class='ocrx_word' id='word_1_324' title='bbox 2286 4833 2303 4877; x_wconf 69' lang='grc' dir='ltr'><strong><em>ε</em></strong></span> 
     </span>
    </p>
   </div>
   <div class='ocr_carea' id='block_1_5' title="bbox 1567 4938 2540 4995">
    <p class='ocr_par' dir='ltr' id='par_1_7' title="bbox 1567 4938 2540 4995">
     <span class='ocr_line' id='line_1_36' title="bbox 1567 4938 2540 4995; baseline 0.004 -4"><span class='ocrx_word' id='word_1_325' title='bbox 1567 4939 1632 4992; x_wconf 84' lang='lat' dir='ltr'>In</span> <span class='ocrx_word' id='word_1_326' title='bbox 1661 4938 2042 4995; x_wconf 66' lang='lat' dir='ltr'>Alex-andrum</span> <span class='ocrx_word' id='word_1_327' title='bbox 2076 4939 2167 4995; x_wconf 82' lang='lat' dir='ltr'>VI.</span> <span class='ocrx_word' id='word_1_328' title='bbox 2199 4938 2357 4994; x_wconf 80' lang='lat' dir='ltr'>Pont.</span> <span class='ocrx_word' id='word_1_329' title='bbox 2390 4940 2540 4995; x_wconf 74' lang='lat' dir='ltr'>Mam.</span> 
     </span>
    </p>
   </div>
   <div class='ocr_carea' id='block_1_6' title="bbox 1152 5042 2610 5174">
    <p class='ocr_par' dir='ltr' id='par_1_8' title="bbox 1152 5042 2610 5174">
     <span class='ocr_line' id='line_1_37' title="bbox 1152 5042 2610 5107; baseline 0.001 -16"><span class='ocrx_word' id='word_1_330' title='bbox 1152 5042 1476 5093; x_wconf 75' lang='lat' dir='ltr'>piscatorem</span> <span class='ocrx_word' id='word_1_331' title='bbox 1503 5042 1782 5093; x_wconf 88' lang='lat' dir='ltr'>hominum</span> <span class='ocrx_word' id='word_1_332' title='bbox 1811 5057 1880 5093; x_wconf 87' lang='lat' dir='ltr'>ne</span> <span class='ocrx_word' id='word_1_333' title='bbox 1899 5047 1949 5094; x_wconf 85' lang='lat' dir='ltr'>te</span> <span class='ocrx_word' id='word_1_334' title='bbox 1976 5056 2103 5104; x_wconf 88' lang='lat' dir='ltr'>uon,</span> <span class='ocrx_word' id='word_1_335' title='bbox 2136 5043 2309 5104; x_wconf 83' lang='lat' dir='ltr'>Sexte,</span> <span class='ocrx_word' id='word_1_336' title='bbox 2340 5046 2610 5107; x_wconf 85' lang='lat' dir='ltr'>putemus,</span> 
     </span>
     <span class='ocr_line' id='line_1_38' title="bbox 1247 5123 2271 5174; baseline 0.001 -1"><span class='ocrx_word' id='word_1_337' title='bbox 1247 5123 1473 5173; x_wconf 84' lang='lat' dir='ltr'>Piscaris</span> <span class='ocrx_word' id='word_1_338' title='bbox 1505 5127 1688 5174; x_wconf 86' lang='lat' dir='ltr'>natum</span> <span class='ocrx_word' id='word_1_339' title='bbox 1717 5124 1923 5174; x_wconf 86' lang='lat' dir='ltr'>retibus</span> <span class='ocrx_word' id='word_1_340' title='bbox 1954 5137 2075 5174; x_wconf 88' lang='lat' dir='ltr'>ecce</span> <span class='ocrx_word' id='word_1_341' title='bbox 2097 5126 2271 5174; x_wconf 87' lang='lat' dir='ltr'>tuum.</span> 
     </span>
    </p>
   </div>
   <div class='ocr_carea' id='block_1_7' title="bbox 1962 5222 2827 5291">
    <p class='ocr_par' dir='ltr' id='par_1_9' title="bbox 1962 5222 2827 5291">
     <span class='ocr_line' id='line_1_39' title="bbox 1962 5222 2827 5291; baseline 0.005 -20"><span class='ocrx_word' id='word_1_342' title='bbox 1962 5222 2411 5288; x_wconf 72' lang='lat' dir='ltr'>(Epiqrammaton</span> <span class='ocrx_word' id='word_1_343' title='bbox 2442 5222 2534 5274; x_wconf 84' lang='lat' dir='ltr'>lib.</span> <span class='ocrx_word' id='word_1_344' title='bbox 2566 5222 2604 5287; x_wconf 87' lang='lat'>1,</span> <span class='ocrx_word' id='word_1_345' title='bbox 2636 5236 2690 5275; x_wconf 87' lang='lat' dir='ltr'>n.</span> <span class='ocrx_word' id='word_1_346' title='bbox 2724 5226 2827 5291; x_wconf 77' lang='lat'>5¹.)</span> 
     </span>
    </p>
   </div>
   <div class='ocr_carea' id='block_1_8' title="bbox 3482 1526 3490 2233">
    <p class='ocr_par' dir='ltr' id='par_1_10' title="bbox 3482 1526 3490 2233">
     <span class='ocr_line' id='line_1_40' title="bbox 3482 1526 3490 2233; baseline 0 0"><span class='ocrx_word' id='word_1_347' title='bbox 3482 1526 3490 2233; x_wconf 95' lang='lat' dir='ltr'> </span> 
     </span>
    </p>
   </div>
   <div class='ocr_carea' id='block_1_9' title="bbox 3477 2746 3494 4615">
    <p class='ocr_par' dir='ltr' id='par_1_11' title="bbox 3477 2746 3494 4615">
     <span class='ocr_line' id='line_1_41' title="bbox 3477 2746 3494 4615; baseline 0 0"><span class='ocrx_word' id='word_1_348' title='bbox 3477 2746 3494 4615; x_wconf 95' lang='lat' dir='ltr'> </span> 
     </span>
    </p>
   </div>
  </div>
 </body>
</html>
