3625 6059
221 465 424 526 μηνίει·
449 467 590 528 1493]
843 465 1098 522 RERUM
1121 519 1124 522 ,
1146 463 1606 522 URBANARUM
1655 464 2179 522 COMMENTARII.
2743 470 2853 526 225

313 618 700 707 Dominica,
744 623 828 692 18
862 617 1032 693 dicti
1065 617 1334 694 mensis
1356 617 1698 717 januarii,
1735 617 1893 692 veni
1926 617 2018 692 ad
2046 618 2503 708 Pontificem,
2546 641 2589 692 a
2625 621 2850 692 Sanc-

231 747 404 818 titate
450 767 579 817 sua
621 752 916 818 vocatus
969 768 1100 842 per
1153 744 1726 842 parafrenarium
1781 768 1797 817 :
1855 742 2032 817 dixit
2085 743 2265 815 mihi
2320 743 2673 818 Sanctitas
2724 767 2855 817 sua

230 871 510 944 crastina
533 869 650 944 die
679 869 1000 944 futurum
1025 871 1392 968 publicum
1429 868 1937 944 consistorium
1971 892 2103 965 pro
2139 868 2576 966 receptando
2606 892 2851 966 regem

229 994 518 1084 Francia,
571 995 744 1092 quid
799 1001 993 1070 esset
1048 1018 1183 1091 per
1228 995 1696 1068 sanctitatem
1759 1018 1967 1068 suam
2032 994 2390 1091 agendum
2444 1019 2459 1066 :
2509 993 2853 1090 respondi

227 1119 563 1193 Sanctitati
596 1143 728 1193 sue
762 1119 1182 1217 hujusmodi
1215 1124 1457 1192 actum
1490 1117 1932 1216 singularem
1964 1142 2125 1192 esse
2168 1125 2371 1191 extra
2398 1120 2853 1193 ceremonias

225 1245 282 1318 iu
328 1267 408 1319 eo
461 1245 977 1337 observandas,
1032 1245 1226 1343 quod
1281 1246 1637 1320 Sanctitas
1696 1270 1828 1320 sua
1884 1246 2244 1328 statuerit,
2308 1246 2443 1320 nisi
2504 1246 2852 1320 vellemus

226 1369 372 1442 illud
399 1393 751 1469 peragere
783 1393 872 1445 eo
905 1372 1122 1446 modo
1164 1395 1249 1445 ac
1289 1370 1347 1474 si
1387 1395 1514 1445 rex
1556 1371 1869 1468 primum
1909 1373 2184 1446 veniret
2224 1372 2296 1445 in
2330 1374 2627 1463 Urbem,
2663 1373 2854 1469 quod

229 1495 564 1575 Sanctitati
601 1521 732 1570 sue
765 1496 840 1570 in
880 1497 1074 1570 omni
1107 1504 1309 1594 parte
1348 1495 1617 1593 placuit
1654 1520 1669 1568 :
1707 1497 1851 1570 hoc
1888 1497 2159 1588 addim,
2196 1498 2390 1594 quod
2432 1521 2562 1596 per
2606 1521 2855 1594 regem

231 1622 445 1718 pedeS,
499 1647 764 1696 manus
824 1629 897 1696 et
958 1645 1040 1697 os
1110 1623 1476 1696 Pontificis
1535 1623 1985 1712 osculentur3
2033 1621 2387 1720 jussimus
2438 1623 2633 1719 quod
2688 1646 2859 1718 pre-

232 1747 442 1820 sidens
499 1748 937 1846 parlamenti
1016 1749 1446 1824 Parisiensis
1517 1748 1811 1824 nomine
1867 1746 2056 1844 regis
2110 1747 2401 1822 brevem
2454 1747 2859 1822 orationem

233 1869 414 1946 faciat
454 1896 594 1970 per
647 1894 867 1970 quam
920 1889 1048 1948 rex
1103 1874 1338 1970 ipsum
1391 1871 1817 1947 Pontificem
1866 1897 2115 1947 verum
2164 1878 2434 1972 Papam
2482 1873 2853 1970 vicarium,

233 1997 389 2070 Petri
429 2022 938 2075 successorem
987 2003 1488 2096 recognoscat,
1540 1999 1823 2096 ipsique
1878 1999 2369 2075 obedientiam
2418 2005 2689 2097 prestet
2734 1997 2855 2098 (1),

231 2127 286 2195 et
311 2123 490 2217 quod
531 2130 712 2200 tunc
756 2122 1160 2199 cardinales
1201 2145 1456 2200 omnes
1499 2123 1590 2198 ad
1621 2124 2047 2199 Pontificem
2078 2126 2314 2200 solum
2342 2125 2657 2217 veniant,
2696 2147 2862 2199 cum

234 2270 334 2320 rex
358 2271 498 2322 non
537 2249 634 2324 sit
665 2249 853 2324 inter
882 2271 1009 2323 eos
1041 2271 1372 2324 sessurus
1396 2273 1412 2340 3
1452 2247 1582 2322 sed
1610 2249 2038 2325 Pontificem
2066 2257 2352 2325 extunc
2379 2250 2472 2323 ad
2497 2271 2859 2324 cameram

237 2395 404 2446 suam
448 2374 858 2450 rediturum
907 2397 1164 2448 causas
1213 2372 1518 2472 proponi
1553 2373 1820 2449 debere
1871 2398 2126 2449 omnes
2167 2381 2334 2448 ante
2373 2373 2565 2472 regis
2606 2373 2866 2448 adven-

239 2503 383 2571 tum.
419 2499 810 2598 Suhjunxit
844 2504 1178 2596 preterea
1209 2499 1539 2572 Pontifex
1577 2498 1694 2574 die
1725 2500 1978 2572 martis
2013 2498 2431 2573 immediate
2463 2496 2859 2594 sequentiS,

239 2623 333 2718 qui
373 2624 505 2699 erit
551 2625 822 2699 festum
873 2647 933 2696 s.
991 2622 1420 2718 Sebastiani,
1471 2639 1548 2696 se
1594 2623 2125 2698 celebraturum
2168 2624 2465 2700 missam
2502 2622 2865 2721 publicam

239 2748 715 2842 pontificaliter
751 2749 826 2822 in
864 2746 1160 2822 basilica
1198 2771 1255 2820 s.
1303 2748 1496 2822 Petri
1539 2772 1668 2844 pro
1710 2749 2205 2826 consolatione
2247 2748 2344 2840 (2)
2380 2749 2599 2847 regiS.
2636 2754 2863 2822 Inter-

241 2893 466 2968 rogans
516 2872 680 2969 quis
732 2873 808 2945 in
861 2895 950 2945 ea
1001 2871 1138 2945 erit
1185 2871 1374 2968 regis
1422 2871 1625 2945 locus
1675 2879 1744 2946 et
1793 2873 1884 2946 de
1935 2897 2074 2970 quo
2129 2875 2353 2948 missa
2399 2873 2858 2966 celebranda,

243 2992 653 3088 (intendebat
685 2995 886 3070 enim
929 2995 1231 3070 missam
1263 2995 1352 3070 de
1394 2996 1660 3092 Spiritu
1707 2981 1985 3087 sanctO,
2024 3006 2372 3095 tanquam
2411 2997 2601 3070 illius
2642 2998 2868 3095 majo·-

245 3142 370 3192 rem
397 3128 628 3196 artem
657 3121 938 3210 habens
975 3120 1402 3220 celebrare),
1438 3120 1777 3218 respondi
1809 3122 2185 3196 Sanctitati
2218 3146 2347 3196 sue
2374 3123 2673 3197 missam
2704 3145 2867 3196 esse

243 3243 312 3318 de
341 3270 392 3318 s.
423 3247 854 3322 Sebastiano
886 3247 1396 3322 celebrandam
1427 3252 1726 3344 propter
1753 3246 1941 3320 illius
1974 3247 2115 3321 diei
2148 3247 2637 3338 festivitatem,
2673 3246 2867 3344 quod

247 3374 302 3441 et
338 3372 614 3445 RRmis.
674 3376 822 3445 DD.
871 3397 931 3444 s.
977 3371 1356 3447 Anastasia
1403 3377 1476 3445 et
1521 3371 2008 3446 Alexandrino
2057 3373 2542 3451 cardinalibus
2591 3373 2864 3448 ibidem

247 3497 668 3589 presentibus
703 3495 998 3596 placuit.
1037 3497 1214 3595 Regi
1247 3503 1492 3571 autem
1522 3496 1760 3582 locum
1803 3520 1965 3572 esse
2008 3498 2084 3570 in
2120 3499 2291 3573 sede
2330 3499 2623 3597 propria
2652 3523 2871 3598 super

249 3619 578 3698 banchum
628 3623 1129 3714 cardinalium,
1179 3623 1370 3696 inter
1415 3644 1585 3696 eum
1631 3622 1997 3696 banchum
2053 3629 2124 3698 et
2178 3625 2427 3703 sedem
2486 3625 2868 3698 cardinalis

249 3747 661 3844 Neapolitani
717 3749 1146 3839 assistentiS,
1205 3748 1411 3845 cujus
1453 3747 1624 3821 licet
1673 3771 1817 3822 non
1868 3755 2063 3822 esset
2109 3749 2431 3823 officium
2486 3749 2867 3824 assistendi

251 3869 348 3943 lali
399 3873 536 3965 die,
601 3874 1124 3950 inconveniens
1177 3881 1423 3948 tamen
1481 3895 1630 3945 non
1679 3872 2070 3965 videretur,
2133 3881 2408 3948 attenta
2464 3851 2683 3948 causa
2739 3897 2871 3971 per

255 4015 432 4090 quam
466 3998 686 4074 fiebat
735 4001 969 4097 ipsum
1010 4021 1098 4074 ea
1125 3999 1243 4072 die
1283 3999 1650 4072 assistere.
1695 4003 1772 4071 In
1813 3981 1958 4096 quo
1990 3999 2287 4073 omnino
2330 3999 2615 4072 errabat
2646 4002 2866 4095 Papa,

256 4118 464 4196 dicens
521 4148 686 4198 esse
737 4123 1059 4199 officium
1108 4123 1556 4222 Neapolitani
1607 4124 1825 4198 etiam
1864 4124 1983 4198 illa
2042 4123 2159 4198 die
2218 4125 2557 4198 assistere
2622 4146 2639 4196 ε
2706 4129 2873 4196 sunt

259 4242 415 4318 enim
455 4247 611 4322 dies
653 4248 1064 4322 assistentia
1099 4248 1362 4346 prioris
1406 4250 1829 4348 episcopum
1864 4259 1936 4324 et
1967 4249 2082 4324 alii
2113 4249 2375 4346 prioris
2406 4250 2872 4349 presbytero-

263 4389 390 4444 rum
429 4373 900 4446 cardinalium
951 4374 1040 4448 de
1094 4397 1400 4471 quorum
1450 4401 1633 4451 unus
1675 4378 1793 4451 hic
1835 4384 1971 4468 est,
2014 4384 2228 4475 prout
2281 4377 2353 4452 in
2406 4378 2871 4452 ceremoniali

267 4491 418 4569 clare
467 4500 800 4576 habetur.
859 4502 1180 4594 Interim,
1240 4526 1406 4576 cum
1463 4503 1601 4577 hec
1655 4526 1698 4576 a
1752 4503 1961 4577 nobis
2011 4503 2447 4595 dicerentur,
2500 4503 2695 4578 venit
2751 4525 2875 4577 rex

271 4620 521 4700 francie
562 4651 809 4704 versus
851 4628 1088 4702 aulam
1134 4627 1720 4726 pontificum,.de
1751 4651 1895 4724 quo
1952 4628 2314 4703 advisatus
2370 4628 2705 4704 Pontifex
2750 4651 2874 4702 oc-

333 4989 373 5046 1.
408 5015 432 5044 «
463 4997 674 5070 Ipsique
701 4995 1066 5055 obedientiam
1095 5004 1302 5072 prestet
1331 5020 1360 5050 n
1391 5017 1628 5072 manque
1656 4999 1795 5055 dans
1829 4997 1989 5071 Chigi
2022 5003 2077 5054 et
2104 4997 2153 5052 le
2181 4999 2343 5057 5522.

331 5081 375 5136 ’3.
409 5083 544 5142 Dans
577 5085 808 5144 l’ancien
849 5087 1105 5159 franc-aia,
1133 5090 1468 5146 consolation
1505 5088 1771 5162 signifiait
1824 5087 2133 5161 &galement
2175 5088 2384 5162 plaisir,
2430 5090 2561 5164 joie.
2604 5089 2751 5164 Voy.
2801 5088 2878 5143 La

288 5167 428 5227 Carne
457 5173 520 5231 de
547 5175 990 5252 Sainte-Palaye,
1019 5180 1160 5236 Dice.
1193 5179 1320 5236 hist.
1355 5181 1421 5236 de
1451 5181 1608 5237 l'anc.
1639 5177 2023 5250 lanq.'franc.‚
2054 5184 2095 5236 t.
2132 5178 2227 5250 111,
2260 5196 2313 5253 p.
2346 5181 2472 5239 202.

517 5319 564 5358 τ.
603 5321 660 5358 ιι.
2534 5305 2599 5358 15
