3625 6059
322 537 455 600 [Mai
485 537 635 602 1494]
1000 537 1257 596 RERUM
1304 537 1759 598 URBANARUM
1806 539 2330 603 COMMENTARII.
2899 556 3003 614 127

431 691 826 768 Credentia
869 715 1001 789 pro
1040 716 1274 783 more,
1310 692 1578 767 tobalia
1608 717 1876 792 magna
1904 696 1996 771 ad
2039 703 2310 773 terram
2347 709 2700 798 cooperta
2731 709 2804 780 et
2832 730 3003 782 vasa

328 819 647 918 desuper
676 818 771 893 ad
794 823 1155 910 ornatum,
1187 825 1261 892 et
1289 817 1453 909 alia,
1488 817 1824 896 videlicet
1859 845 1875 894 :
2464 905 2477 919 ,.

436 951 595 1020 Duo
649 945 1010 1019 flascones
1054 944 1299 1042 magni
1352 946 1634 1042 argenti
1676 945 2016 1021 inaurati.
2059 991 2156 1004 —-
2195 953 2352 1023 Duo
2403 974 2664 1051 magna
2713 955 3000 1032 bucalia

329 1078 682 1170 argentea
722 1071 868 1146 sive
908 1071 1165 1145 cantri.
1210 1113 1307 1126 --
1346 1075 1507 1146 Duo
1546 1072 1688 1145 alia
1724 1070 2010 1146 bucalia
2045 1073 2356 1165 minora,
2392 1076 2608 1152 etiam
2655 1088 3000 1178 argentea

328 1198 479 1272 sive
528 1197 791 1271 cantri.
841 1237 940 1250 —-
987 1198 1145 1269 Duo
1198 1192 1636 1268 candelabra
1682 1218 1850 1268 cum
1897 1195 2396 1271 luminaribus,
2445 1243 2542 1254 --
2588 1203 2786 1278 Calix
2833 1231 2996 1281 cum

328 1329 599 1422 patena
633 1329 709 1398 et
747 1321 941 1420 palla
986 1341 1071 1394 ac
1116 1318 1345 1392 tribus
1387 1317 1647 1392 hostiis
1686 1319 1972 1417 magnis
2001 1345 2133 1419 pro
2164 1323 2437 1420 probiS,
2469 1350 2552 1399 ac
2592 1352 2721 1425 pro
2762 1332 3000 1407 cardi-

329 1448 519 1538 nale,
556 1472 645 1522 ac
676 1446 909 1521 tribus
938 1469 1067 1543 pro
1098 1467 1301 1542 rege,
1336 1467 1478 1540 que
1518 1443 1658 1518 sint
1694 1445 1912 1543 longe
1951 1446 2272 1522 minores
2313 1473 2444 1547 pro
2489 1455 2998 1536 communione

328 1581 401 1648 et
446 1574 723 1672 probis,
772 1615 869 1628 —-
915 1570 1248 1669 Ampulle
1296 1592 1427 1665 pro
1469 1570 1635 1644 vino
1688 1577 1761 1645 et
1806 1595 1994 1667 aqua
2030 1595 2162 1669 pro
2215 1575 2602 1652 sacrificio.
2640 1622 2738 1637 —-
2771 1585 3002 1658 Bursa
3055 1591 3061 1598 ’

328 1723 517 1774 cum,
544 1697 1068 1797 corporalibus
1111 1739 1207 1751 —
1258 1696 1622 1770 Hostiaria
1662 1721 1828 1770 cum
1861 1697 2118 1771 hostiis
2167 1721 2257 1773 ex
2300 1723 2444 1795 qua
2485 1726 2616 1779 suo
2664 1711 2996 1805 tempore

328 1823 805 1900 extrahantur
870 1828 1017 1896 tres
1086 1820 1328 1896 hostie
1392 1820 1723 1918 superius
1794 1819 2206 1918 designate,
2273 1830 2347 1898 et
2410 1849 2628 1923 super
2691 1829 2995 1907 calicem

324 1957 721 2048 ponantur,
788 1949 935 2024 sive
997 1971 1217 2044 super
1282 1954 1647 2044 patenam.
1708 1990 1805 2001 --
1864 1947 2322 2022 Turribulum
2389 1973 2556 2024 cum
2621 1955 2990 2048 navicella,

322 2075 635 2152 cocleari
662 2080 739 2150 et
762 2074 1089 2148 incenso.
1114 2115 1211 2127 —-
1242 2076 1401 2147 Duo
1432 2071 1693 2148 bacilia
1722 2078 1890 2168 apta
1917 2095 2046 2170 pro
2075 2073 2346 2148 lotione
2372 2098 2743 2172 manuum,
2771 2104 2993 2156 unum

320 2225 487 2276 cum
534 2225 753 2298 aqua,
808 2199 1003 2274 aliud
1041 2221 1173 2296 pro
1230 2198 1597 2273 ablutione
1646 2197 2090 2295 recipienda.
2136 2241 2232 2254 -
2285 2205 2607 2287 Quatuor
2651 2207 2992 2303 mappule

317 2328 469 2404 sive
496 2326 831 2402 mantilia
855 2350 985 2425 pro
1024 2346 1369 2399 manuum
1400 2322 1881 2399 abstersione.
1913 2365 2009 2380 -—-
2039 2327 2276 2400 Taxea
2312 2350 2457 2400 una
2483 2335 2833 2426 argentea
2859 2355 2992 2429 pro

312 2454 588 2552 probra
616 2453 977 2530 facienda.
1002 2495 1099 2510 —
1120 2451 1436 2527 Medulla
1464 2453 1669 2548 panis
1696 2475 1830 2550 pro
1858 2451 2130 2527 lotione
2161 2476 2505 2528 manuum
2531 2464 2697 2554 post
2715 2459 2991 2534 unctio-

312 2605 489 2656 nem
526 2580 751 2678 regiS.
795 2623 893 2636 —
937 2583 1095 2654 Duo
1143 2602 1312 2653 vasa
1356 2578 1501 2652 sive
1549 2576 1834 2668 bacilia,
1873 2601 2094 2652 unum
2141 2601 2307 2652 cum
2353 2579 2548 2673 vino,
2587 2581 2783 2656 aliud
2823 2607 2988 2660 cum

312 2731 507 2804 aqua
528 2730 663 2803 pro
696 2705 1056 2781 sacrificio
1082 2713 1156 2780 et
1185 2705 1580 2783 ablutione.
1606 2749 1703 2760 -
1722 2711 1870 2783 Vas
1897 2730 2063 2780 cum
2096 2707 2258 2782 oleo
2285 2709 2982 2790 cathecuminorum.

309 2875 409 2890 —-
448 2832 757 2908 Bombix
794 2831 888 2906 ad
920 2831 1292 2927 ligandum
1338 2838 1411 2905 et
1460 2831 1984 2929 extergendum
2021 2831 2400 2907 brachium
2449 2835 2644 2934 regis
2688 2845 2761 2911 et
2798 2838 2990 2915 inter

306 2958 639 3057 spatulas
672 2964 838 3055 post
878 2959 1298 3034 unctionem
1334 2960 1552 3057 regis.
1601 3001 1697 3016 ·-—
1732 2959 1986 3034 Fascia
2031 2959 2126 3034 ad
2159 2960 2529 3062 ligandum
2573 2962 2988 3042 bombicem

304 3085 385 3157 in
432 3083 767 3158 brachio.
802 3125 898 3140 --
934 3087 1081 3161 Vas
1122 3109 1289 3160 cum
1330 3085 1767 3160 carbonibus
1808 3084 2225 3160 ardentibus
2268 3086 2400 3162 sub
2443 3088 2816 3166 credentia
2851 3117 2982 3190 pro

304 3209 716 3284 thuribulo.
744 3251 845 3264 —-
882 3209 1221 3284 Sandalia
1250 3234 1419 3285 cum
1452 3209 1729 3307 caligis.

408 3336 657 3412 Altare
702 3341 997 3434 paretur
1033 3336 1357 3412 solemne
1400 3360 1566 3410 cum
1612 3335 2064 3411 candelabris
2112 3343 2186 3410 et
2219 3341 2327 3409 tot
2359 3334 2864 3432 luminaribuS,
2909 3347 2985 3417 et

302 3485 535 3536 cruce
564 3463 641 3536 in
671 3462 916 3538 medio
948 3469 1019 3537 et
1048 3460 1403 3558 aliquibus
1436 3461 1756 3557 reliquiis
1781 3485 1911 3559 pro
1939 3469 2197 3536 ornatu
2235 3486 2250 3535 ε
2289 3466 2360 3537 et
2387 3461 2702 3560 desuper
2729 3463 2804 3537 in
2832 3489 2983 3540 me-

298 3589 429 3662 dio
462 3599 829 3687 ponantur
857 3589 1102 3665 omnia
1123 3594 1549 3687 paramenta
1576 3587 2020 3684 pontificalia
2039 3586 2244 3662 rubei
2268 3586 2558 3679 coloriS,
2586 3588 2920 3665 videlicet
2957 3616 2974 3666 :

410 3717 769 3792 Amictus.
819 3759 915 3773 —-
963 3719 1166 3792 Alba.
1221 3759 1319 3774 —-
1366 3715 1775 3813 Cingulum.
1818 3755 1916 3768 --
1955 3715 2145 3786 Crux
2186 3714 2596 3811 pastoralis.
2646 3757 2743 3770 —
2781 3717 2982 3792 Stola

302 3864 480 3914 cum
510 3842 875 3918 tunicella.
904 3885 998 3897 -
1023 3844 1449 3918 Dalmatica.
1478 3883 1577 3896 —-
1601 3839 2010 3915 Chirotece.
2036 3879 2134 3894 —-
2156 3838 2476 3914 Planete.
2503 3882 2600 3896 -
2619 3842 2855 3916 Mitra.
2882 3883 2978 3898 -

298 3967 637 4042 Annulus
679 3968 1139 4066 pontificalis,
1170 4009 1266 4024 —-
1296 3969 1511 4042 Mitra
1537 3965 1896 4067 preciosa.
1935 4004 2032 4022 —-
2070 3963 2500 4062 Manipulus.
2534 4009 2632 4022 -
2671 3966 2879 4042 Ensis
2903 3969 2978 4042 in

298 4091 565 4190 vagina
593 4095 750 4192 regi
780 4093 1085 4169 dandus.
1108 4098 1499 4168 —Corona
1530 4091 1731 4190 regia
1760 4114 1927 4166 cum
1955 4113 2086 4164 suo
2118 4089 2408 4164 bii-reto.
2437 4095 2980 4167 -Pomum.—-

302 4223 724 4320 Sceptrum.
764 4267 859 4280 —
889 4224 1253 4300 Vexillum
1290 4223 1445 4322 regi
1476 4219 1793 4297 dandum
1829 4220 1905 4295 in
1933 4217 2378 4294 investitura.
2413 4253 2510 4272 -·-
2541 4220 2695 4292 Due
2725 4241 2973 4316 paceS.

404 4348 487 4420 In
530 4371 761 4424 cornu
804 4349 1157 4449 evangelii
1197 4354 1619 4448 paramenta
1652 4371 1783 4445 pro
1825 4345 2158 4429 diacono,
2195 4340 2526 4418 videlicet
2561 4363 2576 4417 ε

410 4472 769 4550 Amictus.
819 4517 915 4531 —-
958 4474 1165 4550 Alba.
1211 4517 1307 4530 -
1350 4474 1761 4571 Cingulum.
1814 4513 1914 4526 —-
1971 4468 2196 4544 Stola.
2249 4511 2345 4524 --
2390 4468 2829 4567 ManipuluS.
2888 4511 2978 4526 —

298 4603 736 4679 Dalmatica.

403 4733 482 4803 ln
512 4752 749 4804 cornu
780 4727 1088 4825 epistole
1117 4732 1544 4825 paramenta
1570 4748 1704 4823 pro
1736 4720 2208 4810 subdiacone,
2243 4717 2577 4793 videlicet
2613 4745 2626 4792 ε

400 4855 761 4930 Amictus.
799 4895 895 4908 —-
923 4853 1128 4927 Alba.
1164 4895 1259 4907 -
1290 4851 1699 4949 Cingulum.
1734 4891 1832 4904 --
1862 4844 2298 4942 Manipulus.
2327 4885 2425 4900 —-
2452 4844 2844 4921 Tunicella.
2881 4885 2976 4901 —-

297 4978 619 5054 Pluviale
659 5003 795 5077 pro
843 4978 1215 5076 capellano
1254 4976 1473 5074 legati
1519 4975 1931 5050 assistente.
1973 5011 2072 5026 —
2106 4968 2400 5044 Tobalia
2441 4971 2588 5046 sive
2639 4971 2978 5070 mappula

290 5126 432 5201 pro
453 5103 701 5179 mitra.
730 5145 831 5159 --
853 5102 1164 5178 Pluviale
1194 5125 1325 5201 pro
1358 5100 1499 5176 alio
1532 5098 1906 5198 capellano
1924 5094 2156 5192 ‘legati
2179 5092 2514 5170 baculum
2534 5093 2974 5193 pastoralem

294 5237 627 5306 tenente.
674 5273 773 5286 —
806 5231 1113 5306 Baculus
1142 5227 1546 5328 pastoralis,
