3625 6059
264 516 403 578 [Maus
424 516 551 575 1496]
877 511 1131 568 RERUM
1178 510 1635 569 URBANARUM
1683 512 2185 571 COMMENTARH
2195 556 2210 573 .
2775 521 2880 575 273

258 666 765 756 habitationum,
820 665 1009 740 inter
1062 666 1391 739 seniores
1442 666 1621 739 duos
1672 666 2016 741 diaconos
2058 668 2464 743 cardinales
2506 669 2576 741 in
2621 668 2873 745 ultimo

255 795 390 867 loco
432 792 763 865 incedens
808 791 1091 865 medius
1134 798 1203 864 et
1257 814 1497 865 rosam
1546 799 1840 888 portans
1886 793 2373 867 associaretur
2417 794 2862 891 hujusmodi.

258 918 491 991 Deinde
516 916 871 989 Sanctitas
902 939 1035 988 sua
1060 915 1237 988 mihi
1264 915 1690 1013 significavit
1722 922 1793 989 ut
1823 916 1993 988 illud
2021 916 2408 1015 diligenter
2433 941 2860 1015 exequerer.

254 1046 401 1115 Cum
424 1050 657 1116 autem
686 1044 1043 1116 Sanctitas
1076 1067 1205 1116 sua
1230 1048 1655 1140 paramenta
1680 1043 2069 1139 acciperet,
2100 1043 2191 1117 ad
2218 1044 2576 1141 capellam
2611 1045 2864 1133 ituruS,

252 1167 686 1264 persuadente
726 1168 859 1241 sibi
901 1167 1263 1241 cardinale
1306 1167 1639 1257 Senensi,
1688 1167 2079 1242 inclinabat
2123 1168 2320 1265 quod
2356 1192 2528 1243 rosa
2555 1169 2628 1242 in
2672 1170 2872 1267 prin-

248 1294 407 1389 cipio
434 1292 641 1366 officii
676 1316 897 1390 super
925 1293 1149 1366 altare
1184 1302 1578 1389 poneretur
1607 1300 1676 1366 et
1716 1316 1848 1389 per
1879 1282 2109 1366 totum
2145 1294 2470 1368 officium
2502 1301 2865 1381 maneret:

246 1439 427 1512 super
476 1440 613 1513 quo
668 1424 915 1491 tamen
962 1417 1317 1514 judicium
1372 1440 1615 1491 meum
1675 1419 2120 1517 perquisivit.
2191 1420 2558 1515 Respondi
2625 1443 2865 1493 rosam

248 1540 611 1637 significare
657 1541 965 1615 letitiam
1016 1550 1089 1617 et
1140 1550 1427 1641 tempus
1476 1544 1694 1617 modo
1750 1568 1912 1617 esse
1964 1545 2332 1642 Passionis
2381 1545 2747 1619 dominice
2799 1552 2872 1619 et

248 1666 541 1757 mestitie,
591 1691 893 1741 crucem
932 1677 1005 1743 et
1050 1668 1403 1765 imagines
1448 1694 1607 1743 esse
1656 1669 1946 1760 velataS,
1993 1669 2218 1743 altare
2263 1671 2418 1744 sine
2462 1678 2746 1759 ornatu,
2797 1677 2868 1746 et

244 1798 589 1887 propterea
631 1815 1094 1889 nequaquam
1130 1794 1518 1867 convenire
1564 1818 1805 1867 rosam
1843 1795 2073 1891 ipsam
2106 1795 2178 1867 in
2211 1795 2418 1868 altari
2449 1796 2584 1869 sub
2629 1795 2869 1869 officio

243 1914 383 2010 poni
419 1941 433 1988 ε
471 1916 829 2012 acquievit
864 1918 1106 2013 itaque
1151 1920 1509 1994 Sanctitas
1564 1944 1693 1994 sua
1736 1920 2097 1994 sententie
2131 1944 2293 1995 mee
2337 1928 2410 1995 et
2443 1923 2652 2018 juxta
2692 1944 2870 1995 con-

244 2042 446 2115 silium
480 2027 1154 2118 cardinalium'rosa
1192 2045 1265 2117 in
1312 2046 1713 2118 sacristiam
1762 2046 2186 2142 permansit.
2235 2047 2454 2121 Venit
2489 2046 2750 2121 deinde
2781 2047 2871 2121 ad

243 2167 551 2264 capellam
606 2192 651 2241 a
692 2168 905 2241 tertia
948 2169 1110 2242 aula
1152 2162 1738 2267 paratuffiusque
1778 2170 1870 2243 ad
1915 2194 2131 2265 quam
2165 2174 2252 2243 D.
2311 2170 2624 2245 Phoebus
2669 2174 2866 2244 Gon-

242 2315 405 2387 zaga,
459 2294 903 2367 marchionis
958 2296 1571 2392 consanguineuS,
1632 2297 1955 2369 fimbrias
2010 2295 2334 2392 pluvialis
2389 2296 2722 2393 portavit,
2779 2295 2868 2370 de

244 2439 359 2510 quo
387 2418 738 2491 Sanctitas
783 2443 911 2491 sua
948 2419 1079 2493 fuit
1124 2425 1525 2509 commota;
1569 2420 1852 2493 volebat
1898 2422 2092 2495 enim
2127 2419 2318 2515 quod
2353 2418 2680 2493 marchio
2712 2418 2868 2492 illas

243 2547 539 2635 portaret.
582 2542 745 2616 Dixi
780 2544 1158 2618 Sanctitati
1187 2568 1315 2617 sue
1337 2544 1479 2619 hoc
1511 2568 1723 2619 mane
1755 2545 1952 2618 nulla
1985 2568 2147 2618 esse
2171 2544 2453 2641 agenda
2477 2541 2868 2641 portandas

246 2649 553 2758 fimbrias3
598 2667 673 2739 in
697 2669 1166 2764 processione
1188 2670 1465 2765 palmas
1492 2670 1868 2760 tenendaS,
1907 2670 2219 2745 dandam
2247 2693 2511 2766 aquam
2537 2668 2869 2741 manibus

243 2790 566 2866 Sanctitali
596 2816 759 2877 sue,
797 2797 869 2865 et
896 2791 1087 2866 hanc
1114 2792 1397 2867 fimbrie
1428 2795 2008 2891 deportationem
2041 2817 2204 2869 esse
2231 2794 2532 2868 minoris
2562 2790 2866 2865 honoris

244 2912 394 2988 iuter
427 2919 671 2991 omnia
712 2917 1075 3014 predicta;
1130 2924 1516 3015 propterea
1566 2918 1743 2990 mihi
1792 2920 2023 2992 visum
2065 2919 2196 2991 fuit
2239 2917 2737 2991 marchionem
2775 2913 2866 2987 ad

243 3038 507 3114 alterum
537 3066 625 3116 ex
664 3044 1010 3141 predictis
1042 3043 1584 3133 reservandum,
1620 3067 1757 3117 nec
1791 3044 2180 3117 convenire
2213 3042 2408 3138 quod
2437 3042 2590 3138 ipse
2621 3041 2762 3113 hoc
2795 3048 2870 3113 et

240 3160 383 3235 illud
411 3164 679 3240 faceret
715 3192 729 3238 ε
764 3167 1028 3265 placuit
1058 3169 1433 3243 Sanctitati
1466 3191 1595 3243 sue
1622 3178 1691 3241 et
1724 3168 1940 3242 voluit
1971 3167 2166 3264 quod
2193 3167 2517 3261 marchio
2549 3166 2864 3263 palmam

240 3308 273 3355 a
294 3286 537 3363 dextris
559 3299 843 3365 teneret
876 3298 971 3381 et,
1004 3300 1165 3389 post
1188 3292 1801 3381 distributionem,
1826 3314 2090 3386 aquam
2105 3292 2443 3365 manibus
2463 3292 2611 3366 suis
2633 3291 2860 3375 daret,

238 3416 397 3506 quod
426 3423 491 3489 et
520 3418 681 3493 fieri
723 3418 885 3492 feci.
922 3418 1246 3491 Marchio
1291 3417 1545 3491 habuit
1574 3418 1815 3491 locum
1849 3417 1919 3490 in
1952 3420 2192 3515 primo
2224 3418 2450 3516 gradu
2474 3419 2681 3515 juxta
2718 3418 2864 3516 pla-

236 3560 379 3611 num
408 3543 560 3615 solii
591 3548 788 3641 Pape
835 3551 907 3617 et
932 3543 1003 3615 in
1044 3544 1285 3640 plane,
1326 3551 1653 3640 tempore
1688 3567 1848 3635 suo,
1886 3544 2213 3620 sedebat.
2254 3548 2470 3641 Papa,
2508 3542 2698 3617 facta
2729 3543 2862 3617 sibi

236 3686 341 3757 per
366 3669 760 3743 cardinales
806 3669 1234 3760 reverentia,
1282 3669 1652 3745 benedixit
1690 3680 1761 3743 et
1791 3671 2154 3745 distribuit
2186 3671 2486 3768 palmas.
2526 3670 2860 3767 Receptis

238 3790 357 3861 suis
386 3792 604 3868 tribus
631 3794 703 3867 in
736 3795 1099 3885 manibus,
1135 3796 1517 3869 cardinalis
1546 3820 1604 3869 S.
1648 3796 1970 3893 Dionysii
2001 3796 2208 3891 petiit
2243 3794 2516 3892 palmas
2548 3815 2677 3889 pro
2710 3816 2862 3866 car-

235 3910 549 3991 dinalibus
592 3920 1055 4011 absentibus;
1093 3921 1223 3994 sed
1250 3925 1443 4017 Papa
1473 3921 1703 3995 noluit
1730 3922 1865 3995 sibi
1902 3921 2060 3996 illas
2091 3921 2292 4006 dare,
2329 3919 2578 3993 dicens
2608 3930 2864 4014 postea

236 4038 341 4109 sibi
369 4042 693 4135 daturus3
725 4045 1113 4123 Valentino
1141 4054 1381 4120 autem
1408 4046 1607 4120 dedit
1639 4070 1856 4120 unam
1887 4070 2018 4143 pro
2045 4072 2150 4135 se,
2183 4044 2400 4117 aliam
2431 4066 2560 4140 pro
2593 4047 2857 4137 nepote

236 4188 340 4239 suo
382 4169 741 4244 cardinale
789 4172 1261 4268 Neapolitano
1308 4172 1691 4261 existente,
1749 4170 2181 4258 marchioni,
2231 4167 2652 4241 immediate
2693 4172 2855 4263 post

235 4292 599 4371 cardinales
644 4297 1037 4371 secundam
1077 4322 1091 4369 :
1130 4297 1447 4394 palmam
1492 4301 1683 4395 Pape
1730 4297 1962 4369 tenuit
1999 4301 2292 4368 senator
2331 4290 2543 4365 Urbis
2589 4297 2785 4363 stans
2817 4314 2860 4361 a

236 4416 503 4494 sinistris
546 4427 765 4520 Pape.
816 4426 893 4494 In
939 4424 1435 4519 processione,
1485 4423 1629 4495 duo
1671 4428 1995 4497 oratores
2025 4425 2490 4517 portaverunt
2533 4415 2856 4488 fimbrias

236 4546 499 4619 vestium
532 4554 749 4645 Pape,
784 4549 942 4643 ipso
974 4548 1077 4621 sic
1108 4548 1391 4621 volente
1424 4548 1850 4645 etjubente3
1885 4555 2140 4621 etcum
2171 4551 2438 4619 tractus
2463 4541 2849 4629 diceretur,

236 4662 301 4733 D·
348 4672 654 4768 Raphael
701 4673 790 4747 de
820 4679 1089 4764 Arena,
1129 4674 1478 4747 diaconus
1530 4673 1834 4769 capelle,
1884 4672 2222 4768 deposuit
2265 4665 2726 4743 dalmaticam
2783 4670 2853 4737 et

234 4799 591 4886 expectavit
632 4800 813 4874 duos
860 4805 1194 4873 cantores
1248 4824 1498 4873 secum
1542 4800 1957 4896 passionem
1991 4797 2339 4885 dicturo&
2387 4817 2554 4870 cum
2586 4790 2850 4888 quibus

236 4922 547 5013 ascendit,
596 4926 1046 4999 osculaturus
1090 4925 1353 5022 pedem
1406 4929 1634 5020 Pape3
1688 4924 1865 4997 dixit
1922 4924 2336 5022 passionem
2382 4918 2646 4994 Christi
2687 4937 2857 4991 con-

239 5056 617 5123 cernentem
656 5080 669 5125 :
710 5076 963 5127 omnes
996 5052 1288 5125 fuerunt
1322 5076 1485 5125 cum
1518 5050 1957 5149 paramentis
1990 5049 2350 5125 violaceis.

318 5171 529 5246 Finita
584 5178 943 5273 passione,
993 5178 1367 5266 diaconuS,
1424 5183 1725 5274 accepto
1774 5176 1986 5266 libre,
2036 5176 2276 5273 posuit
2330 5196 2548 5269 super
2593 5170 2848 5243 altare.

483 5342 533 5379 τ.
575 5344 624 5381 u.
2514 5323 2576 5377 18
