3625 6059
275 552 520 622 {mvi-m
547 548 698 612 14⁹³]
971 546 1222 605 RERUM
1271 543 1724 604 URBANARUM
1771 542 2291 605 COMMENTARH.
2896 552 2963 610 41

281 706 684 806 episcopus
711 702 1098 779 Nitriensis
1139 709 1382 778 orator
1414 703 1610 800 regis
1650 704 1993 800 Ungarie,
2035 704 2157 799 qui
2198 702 2465 801 reperit
2502 704 2579 778 in
2610 703 2961 802 capellam

285 838 384 907 R.
419 836 506 909 P.
538 836 624 907 D.
659 829 1114 907 wilielmum
1146 828 1780 925 archiepiscopum
1820 828 2049 903 sancti
2088 829 2332 904 Andre
2374 837 2739 907 oratorem
2770 830 2965 929 regis

293 962 686 1033 Scotorum
713 956 908 1031 inter
937 956 1116 1031 alios
1143 960 1468 1030 oratores
1495 954 1811 1051 prelatos
1841 961 2131 1052 paratos
2163 955 2237 1028 in
2268 980 2401 1030 suo
2425 957 2587 1031 loco
2619 963 2960 1046 stantem,

295 1108 524 1181 quem
553 1083 748 1157 idem
777 1082 1162 1180 episcopus
1187 1080 1566 1155 Nitriensis
1595 1079 1992 1178 precedere
2020 1081 2263 1171 voluit,
2301 1082 2430 1157 sed
2458 1082 2579 1158 ille
2602 1082 2677 1157 id
2707 1105 2971 1180 nequa-

291 1233 524 1309 quam
553 1210 978 1307 permittere
1009 1206 1258 1282 voluit.

405 1336 685 1423 Quibus
738 1334 842 1409 sic
889 1333 1104 1408 simul
1161 1331 1794 1423 contendentibus,
1848 1333 2244 1431 significavi
2308 1336 2433 1409 SS.
2496 1339 2583 1410 D.
2641 1339 2729 1409 N.
2778 1334 2971 1431 quod

299 1461 726 1561 hujusmodi
757 1459 1127 1537 contentio
1160 1460 1402 1533 minus
1443 1460 1884 1535 conveniens
1929 1460 2315 1551 videretur,
2353 1484 2548 1551 cum,
2583 1483 2747 1536 meo
2774 1461 2971 1558 judi-

302 1590 452 1678 cio,
495 1609 628 1659 rex
668 1586 980 1684 Ungarie
1013 1588 1397 1660 Scotorum
1452 1585 1606 1683 regi
1644 1586 1863 1683 longe
1905 1592 2099 1661 esset
2136 1586 2639 1683 preferenduS,
2676 1612 2767 1660 ex
2797 1610 2970 1683 que,

301 1714 364 1789 si
413 1712 792 1787 Sanctitati
835 1735 966 1787 sue
1003 1710 1324 1810 placeret
1361 1734 1480 1785 me
1523 1711 1626 1785 eis
1677 1734 1812 1785 suo
1859 1712 2157 1788 nomine
2202 1713 2471 1806 dicere,
2505 1712 2616 1787 vel
2670 1736 2976 1787 concor-

301 1840 572 1914 darent
608 1837 718 1913 vel
757 1838 971 1911 ambo
1021 1836 1371 1935 capellam
1425 1836 1725 1911 exirent.
1781 1838 1909 1911 SS.
1960 1839 2047 1911 D.
2105 1840 2189 1911 N.
2244 1838 2493 1913 habito
2534 1842 2971 1913 RRmorum.

303 1970 464 2040 DD.
511 1961 992 2061 Neapolitani,
1037 1962 1270 2037 sancti
1303 1960 1587 2059 Angeli‚
1636 1961 2201 2060 PortugalensiS,
2249 1964 2595 2039 Senensis
2636 1971 2709 2039 et
2750 1964 2980 2040 sancti

301 2089 606 2187 Georgii
637 2088 968 2178 consilio,
1005 2088 1264 2184 quibus
1295 2087 1632 2162 omnibus
1662 2088 1897 2163 visum
1928 2094 2038 2163 est
2066 2111 2318 2185 regem
2350 2090 2661 2186 Ungarie
2694 2089 2981 2187 dignio-

309 2238 474 2290 rem
521 2238 715 2305 esse,
764 2223 834 2289 et
887 2220 1277 2312 propterea
1321 2214 1558 2311 ipsum
1626 2213 1895 2289 dictum
1963 2236 2213 2311 regem
2271 2214 2513 2290 Scotie
2582 2215 2979 2313 precedere

311 2341 618 2431 debere,
677 2339 1044 2414 commisit
1091 2339 1274 2413 mihi
1324 2346 1403 2413 ut
1451 2340 1732 2436 prefato
1793 2339 2341 2438 archiepiscopo
2405 2342 2634 2415 sancti
2693 2341 2981 2415 Andree

311 2469 638 2543 dicerem
666 2465 862 2564 quod
887 2466 1082 2539 dicto
1127 2464 1474 2563 episcopo
1513 2466 1857 2539 Nitriensi
1896 2465 2193 2541 cederet
2230 2489 2315 2539 ac
2355 2490 2575 2563 supra
2622 2489 2699 2540 se
2738 2466 2981 2540 locum

312 2594 552 2683 daret,
590 2592 788 2688 quod
816 2598 890 2665 et
917 2590 1090 2679 feci;
1129 2595 1200 2665 et
1231 2614 1398 2665 cum
1436 2590 1511 2664 id
1549 2590 1877 2688 predicto
1920 2590 2469 2689 archiepiscopo
2501 2591 2760 2665 durum
2783 2591 2984 2667 vide-

317 2728 546 2805 retur,
591 2726 758 2815 post
795 2718 1004 2815 plura
1049 2740 1166 2791 me
1221 2715 1500 2813 rogavit
1552 2725 1630 2790 ut
1669 2740 1802 2815 pro
1856 2716 2139 2791 minore
2185 2717 2373 2814 regis
2421 2717 2531 2791 sui
2580 2716 2985 2815 prejudicio

315 2843 700 2919 Sanctitati
721 2866 864 2917 sue
901 2841 1386 2940 supplicarem
1409 2849 1484 2915 ut
1514 2840 1823 2916 alterum
1852 2860 1944 2916 ex
1971 2842 2145 2939 ipsis
2176 2843 2247 2916 in
2280 2844 2743 2918 assistentem
2775 2866 2985 2917 suum

313 2971 708 3067 reciperet.
745 2972 902 3055 Quo
941 2992 1077 3065 per
1111 2991 1230 3042 me
1271 2970 1400 3043 SS.
1442 2971 1534 3041 D.
1591 2970 1678 3041 N.
1725 2969 2085 3065 exposite,
2140 2968 2495 3043 Sanctitas
2540 2992 2671 3041 sua
2713 2967 2985 3041 dictum

313 3094 950 3193 archiepiscopum
1009 3094 1236 3169 sancti
1289 3093 1577 3168 Andree
1624 3092 1699 3165 in
1761 3092 2225 3167 assistentem
2288 3116 2497 3166 suum
2562 3092 2839 3189 recepit
2899 3116 2985 3167 ac

313 3224 510 3297 inter
537 3220 956 3295 assistentes
987 3244 1157 3293 suos
1187 3218 1326 3295 sibi
1355 3242 1490 3317 per
1515 3242 1634 3293 me
1653 3218 1899 3291 locum
1930 3217 2083 3293 dari
2108 3217 2460 3316 precepit,
2485 3217 2683 3315 quod
2711 3222 2784 3293 et
2806 3216 2979 3291 feci:

312 3348 448 3422 fuit
487 3346 707 3444 igitur
741 3351 1072 3442 receptus
1114 3368 1159 3419 a
1197 3344 1458 3419 ceteris
1496 3340 2005 3439 assistentibus
2038 3351 2109 3418 et
2152 3346 2341 3420 inter
2369 3348 2883 3419 Patracensem
2914 3350 2987 3417 et

311 3472 818 3549 Nicosiensem
861 3470 1446 3567 archiepiscopos
1507 3470 1931 3545 collocatus.
2006 3470 2203 3545 Datis
2259 3469 2627 3545 cineribus
2676 3493 2807 3568 per
2854 3472 2981 3543 SS.

311 3603 400 3675 D.
435 3604 774 3671 nostrum
798 3600 884 3671 R.
921 3599 1004 3671 P.
1038 3599 1126 3670 D.
1169 3595 1440 3671 Jacobo
1475 3594 1975 3693 protonotario
2011 3596 2101 3671 de
2132 3598 2587 3687 Sermonem,
2624 3597 2984 3671 Sanctitas

309 3746 444 3799 sua
473 3723 716 3820 ipsum
747 3722 1081 3797 similiter
1109 3721 1183 3795 in
1210 3721 1671 3797 assistentem
1705 3746 1915 3796 suum
1942 3722 2245 3818 recepit,
2270 3727 2342 3797 et
2371 3719 2541 3795 cuin
2570 3720 2833 3796 ceteris
2878 3744 2989 3795 as-

309 3846 737 3923 sistentibus
769 3845 1112 3921 eumdem
1144 3845 1482 3920 collocari
1511 3846 1902 3937 mandavit,
1929 3853 2137 3943 prout
2165 3845 2501 3920 adstatim
2527 3847 2796 3921 factum
2822 3846 2976 3920 tuit.

413 3974 586 4045 Post
635 3970 963 4045 cinerum
1008 3970 1404 4058 dationem,
1443 3974 1528 4044 D.
1568 3970 1906 4069 Aloysius
1950 3970 2040 4047 de
2078 3971 2467 4064 PaladiniS,
2504 3978 2751 4046 orator
2792 3994 2978 4045 sere-

309 4092 599 4169 nissimi
649 4096 845 4191 regis
911 4096 1392 4193 Neapolitani,
1467 4096 1667 4170 dedit
1732 4119 1996 4193 aquam
2073 4102 2290 4195 Pape,
2351 4099 2560 4170 Rmo.
2634 4096 2977 4171 cardinali

309 4221 542 4294 sancti
595 4219 1013 4313 ClementiS,
1063 4222 1304 4319 priore
1350 4223 1941 4321 presbyterorum
1983 4221 2457 4296 cardinalium
2504 4222 2739 4319 ipsum
2775 4222 2980 4320 adju-

309 4353 552 4421 vante.
605 4346 768 4420 Alia
819 4346 1066 4420 omnia
1111 4346 1490 4421 observata
1537 4356 1704 4422 sunt
1760 4370 1966 4421 more
2024 4346 2276 4436 solito;
2344 4368 2761 4424 sermonem
2815 4348 2985 4421 fecit

307 4478 746 4571 procurator
817 4472 1092 4545 ordinis
1163 4471 1464 4546 fratrum
1528 4479 1773 4547 sancte
1852 4474 2073 4547 Marie
2143 4472 2231 4546 de
2300 4476 2545 4547 Monte
2620 4472 2975 4548 Cermalo,

307 4598 626 4672 Attende
667 4596 863 4694 quod
907 4620 1074 4671 cum
1115 4597 1291 4671 alias
1329 4598 1405 4669 in
1444 4597 1560 4672 die
1598 4598 2120 4695 purificationis
2159 4596 2371 4672 beate
2409 4597 2633 4670 Marie
2680 4596 2981 4697 virginis

309 4724 480 4797 anni
539 4724 1216 4798 MCCCCLXXXVII
1276 4722 1465 4796 inter
1521 4728 1847 4797 oratores
1910 4722 2221 4819 Ungarie
2288 4731 2361 4797 et
2422 4721 2663 4796 Scotie
2726 4744 2982 4819 regum

311 4874 530 4949 super
555 4848 1034 4948 precedentia
1063 4848 1648 4940 contenderetur‚
1694 4848 1926 4923 felicis
1968 4846 2490 4923 recordationis
2522 4848 2985 4922 innocentius

310 4998 492 5072 papa
520 4977 688 5050 Vlll
715 4972 809 5047 de
841 4974 1168 5047 omnium
1199 4973 1670 5047 cardinalium
1695 4973 1995 5047 consilio
2023 4973 2363 5065 decrevit,
2397 4974 2709 5072 Ungarie
2736 4996 2985 5071 regem

309 5098 708 5199 precedere
741 5095 1011 5173 debere
1041 5122 1294 5197 regem
1326 5098 1593 5189 Scotie,
1628 5104 1839 5195 prout
1870 5122 1955 5173 ea
1985 5098 2100 5175 die
2130 5099 2343 5175 etiam
2379 5099 2712 5174 annotavi
2744 5098 2871 5191 (1).

379 5254 431 5312 1.
469 5252 612 5326 Voy.
645 5258 690 5309 t.
727 5250 776 5319 1,
805 5266 862 5322 p.
893 5250 1000 5305 237
1027 5250 1095 5307 de
1123 5256 1265 5309 cette
1295 5248 1518 5309 edition.
