3625 6059
203 588 507 653 [Decembre
534 590 679 651 1⁴⁹5]
846 588 1103 647 RERUM
1149 589 1605 649 URBANARUM
1652 591 2178 651 COMMENTARII.
2756 602 2866 658 253

208 748 426 834 sexta,
464 767 610 841 qua
638 746 768 821 SS.
806 748 892 819 D.
920 753 1169 822 noster
1198 747 1620 823 intendebat
1640 764 1805 824 cum
1838 772 1968 824 sua
1989 747 2454 847 processione
2481 750 2572 826 de
2587 751 2864 849 palatio

208 868 687 959 descendere;
720 872 1006 947 volebat
1031 880 1419 971 propterea
1464 873 1701 973 [scire]
1735 873 1793 947 si
1827 874 2002 971 quid
2025 874 2222 949 aliud
2251 874 2326 948 in
2363 875 2864 975 ecclesia-pre-

206 994 385 1070 dicta
440 1003 643 1072 esset
701 999 1205 1073 ordinandum.
1273 998 1639 1097 Respondi
1690 997 1888 1095 quod
1937 998 2030 1071 ad
2090 999 2634 1096 processionem
2687 1002 2861 1077 cleri

206 1120 370 1193 mihi
401 1120 631 1194 videri
662 1120 857 1218 quod
890 1120 1361 1220 proclamatio
1390 1123 1601 1197 fieret
1637 1145 1772 1220 per
1817 1120 2109 1205 Urbem,
2151 1102 2348 1219 quod
2385 1123 2697 1222 populus
2727 1148 2860 1223 pro

206 1244 385 1319 dicta
416 1245 611 1321 hora
638 1245 911 1322 veniret
937 1246 1029 1320 ad
1058 1270 1395 1346 campum
1425 1246 1633 1323 Flore
1664 1246 1757 1321 ad
1786 1247 2288 1323 associandam
2313 1251 2861 1346 processionem

204 1370 649 1469 hujusmodi,
672 1394 837 1447 cum
860 1373 1059 1447 omni
1081 1372 1490 1466 devotione,
1512 1373 1847 1471 quodque
1859 1374 2163 1473 populus
2179 1374 2336 1472 ipse
2355 1374 2864 1451 exhortaretur

202 1494 281 1567 ad
295 1495 805 1594 Jejunandum‚
840 1498 1194 1573 orandum
1226 1505 1299 1573 et
1340 1498 1517 1573 alias
1559 1498 1925 1573 orationes
1963 1476 2464 1598 peragendum
2493 1523 2625 1597 pro
2657 1523 2864 1574 com-

204 1620 512 1695 munium
594 1644 900 1721 precum
986 1622 1448 1698 exauditione
1480 1650 1497 1712 ;
1551 1622 1990 1699 ordinandas
2057 1648 2218 1701 esse
2287 1625 2720 1723 antiphonas
2789 1638 2862 1703 et

205 1750 655 1846 responsoria
692 1750 1143 1849 processioni
1174 1751 1311 1848 ipsi
1342 1750 1875 1840 convenientia,
1910 1747 2106 1846 quod
2145 1749 2615 1848 gubernatori
2650 1753 2858 1827 Urbis

206 1874 798 1967 committeretur,
860 1874 985 1974 qui
1037 1874 1311 1950 faceret
1370 1874 1610 1949 statim
1656 1881 1852 1948 recte
1900 1896 1945 1946 a
1981 1895 2238 1971 campo
2283 1873 2492 1949 Flore
2528 1874 2621 1969 ad
2661 1876 2860 1949 basi-

202 1998 392 2075 licam
420 1999 834 2098 predictam
864 1999 1197 2074 mundari
1248 1999 1585 2097 expensis
1620 2021 1910 2073 camere
1957 1998 2168 2073 Urbis
2211 2021 2378 2073 cum
2410 2000 2746 2093 curiales,
2785 2009 2859 2076 et

204 2123 708 2202 inhabitatores
748 2126 960 2201 Urbis
1006 2131 1252 2201 essent
1292 2149 1381 2200 ex
1410 2123 1729 2199 fluminis
1772 2124 2046 2222 impetu
2090 2123 2331 2199 minus
2368 2124 2848 2225 damnifi‘cati3

206 2251 375 2347 quod
401 2251 491 2326 ad
531 2252 1086 2351 processionem
1136 2256 1331 2349 Pape
1376 2273 1525 2326 non
1576 2248 1942 2323 videretur
1987 2248 2166 2322 mihi
2211 2250 2355 2325 ullo
2400 2257 2614 2349 pacto
2647 2252 2850 2326 color

207 2374 382 2451 albus
410 2378 833 2469 convenire,
860 2378 1051 2475 quod
1081 2383 1277 2452 esset
1303 2375 1528 2450 letitie
1563 2381 1639 2449 et
1666 2374 1936 2473 gaudii,
1973 2380 2046 2447 et
2075 2376 2630 2472 processionem
2663 2398 2854 2472 mes-

209 2502 341 2577 titie
367 2511 753 2602 propterea
806 2504 877 2576 in
908 2502 1249 2578 violaceis
1276 2500 1475 2575 illam
1518 2499 1672 2575 fieri
1704 2506 2073 2597 oportere.
2125 2503 2382 2575 Rmus.
2437 2504 2524 2576 D.
2561 2498 2740 2575 dixit
2772 2526 2851 2576 se

212 2626 511 2724 ejusdem
556 2628 927 2705 sententie
958 2648 1121 2705 mee
1153 2654 1345 2721 esse,
1382 2636 1627 2704 tamen
1666 2624 1836 2725 quia
1873 2624 1950 2698 iu
1991 2624 2246 2700 ultimo
2292 2625 2732 2703 consistorio
2775 2628 2848 2702 in

211 2775 329 2848 quo
352 2754 485 2829 hec
516 2754 859 2830 ordinata
885 2760 1050 2829 sunt
1082 2756 1409 2831 seniores
1431 2754 1836 2829 cardinales
1854 2753 2176 2829 colorem
2193 2754 2440 2831 album
2466 2779 2851 2856 expresse-

214 2886 345 2953 runt
361 2879 525 2955 licet
557 2881 653 2956 de
684 2903 771 2954 eo
794 2880 1207 2972 miraretur,
1228 2880 1616 2955 noluitillis
1637 2878 1994 2976 replicare
2014 2901 2030 2967 ;
2057 2878 2190 2954 sibi
2212 2887 2605 2979 propterea
2623 2880 2848 2958 videri

212 3005 373 3099 quod
396 3007 531 3083 hec
562 3006 710 3083 alia
730 3006 923 3083 circa
959 3006 1315 3107 premissa
1344 3011 1753 3104 opportuna
1782 3008 1912 3079 SS.
1949 3009 2037 3080 D.
2093 3011 2344 3079 nostro
2375 3004 2726 3079 referrem
2773 3013 2846 3081 et

213 3152 397 3229 super
439 3132 781 3207 omnibus
838 3133 1213 3207 decretum
1260 3131 1689 3229 reciperem.
1734 3129 1966 3228 ‘Igitur
2007 3152 2176 3205 cum
2223 3131 2354 3203 SS.
2414 3133 2502 3203 D.
2563 3135 2840 3219 nostre,

212 3258 545 3350 premissis
575 3258 956 3357 expositis,
990 3258 1137 3333 dixi
1184 3257 1574 3333 convenire
1615 3255 1811 3353 quod
1857 3261 2244 3353 postquam
2303 3254 2662 3329 Sanctitas
2708 3278 2862 3351 sua·

214 3387 351 3456 ante
370 3384 585 3461 altare
617 3386 856 3483 majus
896 3407 1101 3460 more
1136 3383 1349 3461 solito
1378 3388 1688 3472 orasset,
1716 3380 1913 3479 quod
1929 3387 2268 3471 cantores
2299 3380 2628 3456 dicerent
2654 3380 2840 3455 leta-

212 3506 365 3595 niaS,
394 3516 465 3585 et
493 3510 859 3586 Sanctitas
889 3535 1023 3585 sua
1048 3517 1215 3608 post
1246 3533 1369 3585 eas
1399 3510 1623 3583 Pater
1662 3506 1926 3583 Noster
1958 3529 2126 3581 cum
2159 3502 2436 3600 aliquot
2463 3498 2839 3574 versiculis

214 3638 269 3703 et
293 3636 599 3712 oratioue
645 3636 751 3711 rei
792 3635 1419 3724 convenientibus,
1462 3632 1801 3731 quodque
1843 3629 2220 3730 processio
2257 3623 2670 3703 Sanctitatis
2709 3646 2838 3696 sue

214 3756 592 3838 fieretextra
616 3769 905 3862 portam
921 3762 1191 3861 palatii,
1213 3761 1561 3838 vertendo
1578 3758 1850 3835 ibidem
1870 3758 1964 3833 ad
1987 3758 2364 3833 dexteram
2379 3774 2511 3850 per
2529 3750 2828 3849 planum

216 3882 285 3955 ad
321 3884 571 3963 dictam
620 3888 1025 3964 basilicam.
1081 3888 1513 3962 Placuerunt
1556 3884 1801 3960 omnia
1853 3880 2228 3959 Sanctitati
2277 3901 2404 3954 sue
2453 3898 2596 3973 que
2652 3871 2830 3947 mihi

216 4013 533 4089 commisit
560 4014 761 4112 quod
787 4014 1062 4111 aliquot
1088 4012 1475 4088 versiculos
1506 4018 1579 4087 et
1608 4008 2011 4085 orationem
2047 4002 2602 4081 convenientem
2632 3996 2834 4071 ordi-

216 4154 451 4227 narem,
486 4146 557 4213 et
582 4139 959 4215 Sanctitati
987 4162 1117 4213 sue
1151 4138 1265 4213 die
1304 4138 1617 4212 crastina
1639 4134 2099 4210 ostenderem
2133 4133 2263 4225 (1).

292 4258 601 4335 Ordinavi
652 4261 869 4359 igitur
916 4266 991 4335 et
1034 4260 1295 4359 collegi
1343 4282 1431 4335 ex
1485 4258 1824 4356 precibus
1871 4280 2003 4354 per
2041 4254 2268 4329 felicis
2308 4248 2829 4329 recordationis

220 4378 387 4457 Pium
430 4408 687 4485 papam
734 4388 1134 4462 secundum
1187 4390 1478 4461 Mantue
1531 4382 1796 4459 habitis
1857 4380 2250 4456 versiculos
2309 4382 2693 4477 sequentes
2753 4380 2831 4450 et

224 4504 570 4588 orationem
603 4537 693 4590 ex
738 4512 1036 4588 diversis
1072 4516 1144 4587 et
1182 4510 1453 4586 missali
1486 4506 1861 4606 composui
1893 4513 1967 4583 et
2005 4504 2374 4581 Sanctitati
2405 4520 2532 4578 sue
2563 4500 2826 4575 deinde

225 4632 459 4709 ostendi
487 4639 619 4713 sub
635 4638 1059 4738 hujusmodi
1093 4644 1373 4713 tenore.
2717 4714 2722 4719 .

303 4786 331 4822 «
360 4759 575 4837 Finita
598 4761 892 4854 letania,
928 4766 1054 4839 SS.
1094 4766 1179 4837 D.
1216 4768 1468 4839 noster
1496 4760 1672 4835 dixit
1700 4754 2143 4859 competenti
2172 4776 2348 4831 voce
2378 4754 2606 4830 Pater
2631 4750 2824 4830 Nos-

226 4881 327 4969 ter,
354 4906 479 4979 quo
508 4897 783 4965 secrete
804 4889 1194 4989 completo,
1220 4890 1397 4964 dixit
1420 4887 1799 4986 sequentia
1831 4910 1850 4963 ε

304 5004 393 5079 Et
412 5036 493 5085 ne
518 5039 643 5088 nos
667 5014 962 5090 inducas·
991 5016 1066 5089 in
1098 5016 1573 5089 tentationem.

286 5200 324 5255 1-
361 5201 481 5281 Voy.
508 5208 802 5287 Malipiero.
834 5230 889 5289 p.
924 5214 1179 5284 409-415,
1210 5214 1355 5271 deux
1382 5213 1570 5271 lettres
1596 5212 1705 5269 fort
1726 5210 2008 5269 curieuses
2041 5208 2286 5268 relatives
2315 5226 2424 5267 aux
2465 5204 2818 5265 inondations

236 5280 291 5339 du
311 5288 447 5351 Tibre
473 5299 651 5371 (Arch.
688 5305 900 5361 Storico
935 5305 1193 5376 Italiam,
1224 5310 1366 5361 tome
1394 5306 1473 5374 7.)
1505 5310 1561 5360 et
1587 5300 1820 5361 Canesio
1857 5300 2084 5375 (Luigi)‚
2107 5302 2184 5357 De
2219 5300 2566 5373 prodiqiosis
2598 5296 2826 5365 funeris
