3625 6059
315 534 620 601 [Septembre
651 536 790 597 1497]
951 532 1203 592 RERUM
1253 532 1708 594 URBANARUM
1751 534 2275 595 COMMENTARH.
2847 544 2949 599 405

312 688 742 776 dictistribus
775 687 978 762 altari
1011 694 1084 763 et
1123 687 1470 762 cardinali
1503 690 2023 788 propinquiori,
2062 700 2133 767 et
2172 692 2445 790 primus
2477 716 2731 768 eorum
2764 693 2948 769 sedit

307 813 371 885 in
416 811 634 909 capite
679 812 868 885 illius
903 813 1113 909 juxta
1151 821 1482 902 murum;
1535 813 1653 888 alii
1696 816 1770 888 in
1815 816 1975 889 aliis
2025 815 2284 891 eodem
2334 818 2612 892 ordine.
2650 822 2937 895 Fratres

304 947 608 1013 cantores
646 938 1058 1013 habuerunt
1099 940 1454 1038 pulpitum
1495 946 1700 1015 extra
1739 938 2005 1013 dictam
2046 940 2397 1038 capellam
2446 949 2611 1016 ante
2657 918 2945 1018 cancel-

299 1065 431 1137 lum
469 1063 750 1161 capelle
798 1064 1128 1138 Gulielmi
1169 1065 1532 1157 DurantiS‚
1575 1065 2049 1163 speculatoris
2090 1065 2413 1163 episcopi
2446 1066 2936 1157 Mimatensis;

299 1187 642 1263 credentia
671 1187 907 1285 posita
939 1187 1071 1261 fuit
1099 1188 1174 1261 in
1201 1188 1469 1284 'angulo
1501 1188 1689 1263 dicte
1723 1188 1999 1285 capelle
2026 1189 2117 1263 ad
2152 1189 2525 1265 dexteram
2558 1192 2889 1266 intrantis
2919 1219 2936 1285 ;

298 1315 418 1389 alia
451 1336 651 1389 more
681 1313 924 1388 solito·
959 1317 1130 1388 Post
1169 1313 1556 1388 adventum
1597 1314 1983 1417 cardinalis
2026 1321 2099 1389 et
2133 1316 2613 1412 prefatorum,
2649 1318 2940 1413 quidam

296 1439 496 1514 frater
519 1444 912 1513 conventus
942 1438 1260 1513 Minerva
1298 1438 1569 1537 incepit
1615 1440 1690 1512 in
1729 1439 2043 1513 ambone
2074 1439 2360 1537 publico
2401 1442 2669 1541 populo
2701 1444 2941 1539 predi-

297 1587 470 1653 care,
504 1588 724 1661 quem
763 1564 854 1639 de
899 1564 1086 1638 scitu
1125 1562 1510 1639 cardinalis
1545 1563 1905 1669 admonui⁵
1932 1564 2025 1639 ad
2067 1548 2653 1662 suspendendum
2684 1567 2940 1668 hujus-

297 1689 468 1763 modi
499 1710 915 1765 sermonem
946 1712 1176 1786 usque
1207 1689 1300 1763 ad
1319 1689 1738 1785 prandium;
1785 1689 1983 1786 quod
2024 1689 2178 1787 ipse
2220 1714 2393 1787 egre
2422 1692 2664 1775 ferens
2700 1700 2938 1769 tamen

294 1814 466 1889 fecit.
495 1813 1508 1912 Incepcrunt,deindet'ratres
1546 1813 1790 1888 tertias
1830 1812 2047 1887 horas
2088 1838 2263 1910 quas
2304 1840 2454 1889 non
2481 1819 2681 1914 potui
2713 1818 2937 1894 inter-

298 1961 652 2036 rumpere;
700 1939 1078 2014 honestius
1125 1938 1264 2013 illis
1315 1937 1522 2013 citius
1575 1938 1948 2013 dixissem.
2000 1939 2253 2014 Finitis
2295 1942 2547 2034 tertiiS,
2603 1944 2938 2020 fecerunt

295 2064 818 2159 processionem
863 2068 1066 2139 extra
1117 2062 1503 2137 ecclesiam
1555 2086 1775 2159 quam
1826 2062 2143 2160 prefatus
2192 2065 2602 2164 episcopus,
2647 2069 2933 2166 pluviali

297 2214 498 2289 super
536 2191 1000 2266 dalmaticam
1045 2197 1336 2288 paratus
1385 2212 1552 2263 cum
1579 2190 1839 2279 mitra,
1873 2188 2314 2285 precedente
2362 2189 2599 2287 ipsum
2644 2193 2935 2269 subdia-

297 2340 486 2409 con0,
540 2324 611 2391 et
655 2316 1040 2391 assistente
1073 2314 1147 2388 in
1177 2314 1684 2413 superpellicio
1725 2338 1770 2387 a
1798 2313 2068 2388 dextris
2110 2320 2181 2389 et
2210 2314 2517 2391 diacono
2549 2342 2593 2391 a
2623 2320 2932 2394 sinistris

293 2441 506 2539 ipsum
547 2440 1058 2518 comitantibus
1104 2446 1178 2515 et
1215 2440 1666 2537 aurifrigium
1703 2438 1875 2513 hinc
1917 2437 2084 2513 inde
2132 2440 2599 2534 elevantibus,
2648 2443 2931 2521 duobus

295 2566 662 2662 capellanis
703 2566 776 2639 in
815 2563 1340 2663 superpelliciis
1373 2563 1708 2661 (quorum
1753 2587 1939 2637 unus
1973 2562 2312 2640 tobaliam
2357 2565 2446 2640 ad
2492 2567 2756 2644 collum
2796 2594 2931 2668 pro

291 2690 478 2763 mitra
505 2688 842 2788 habebat)
881 2689 1116 2787 ipsum
1157 2689 1653 2786 sequentibus,
1690 2693 2035 2785 sequutus
2068 2694 2202 2763 est.
2241 2691 2636 2768 Cardinalis
2668 2696 2933 2770 mansit

287 2813 348 2887 in
395 2815 666 2913 capella
710 2815 1040 2913 predicta
1085 2838 1253 2889 cum
1297 2813 1618 2912 prelatis·
1665 2813 1899 2887 Finita
1944 2814 2439 2910 processione,
2486 2818 2779 2917 incepta
2819 2827 2933 2893 est

289 2944 490 3019 missa
541 2943 634 3019 de
689 2942 875 3018 festo
935 2943 1208 3040 absque
1267 2940 1506 3037 aliqua
1561 2938 2303 3028 commemoratione3
2367 2947 2439 3014 et
2495 2941 2670 3032 alia,
2724 2966 2929 3018 more

286 3068 504 3144 solito.
536 3072 614 3142 ln
649 3067 822 3159 fine,
858 3067 1234 3144 celebrans
1273 3064 1642 3141 benedixit
1685 3070 1758 3138 et
1792 3086 1941 3138 non
1965 3063 2352 3162 publicavit
2380 3062 2657 3162 aliquas
2688 3066 2926 3140 indul-

289 3193 576 3289 gentiaS,
627 3192 794 3290 quia
835 3199 1000 3268 sunt
1039 3190 1361 3291 plenarie
1391 3214 1525 3288 per
1549 3188 1819 3262 bullam
1857 3188 2245 3263 Alexandri
2275 3191 2372 3264 VI
2409 3188 2500 3277 (si
2541 3195 2739 3264 recte
2772 3213 2929 3266 me-

286 3317 468 3407 mini)
509 3342 888 3409 concesse,
929 3318 1074 3394 sive
1115 3318 1271 3416 ejus
1303 3315 1514 3413 copia
1543 3320 1701 3389 erat
1731 3314 1804 3387 in
1836 3314 2047 3387 valvis
2079 3313 2268 3389 dicte
2301 3314 2607 3392 ecclesie
2640 3316 2925 3415 publice

284 3442 504 3519 affixa.
1575 3524 1580 3528 ,
2800 3470 2803 3473 ’

369 3572 574 3645 Feria
624 3570 898 3671 quinta,
951 3574 1036 3641 14
1078 3565 1532 3665 septembriS,
1575 3566 1770 3641 circa
1810 3564 2136 3661 quintam
2181 3565 2438 3639 horam
2480 3565 2743 3657 noctiS,
2790 3568 2921 3641 SS.

287 3698 359 3770 D.
393 3704 665 3787 noster,
705 3701 960 3770 vocato
999 3694 1092 3768 ad
1126 3716 1204 3769 se
1244 3696 1325 3766 R.
1363 3691 1432 3765 in
1471 3690 1753 3766 Christo
1794 3694 1874 3766 P.
1921 3695 2007 3766 D.
2049 3692 2561 3767 Bartholomeo
2606 3690 2921 3781 Florid0,

283 3822 812 3919 archiepiscopo
856 3818 1272 3908 Cusentino,
1304 3816 1698 3892 secretario
1739 3838 1897 3906 suc,
1934 3839 2102 3890 eum
2144 3816 2303 3914 capi
2346 3816 2547 3906 fecit,
2578 3822 2651 3891 et
2680 3840 2927 3891 carce-

281 3947 462 4023 ribus
505 3946 728 4021 castri
774 3970 834 4019 S.
880 3943 1137 4041 Angeli
1195 3948 1267 4017 et
1321 3941 1564 4015 Turris
1613 3944 1819 4015 None
1876 3940 2279 4036 respective
2333 3938 2728 4035 mancipari
2779 3945 2924 4015 tres

289 4070 648 4149 servitores
695 4071 878 4165 ,dicti
934 4066 1488 4164 archiepiscopi,
1533 4065 1912 4141 videlicet:
1956 4065 2367 4139 Johannem
2412 4061 2919 4156 Benedictum,

287 4196 482 4271 etiam
522 4196 760 4293 ipsum
805 4192 1284 4271 camerarium
1325 4214 1564 4283 suum,
1615 4189 1877 4266 deinde
1909 4189 2129 4264 etiam
2161 4188 2400 4286 ipsum
2433 4186 2923 4285 archiepisco-

287 4344 438 4415 pum
466 4315 1285 4419 perdeambulatorium
1323 4314 1520 4411 quod
1559 4314 1633 4388 in
1668 4338 1878 4391 muro
1916 4320 2022 4391 est
2064 4313 2255 4387 inter
2292 4312 2567 4387 dictum
2607 4319 2921 4387 castrum

284 4450 344 4517 et
393 4446 729 4543 palatium
777 4444 1278 4542 apostolicum,
1329 4440 1660 4515 custodia
1702 4439 1871 4513 dicti
1918 4438 2161 4538 palatii
2214 4443 2288 4513 et
2343 4437 2774 4534 quibusdam
2833 4463 2923 4513 ex

289 4568 472 4644 dictis
501 4571 836 4669 gentibus
875 4570 968 4645 ad
999 4569 1270 4643 dictum
1311 4572 1630 4643 castrum
1669 4564 1837 4641 duci
1868 4572 1939 4643 et
1979 4566 2051 4639 in
2096 4588 2184 4640 eo
2218 4564 2499 4640 cautius
2538 4563 2914 4639 custodiri.

287 4694 717 4771 Intellexerat
737 4696 934 4771 enim
957 4693 1313 4769 Sanctitas
1336 4717 1468 4766 sua
1486 4692 1893 4789 predictum
1922 4690 2398 4765 secretarium
2428 4687 2658 4763 multa
2675 4687 2924 4763 brevia

287 4816 751 4897 fraudulenter
793 4828 868 4898 et
901 4821 1148 4895 dolose
1190 4842 1324 4916 per
1369 4817 1621 4892 falsam
1654 4806 1905 4892 eorum
1950 4815 2474 4890 continentiam
2512 4820 2585 4889 et
2625 4813 2920 4888 relatio-

287 4964 457 5036 nem,
489 4954 732 5043 preter
763 4944 1024 5021 scitum
1055 4951 1130 5023 et
1161 4945 1596 5020 voluntatem
1627 4942 1981 5042 ejusdem,
2018 4943 2465 5041 expedivisse
2497 4944 2601 5035 (1)
2634 4968 2719 5020 ac
2748 4966 2922 5042 que-

351 5221 393 5277 l.
430 5222 562 5297 Voy.
595 5225 736 5283 dans
767 5223 1047 5280 Insessura
1069 5206 1324 5295 (Eccard)
1357 5239 1461 5279 une
1491 5219 1674 5299 affaire
1703 5218 1976 5295 analogue
2008 5222 2075 5293 (c.
2112 5222 2298 5301 1991).
