3625 6059
637 566 746 625 504
1553 550 1904 613 JOHANNIS
1952 550 2395 623 BURCHARDI,
2904 556 3145 618 [Jnuvier
3162 560 3307 621 ¹⁴⁹⁹]

635 716 840 817 tyris,
888 714 964 789 in
1009 734 1156 809 quo
1203 715 1454 784 Rmus.
1499 712 1587 783 D.
1637 704 2023 781 cardinalis
2060 729 2121 779 s.
2173 705 2513 781 Praxedis
2560 705 2951 783 celebravit
3000 710 3295 787 missam

636 842 1070 929 solemnem,
1117 838 1193 911 in
1235 834 1512 933 capella
1553 834 1835 931 majore
1878 829 2315 929 supradicta,
2357 836 2697 928 presente
2742 836 2969 931 Papa;
3022 858 3307 910 sermo-

636 990 806 1042 nem
856 964 1032 1039 fecit
1076 962 1370 1060 quidam
1411 960 1636 1035 frater
1673 956 1947 1032 ordinis
1992 979 2371 1031 servorum
2410 956 2625 1032 beate
2670 957 2923 1047 Maris,
2976 960 3101 1055 qui
3154 985 3311 1035 ser-

638 1111 934 1166 monem
985 1110 1192 1161 suum
1243 1086 1318 1159 in
1366 1091 1514 1160 tres
1559 1088 1804 1181 partes
1852 1081 1927 1157 in
1976 1080 2329 1179 principio
2377 1079 2651 1171 divisit3
2698 1090 2771 1157 et
2818 1106 2912 1158 ex
2954 1087 3309 1161 memoria

636 1216 836 1293 labili
877 1215 989 1289 vix
1023 1212 1335 1311 primam
1374 1216 1655 1308 partem
1703 1208 2052 1297 recitavit,
2096 1207 2420 1304 vagando
2457 1206 2633 1285 hinc
2672 1207 2867 1301 inde,
2916 1214 2991 1283 et
3030 1216 3313 1306 preter-

637 1340 878 1417 missis
937 1338 1201 1413 ceteris
1255 1335 1577 1434 partibus
1625 1354 2044 1409 sermonem
2093 1353 2262 1407 cum
2310 1331 2637 1407 omnium
2688 1340 2867 1408 nota
2912 1334 3305 1409 conclusit.

643 1466 804 1541 Alia
830 1469 1126 1565 peracta
1153 1467 1320 1536 sunt
1349 1481 1554 1533 more
1591 1458 1832 1533 solito.

737 1590 948 1665 Feria
973 1588 1250 1685 quinta,
1289 1589 1376 1659 27
1411 1582 1742 1682 ejusdem
1771 1582 2043 1657 mensis
2074 1579 2509 1673 decembris,
2548 1582 2624 1657 in
2662 1581 2853 1658 festo
2894 1608 2957 1658 s.
3020 1584 3315 1660 Ioannis

642 1715 1110 1814 evangeliste,
1163 1716 1414 1786 RmuS.
1467 1714 1555 1785 D.
1609 1706 1995 1783 cardinalis
2038 1730 2100 1781 s.
2152 1707 2403 1781 Crucis
2452 1707 2842 1783 celebravit
2890 1709 3197 1783 missam
3244 1710 3311 1784 iu

643 1843 834 1918 dicta
875 1838 1180 1937 capella,
1226 1841 1568 1934 presente
1613 1838 1831 1931 Papa.
1886 1834 2318 1907 Sermonem
2362 1830 2537 1907 fecit
2576 1831 2799 1907 frater
2842 1831 3189 1909 Nicolaus
3228 1832 3313 1907 de

644 1965 1078 2053 Mediolano,
1123 1960 1398 2035 ordinis
1427 1958 1990 2057 predicatorum,
2036 1955 2277 2031 socius
2305 1957 2795 2055 procuratoris
2826 1958 3167 2055 ejusdem
3198 1982 3313 2031 or-

647 2089 859 2180 dinis,
923 2085 1394 2163 cancellarius
1453 2083 1694 2158 fratris
1753 2080 2176 2181 Hieronymi
2233 2079 2325 2157 de
2382 2081 2711 2158 Ferraria
2732 2140 2749 2173 ,
2804 2081 2979 2157 dicti
3036 2082 3309 2157 ordinis

645 2212 1108 2314 professoriS,
1161 2209 1520 2286 combusti
1567 2232 1758 2283 anno
1807 2206 2209 2305 superiore.
2265 2205 2421 2281 Alia
2464 2212 2633 2281 sunt
2676 2204 3061 2283 observata
3108 2229 3311 2283 more

651 2338 894 2415 solit0.

749 2462 958 2537 Feria
1001 2468 1230 2553 sexta,
1267 2466 1359 2537 28
1395 2459 1566 2535 dicti
1597 2458 1871 2534 mensis
1908 2455 2345 2547 decembris,
2382 2456 2591 2531 rediit
2624 2454 2719 2531 ad
2746 2454 3017 2531 Urbem
3059 2461 3311 2531 Rmus.

657 2592 744 2662 D.
781 2585 1164 2662 cardinalis
1203 2584 1469 2681 Borgia
1505 2606 1596 2658 ex
1632 2582 1961 2674 Viterbo,
2012 2583 2231 2657 rebus
2268 2581 2537 2657 ibidem
2574 2578 2669 2655 ad
2702 2588 2871 2657 vota
2898 2582 3319 2680 compositis

656 2718 744 2787 et·
759 2709 1086 2786 exulibus
1127 2710 1200 2784 in
1241 2708 1604 2784 civitatem
1643 2707 1875 2805 ipsam
1916 2707 2278 2805 repositis,
2314 2707 2619 2781 dimisso
2659 2705 2928 2785 ibidem
2968 2714 3054 2783 R.
3101 2714 3184 2785 P.
3234 2716 3313 2785 D.

657 2834 1018 2913 Ludovico
1060 2833 1368 2934 Angelo‚
1411 2832 1961 2931 archiepiscopo
2001 2833 2422 2923 Cusentino,
2464 2854 2685 2930 quem
2726 2835 2856 2909 SS.
2894 2838 2981 2909 D.
3026 2838 3114 2909 N.
3154 2843 3319 2933 post

657 2960 966 3059 predicti
1005 2958 1388 3036 cardinalis
1429 2981 1801 3035 recessum
1831 2958 2001 3034 illuc
2044 2958 2135 3033 ad
2172 2958 2305 3055 ipsi
2340 2958 2682 3034 cardinali
2724 2959 3217 3035 assistendum
3252 2968 3321 3035 et

656 3085 1183 3161 consulendum
1213 3084 1535 3159 miserat.

755 3210 962 3285 Feria
1003 3208 1352 3299 secunda,
1389 3213 1473 3284 31
1515 3215 1589 3283 et
1619 3206 1873 3283 ultima
1902 3207 2173 3282 mensis
2214 3207 2650 3300 decembris,
2692 3210 2987 3287 fuerunt
3024 3234 3321 3311 vespere

657 3335 1024 3409 solemnes
1073 3335 1150 3407 in
1195 3333 1474 3432 capella
1507 3335 1784 3431 majore
1824 3332 2265 3431 supradicta,
2310 3356 2500 3433 papa
2545 3342 2911 3433 presente,
2950 3344 3027 3411 et
3066 3337 3323 3412 eadem

658 3458 773 3534 die
806 3460 1234 3556 inceperunt
1266 3457 1516 3532 larvati
1555 3458 1704 3533 sive
1749 3457 2189 3533 mascberati
2226 3458 2331 3533 ire
2372 3466 2447 3535 et
2483 3461 2808 3556 equitare
2852 3484 2982 3560 per
3024 3462 3315 3537 Urbem.

753 3583 1000 3687 Martis
1040 3582 1455 3657 immediate
1501 3583 1901 3679 sequentis,
1949 3583 2080 3659 fuit
2120 3584 2345 3659 missa
2384 3586 2733 3661 solemnis
2775 3586 2849 3661 in
2892 3586 3159 3663 eadem
3206 3608 3323 3662 ca-

655 3712 874 3810 pella,
927 3730 1144 3805 quam
1201 3706 1586 3783 celebravit
1633 3712 1881 3783 RmuS.
1934 3712 2023 3783 D.
2082 3710 2467 3785 cardinalis
2519 3711 3073 3805 AlexandrinuS,
3136 3717 3323 3812 Papa

658 3841 996 3936 presente
1056 3857 1072 3907 ε
1132 3854 1548 3908 sermonem
1601 3832 1772 3909 fecit
1826 3833 2121 3930 quidam
2178 3835 2400 3910 frater
2454 3836 2730 3911 ordinis
2784 3838 3323 3935 predicatorum

659 3962 974 4039 breviter
999 3967 1071 4037 et
1104 3959 1317 4034 bene.
1355 3958 1616 4033 Omnia
1645 3958 1785 4033 alia
1811 3957 2188 4033 observata
2210 3966 2377 4035 sunt
2402 3982 2605 4033 more
2632 3960 2869 4036 solito.
2899 3964 3123 4059 Papa,
3160 3968 3321 4037 ante

661 4088 986 4174 missam,
1019 4108 1189 4159 cum
1228 4088 1656 4183 paramenta
1692 4084 2083 4180 acciperet,
2122 4085 2389 4161 creavit
2424 4084 2942 4161 cubicularium
2984 4110 3205 4161 suum
3236 4091 3315 4162 D.

659 4210 1068 4287 Evandrum
1103 4208 1194 4284 de
1226 4208 1516 4299 Scottis,
1551 4208 1900 4283 clericum
1940 4207 2529 4301 Lundunensem,
2578 4216 2651 4285 et
2676 4210 3042 4286 mandavit
3082 4218 3173 4288 D.
3218 4212 3324 4287 Si·-

660 4334 959 4433 nulpho,
996 4334 1339 4431 episcopo
1383 4333 1703 4424 Clusino,
1743 4334 2020 4408 decano
2060 4334 2700 4427 cubiculariorum,
2746 4340 2822 4410 ut
2858 4336 3207 4411 eumdem
3236 4342 3317 4413 D.

662 4458 1068 4535 Evandrum
1101 4459 1458 4555 reciperet
1499 4465 1573 4533 et
1603 4480 1771 4534 eum
1803 4458 1996 4535 inter
2020 4457 2499 4535 cubicularios
2540 4460 2959 4535 Sanctitatis
2998 4485 3133 4539 sue
3174 4462 3322 4537 col-

660 4585 962 4661 locaret.
2960 4680 2963 4685 Ι

759 4707 970 4783 Feria
1023 4705 1306 4803 quinta,
1370 4711 1410 4781 3
1479 4707 1753 4781 mensis
1805 4708 2154 4807 Januarii,
2225 4710 2517 4786 fuerunt
2574 4711 2943 4787 celebrate
3012 4716 3319 4812 exequie

659 4834 1024 4932 quondam
1055 4831 1294 4907 fratris
1327 4833 1629 4908 Mariani
1660 4833 1752 4909 de
1780 4835 2282 4927 Gennazzano,
2318 4834 2624 4911 ministri
2656 4836 3017 4935 generalis
3048 4837 3321 4913 ordinis

656 4956 1178 5035 heremitarum
1209 4982 1270 5031 S.
1303 4958 1688 5055 Augustini
1719 4958 1808 5034 de
1843 4960 2068 5049 Urbe;
2104 4964 2188 5035 R.
2227 4964 2307 5035 P.
2338 4964 2425 5035 D.
2456 4960 2907 5053 Thilmanus,
2938 4960 3323 5061 episcopus

657 5081 1166 5180 Tripolitanus,
1204 5080 1510 5157 titularis
1544 5083 1819 5158 ordinis
1853 5084 2156 5183 predicti
2186 5084 2583 5183 professor,
2627 5085 2935 5161 vicarius
2963 5086 3042 5160 in
3082 5088 3322 5185 ponti-

661 5205 988 5280 ficalibus
1035 5210 1122 5280 R.
1169 5209 1252 5281 D.
1303 5206 1622 5304 episcopi
1664 5209 2105 5301 BasiliensiS,
2152 5209 2539 5286 celebravit
2576 5210 2875 5285 missam
2926 5210 3315 5309 publicam,
