3625 6059
714 550 820 617 2‘62
1388 590 1399 607 .
1446 548 1449 551 ’
1625 546 1980 617 „IOHANNIS”
2021 547 2488 629 BURCHARol,--
2549 594 2556 599 -
2715 594 2724 601 -
2913 549 2923 605 ’-
2985 554 3374 619 [suaviorum

1245 1078 1253 1086 ’
1396 1206 1405 1215 ‚
1450 1082 1485 1245 ’ἱ
1670 1116 2412 1217 Mocchxxxxvl.

810 1503 1017 1571 Anno
1046 1496 1336 1571 Domini
1366 1496 2106 1586 MCCCCLXXXXVI,
2140 1494 2211 1568 in
2244 1494 2429 1569 festo
2464 1490 3051 1590 circumcisionis
3084 1488 3370 1564 Domini

711 1624 936 1697 nostri
966 1627 1028 1695 J.
1062 1621 1352 1709 Christi,
1384 1624 1634 1694 RmuS.
1677 1626 1762 1695 D.
1800 1620 2183 1694 cardinalis
2215 1620 2303 1694 de
2341 1618 2618 1694 Ursinis
2649 1618 3041 1693 celebravit
3084 1614 3372 1689 missam

710 1749 1116 1823 solemnem
1148 1748 1218 1818 in
1250 1746 1441 1820 dicta
1467 1745 1767 1842 capella,
1808 1748 2002 1842 Papa
2039 1745 2379 1834 absente;
2427 1766 2842 1818 sermonem
2881 1742 3056 1815 fecit
3089 1739 3372 1837 quidam

710 1874 930 1947 frater
960 1872 1230 1945 ordinis
1262 1871 1829 1971 predicatorum,
1863 1875 2116 1946 Cetera
2153 1877 2321 1946 sunt
2349 1871 2729 1945 observata
2763 1890 2970 1942 more
3004 1866 3251 1941 solito.

808 1998 1015 2071 Feria
1041 1997 1272 2085 tertia,
1300 2002 1340 2069 5
1366 1996 1701 2093 januarii,
1725 1996 1964 2093 vigilia
1995 1996 2393 2094 Epiphanie
2420 1994 2736 2085 Domini,
2754 1995 3052 2068 fuerunt
3079 2014 3372 2091 vespere

712 2124 1077 2198 solemnes
1111 2125 1183 2195 in
1228 2122 1503 2219 capella
1532 2122 1884 2217 predicta.
1917 2127 2166 2197 Rmus.
2207 2126 2294 2195 D.
2331 2120 2715 2196 cardinalis
2748 2145 2807 2192 s.
2846 2119 3176 2221 Dionysii
3211 2118 3372 2192 fecit

712 2250 1059 2339 officium,
1096 2270 1299 2321 more
1333 2247 1572 2319 solito.

808 2374 939 2448 Die
987 2372 1344 2469 sequenti,
1380 2372 1564 2446 festo
1598 2371 1953 2468 ejusdem,
1990 2372 2184 2445 idem
2217 2376 2464 2445 Rmus.
2504 2373 2590 2445 D.
2627 2370 3012 2445 cardinalis
3053 2368 3372 2445 celebra-

716 2500 811 2572 vit
862 2500 1161 2572 missam
1220 2496 1647 2591 solemnem,
1690 2495 1764 2569 in
1825 2496 2124 2569 basilica
2184 2520 2244 2569 s.
2301 2496 2519 2587 Petri,
2571 2499 2766 2593 Papa
2814 2496 2980 2569 heri
3030 2504 3104 2571 et
3159 2494 3370 2568 hodie

712 2623 1036 2696 absente.
1076 2625 1503 2695 Sermonem
1546 2621 1715 2693 fecit
1756 2614 2050 2717 quidam
2099 2622 2316 2696 frater
2353 2630 2780 2720 procurator
2818 2622 3092 2696 ordinis
3137 2642 3370 2695 servo-

712 2771 873 2822 rum
905 2748 1117 2821 beate
1150 2746 1401 2821 Marie.
1438 2746 1595 2819 Alia
1627 2746 2005 2820 observata
2037 2754 2204 2820 sunt
2233 2770 2436 2821 more
2469 2748 2709 2822 solito,

806 2873 1016 2946 Feria
1070 2876 1348 2968 quarta,
1384 2876 1473 2944 20
1516 2871 1859 2969 januarii,
1895 2871 2186 2968 quidam
2237 2871 2742 2948 malefactores
2793 2874 3223 2971 magistrum
3259 2877 3370 2947 Ja-

708 3000 1034 3074 chettum
1088 2995 1363 3071 Ballum
1398 2996 1501 3097 (1)
1537 2995 1958 3087 fornarium,
2009 2997 2389 3073 alliciendo
2430 2997 2642 3072 bonis
2681 2998 2944 3089 verbis,
2981 2998 3368 3073 asserendo

708 3126 841 3200 sibi
866 3132 1147 3200 certum
1179 3124 1451 3197 bonum
1475 3145 1781 3219 granum
1812 3124 2256 3219 competenti
2288 3124 2521 3221 pretio
2550 3123 2996 3213 vendituros,
3021 3125 3262 3221 ipsum
3287 3122 3370 3197 ad

707 3252 1093 3348 quamdam
1126 3250 1425 3323 domum
1456 3247 1818 3343 desertam
1849 3249 1924 3322 in
1956 3253 2200 3323 monte
2233 3247 2515 3323 Cavallo
2547 3250 2758 3323 sitam
2789 3247 3272 3339 adduxerunt,
3301 3250 3364 3321 in

705 3397 849 3470 qua
879 3374 1054 3446 certi
1100 3372 1218 3444 alii
1250 3395 1501 3446 eorum
1546 3374 1865 3447 consocii
1899 3379 1972 3447 et
2005 3380 2379 3448 consortes
2412 3375 2781 3450 constituti
2814 3374 3088 3449 dictum
3119 3374 3366 3473 magis-

705 3506 895 3572 trum
925 3497 1337 3571 Jachettum
1362 3506 1528 3595 post
1558 3499 1795 3572 aulam
1836 3500 1908 3571 in
1942 3523 2160 3573 unam
2196 3522 2557 3575 cameram
2591 3500 2982 3574 intrantem
3015 3500 3366 3574 hostiliter

710 3624 1148 3712 invaserunt,
1179 3621 1522 3719 ligarunt,
1561 3630 1633 3697 et
1670 3626 2017 3722 pecunias
2059 3648 2234 3722 quas
2275 3648 2522 3699 secum
2563 3624 2880 3700 habebat
2929 3626 3358 3713 auferenteS,

709 3750 851 3823 duo
908 3748 1133 3821 millia
1190 3746 1621 3822 ducatorum
1676 3750 1767 3823 ab
1827 3774 1914 3823 eo
1973 3750 2245 3825 habere
2300 3750 2700 3841 voluerunt,
2744 3772 2926 3851 quos
2984 3775 3148 3825 cum
3204 3750 3361 3825 dare

702 3881 1005 3971 negaret
1064 3872 1379 3971 quinque
1439 3873 1693 3947 dentes
1754 3875 2159 3950 successive
2209 3876 2473 3949 malleo
2540 3875 2856 3972 quodam
2907 3900 2996 3951 ex
3063 3900 3191 3951 ore
3246 3900 3362 3949 ex-

710 4008 1118 4089 traxerunt,
1196 4003 1527 4072 tenentes
1605 4022 1771 4073 eum
1846 4000 1920 4073 in
1982 4000 2396 4098 hujusmodi
2468 4007 2749 4074 tortura
2817 4001 3110 4076 circiter
3175 4002 3360 4075 horis

708 4132 911 4213 octo;
958 4134 1028 4197 et
1070 4130 1285 4197 nocte
1330 4123 1454 4197 illa
1490 4124 1726 4221 ipsum
1766 4124 2068 4222 ligatum
2120 4149 2337 4225 super
2377 4132 2568 4201 terra
2595 4126 2790 4200 nuda
2839 4134 3254 4201 tenuerunt.
3287 4130 3358 4197 In

706 4269 919 4319 mane
990 4248 1345 4343 sequenti,
1420 4249 1659 4345 ipsum
1733 4274 1963 4347 cappa
2024 4252 2331 4347 quadam
2399 4250 2719 4326 totaliter
2775 4252 3174 4326 involutum
3240 4252 3356 4323 de-

710 4372 1064 4445 duxerunt
1114 4396 1246 4469 per
1294 4397 1518 4447 unum
1576 4382 1874 4471 pontem
1919 4375 2194 4450 Tiberis
2244 4378 2317 4449 in
2371 4377 2938 4477 Transtyberim.
2987 4380 3146 4475 lpse
3199 4398 3354 4449 vero

707 4496 1008 4570 audiens
1040 4498 1393 4593 quosdam
1424 4501 1896 4597 pertransire,
1931 4501 2101 4575 licet
2139 4525 2219 4575 os
2250 4501 2554 4577 haberet
2581 4502 2911 4598 ligatum,
2949 4498 3354 4577 exclamavit

705 4630 1050 4719 quantum
1096 4624 1361 4720 potuit3
1399 4646 1488 4698 ex
1519 4645 1663 4721 quo
1716 4627 1942 4700 territi
1980 4627 2484 4701 malefactores
2525 4650 2693 4702 eum
2745 4627 2841 4699 ibi
2869 4626 3103 4700 solum
3137 4624 3354 4700 dimit-

704 4754 939 4822 tentes
992 4746 1429 4844 aufugerunt
1473 4751 1692 4825 celeri
1724 4774 1968 4825 cursu.
2013 4754 2328 4826 Auditus·
2361 4754 2582 4851 igitur
2609 4752 2956 4849 magister
2995 4752 3350 4825 Jachettus

705 4875 781 4946 in
810 4872 1107 4945 domum
1149 4896 1352 4945 suam
1400 4899 1730 4951 reversus
1763 4883 1898 4967 est,
1937 4877 2208 4951 relictis
2241 4887 2410 4975 post
2449 4903 2527 4952 se
2567 4879 2884 4975 quinque
2915 4877 3246 4952 dentibus
3285 4882 3350 4948 et

703 4996 992 5073 circiter
1030 4996 1287 5069 decem
1331 4997 1612 5072 ducatis
1653 5000 1824 5071 suiS.
2453 5024 2460 5029 ·

770 5254 821 5312 1.
859 5276 885 5304 «
918 5250 1129 5309 Gallum
1162 5274 1213 5319 n,
1244 5253 1405 5321 5160,
1439 5252 1476 5312 t'.
1504 5253 1628 5311 231.
1664 5254 1886 5324 Eccard‚
1919 5256 2021 5318 col.
2051 5257 2212 5317 2067.
