3625 6059
273 534 592 601 [Decembre
623 538 778 599 1492]
966 534 1220 593 RERUM
1269 532 1726 593 URBANARUM
1774 532 2303 593 COMMENTARII.
2900 538 2971 594 23

269 689 666 765 intellectis
708 714 755 763 a
797 712 921 765 me
969 690 1198 765 tribus
1251 688 1552 763 diversis
1600 688 1974 763 ordinibus
2022 689 2099 763 in
2146 688 2473 767 dicendis
2522 689 2961 765 lectionibus

271 816 352 893 in
379 816 752 891 matutinis
781 815 1044 889 natalis
1082 813 1370 887 Domini
1413 814 1715 889 diversis
1761 814 2213 911 temporibus
2254 816 2685 907 observatiS,
2732 815 2958 891 voluit

273 942 472 1041 quod
525 942 836 1039 primam
899 940 1292 1015 lectionem
1365 940 1720 1039 acolytus,
1808 939 2207 1014 secundam
2274 939 2598 1030 auditor,
2658 942 2959 1015 tertiam

269 1068 785 1157 subdiaconus,
830 1071 1161 1174 quartam
1201 1069 1453 1140 Rmus,
1505 1068 1591 1139 D.
1639 1064 2025 1139 cardinalis
2068 1064 2335 1139 Montis
2379 1063 2669 1161 Regalis
2716 1065 2965 1163 junior

267 1192 674 1291 presbyter,
709 1192 1040 1289 quintam
1067 1190 1600 1265 illustrissimus
1641 1194 1730 1263 D.
1777 1190 2218 1279 Fridericus,
2250 1212 2507 1266 ensem
2538 1188 2953 1281 habituruS‚

271 1326 550 1395 sextam
581 1322 832 1391 Rmus.
864 1320 950 1391 D.
987 1316 1372 1391 cardinalis
1415 1321 1666 1391 sancte
1708 1316 2121 1407 Anastasie,
2170 1315 2557 1413 septimam
2598 1314 2962 1389 cancella-

273 1444 450 1534 riuS,
483 1448 812 1518 octavam
843 1440 1216 1531 SenensiS,
1249 1440 1534 1515 diaconi
1567 1442 1944 1517 Sanctitati
1978 1466 2107 1516 sue
2141 1442 2569 1516 assistentes
2594 1439 2956 1532 dicerent,

273 1578 346 1645 et
400 1591 672 1645 nonam
721 1567 1078 1643 Sanctitas
1135 1589 1268 1641 sua
1327 1589 1406 1640 se
1458 1566 1817 1643 dicturam
1875 1566 2087 1655 dixit;
2136 1567 2333 1663 quod
2388 1564 2611 1641 voluit
2661 1564 2963 1664 singulis

271 1692 708 1791 supradictis
735 1714 870 1788 per
897 1714 1014 1767 me
1065 1689 1390 1764 intimari
1420 1696 1636 1786 prout
1667 1714 1758 1765 ex
1789 1696 1961 1765 tunc
1992 1690 2159 1765 feci.

365 1822 458 1891 D.
493 1816 900 1891 Fridericus
938 1814 1160 1891 hodie
1199 1838 1369 1891 cum
1408 1816 1606 1889 omni
1652 1838 1786 1889 sua
1824 1815 2097 1891 familia
2138 1817 2595 1895 ornatissime
2642 1817 2839 1893 venit
2878 1817 2973 1892 ad

263 1942 650 2041 palatium,
699 1966 786 2016 ac
825 1951 994 2017 ante
1043 1966 1122 2015 se
1155 1942 1410 2017 habuit
1465 1948 1614 2017 tres
1649 1941 1903 2039 pagios
1947 1964 2151 2017 more
2201 1943 2609 2022 alemanico
2642 1944 2965 2035 indutos,

259 2069 570 2143 vestitos
621 2068 714 2142 de
765 2067 1204 2158 cremosino,
1253 2066 1474 2163 perlis
1523 2064 2035 2163 pulcherrimis
2086 2071 2159 2140 et
2200 2066 2563 2165 lapidibus
2610 2067 2965 2165 preciosis

267 2199 602 2285 ornatos,
635 2192 758 2289 qui
789 2199 864 2267 et
888 2216 1116 2289 equos
1147 2190 1570 2288 equitabant
1588 2213 1796 2264 more
1826 2190 2282 2267 alemannico
2312 2200 2631 2290 paratos.

369 2318 882 2415 Superioribus
911 2317 1170 2391 diebus
1213 2314 1479 2413 singuli
1525 2316 1777 2390 RRmi.
1828 2316 2233 2391 cardinales
2272 2318 2545 2393 dictum
2580 2323 2667 2393 D.
2717 2318 2963 2393 Fride-

265 2444 508 2518 ricum
547 2442 932 2519 visitarunt
971 2451 1044 2518 et
1077 2444 1232 2540 ipse
1267 2439 1600 2515 similiter
1641 2462 1770 2513 eos
1818 2439 2037 2514 hodie
2078 2447 2151 2515 et
2196 2443 2665 2539 sequentibus
2708 2442 2965 2517 diebus

267 2567 578 2643 visitavit
630 2593 647 2642 :
707 2567 1258 2643 convenientius
1309 2575 1556 2641 tamen
1613 2564 1869 2641 fuisset
1928 2566 2334 2645 cardinales
2401 2574 2822 2664 expectasse
2878 2590 2957 2640 se

264 2700 438 2790 post
483 2692 976 2769 obedientiam
1035 2690 1412 2789 prestitam
1460 2688 1782 2765 visitatos
1823 2689 2047 2765 fuisse
2092 2698 2164 2765 et
2202 2699 2459 2789 postea
2500 2692 2951 2777 revisitasse.;

267 2816 406 2891 sed
456 2818 648 2914 quia,
698 2823 778 2890 ut
827 2815 1189 2907 existimo,
1237 2813 1754 2911 Neapolitanus
1789 2820 1863 2889 et
1906 2816 2279 2923 Senensis,
2326 2822 2671 2914 tanquam
2716 2817 2960 2913 singu-

263 2942 466 3019 lares
503 2941 718 3015 amici
761 2940 1136 3038 principis,
1183 2938 1388 3021 illum
1427 2944 1596 3034 post
1631 2940 1788 3035 ejus
1834 2927 2226 3014 adventurn
2264 2941 2641 3016 visitarunt
2686 2948 2758 3015 et
2796 2964 2962 3015 cum

271 3066 390 3140 eis
419 3090 480 3141 s.
517 3065 706 3139 Petri
737 3065 832 3139 ad
849 3064 1194 3172 yincula,
1233 3066 1788 3137 Beneventanus
1818 3065 1891 3135 et
1922 3059 2300 3150 Columna,
2342 3062 2465 3136 ubi
2502 3084 2759 3137 omnes
2790 3066 2961 3135 sunt

257 3192 613 3268 eumdem
643 3213 970 3265 errorem
1007 3190 1262 3265 secuti.

327 3317 754 3395 ..Dominica
798 3323 1058 3413 quarta
1101 3315 1482 3403 adventus,
1538 3316 1628 3385 23
1677 3309 2113 3399 decembris,
2159 3314 2245 3385 R.
2293 3314 2374 3385 P.
2422 3314 2511 3383 D.
2564 3310 2953 3409 episcopus

259 3441 604 3517 Sutrinus
635 3448 710 3515 et
735 3440 1164 3537 NepesinuS,
1213 3441 1340 3513 SS.
1390 3442 1478 3511 D.
1523 3438 1610 3509 N.
1657 3435 2023 3511 secundus
2064 3436 2525 3527 secretariuS,
2568 3436 2955 3513 celebravit

256 3568 564 3641 missam
613 3566 980 3663 publicam
1024 3564 1098 3638 in
1149 3562 1430 3659 capella
1486 3562 1953 3659 supradicta3
2008 3584 2423 3637 sermonem
2471 3562 2647 3638 fecit
2694 3586 2954 3659 procu·
3050 3546 3054 3550 ¹

257 3700 462 3765 rator
501 3690 780 3765 ordinis
823 3688 1402 3777 Carmelitarum,
1450 3691 1648 3784 Papa
1685 3692 2029 3784 presente
2075 3713 2097 3762 ι
2140 3687 2467 3762 interfuit
2511 3687 2731 3763 etiam
2762 3688 2953 3762 illus-

260 3816 634 3891 trissimus
702 3820 789 3889 D.
853 3814 1266 3889 Fridericus
1338 3813 1460 3911 qui
1521 3812 1764 3887 locum
1832 3812 2087 3891 hahuit
2154 3812 2346 3888 inter
2414 3816 2723 3887 RRmos.
2791 3815 2947 3887 DD.

257 3940 940 4017 vicecancellarium
995 3946 1068 4015 et
1111 3939 1341 4013 sancti
1394 3938 1717 4013 Severini
1773 3937 2067 4011 ultimos
2118 3936 2461 4011 diaconos
2515 3934 2943 4027 cardinales,

263 4074 341 4143 et
390 4067 634 4142 eundo
677 4067 768 4141 ad
813 4065 1164 4163 capellam
1215 4087 1301 4139 ac
1353 4062 1522 4139 inde
1576 4063 1951 4139 redeundo
2000 4063 2123 4140 ivit
2168 4069 2332 4160 post
2382 4083 2676 4135 crucem
2730 4061 2947 4135 etiam

261 4194 459 4267 inter
485 4174 720 4266 dictos
749 4190 1156 4267 cardinales
1185 4188 1498 4279 medius,
1541 4194 1614 4263 et
1644 4194 1810 4261 ante
1854 4210 2023 4263 eum
2055 4188 2408 4285 dispotuS,
2454 4186 2575 4283 qui
2608 4193 2679 4261 et
2704 4186 2945 4261 locum

259 4339 480 4389 suum
529 4314 824 4389 solitum
888 4312 1134 4389 habuit
1184 4322 1346 4410 post
1407 4312 1745 4387 ultimum
1803 4312 2190 4387 diaconum
2270 4308 2717 4385 cardinalem
2784 4333 2947 4407 pre-

261 4442 570 4517 dictum.

355 4566 570 4641 Feria
612 4563 961 4651 secunda,
1004 4568 1096 4635 24
1146 4564 1582 4653 decembriS‚
1627 4562 1869 4659 vigilia
1905 4560 2165 4635 natalis
2209 4559 2527 4650 Domini,
2566 4560 2694 4631 SS.
2730 4560 2815 4629 D.
2848 4558 2936 4629 N.

255 4697 556 4787 paratus
607 4689 686 4761 in
735 4687 950 4761 tertia
1005 4710 1296 4763 camera
1343 4712 1434 4765 ex
1487 4688 1687 4763 novis
1753 4685 2195 4785 paramentis
2250 4683 2503 4773 solitis,
2563 4682 2757 4757 venit
2808 4706 2941 4779 per

255 4816 462 4889 aulas
495 4816 684 4891 duas
727 4822 802 4887 et
848 4813 1088 4887 aulam
1139 4836 1398 4889 novam
1455 4836 1542 4886 ac
1597 4821 1922 4888 veterem
1974 4832 2315 4907 magnam
2361 4831 2493 4905 per
2551 4808 2780 4883 scalas
2848 4807 2940 4881 ad

259 4942 568 5031 curiam,
623 4940 747 5013 ubi
791 4937 1192 5013 cardinales
1245 4962 1334 5013 ex
1381 4937 1586 5035 equis
1640 4936 2085 5013 descendere
2132 4934 2395 5027 solent,
2460 4942 2535 5007 et
2584 4933 2748 5007 inde
2808 4955 2941 5029 per

268 5087 762 5139 communem.
777 5063 962 5137 viam
993 5064 1369 5139 basilicam
1401 5064 1492 5137 ad
1525 5063 1754 5136 sancti
1783 5062 2005 5150 Petri,
2030 5059 2589 5157 precedentibus
2617 5056 2939 5133 cardina-

263 5190 450 5264 libus
469 5192 544 5264 in
568 5210 832 5264 eorum
865 5189 1110 5287 cappis
1131 5188 1386 5280 solitis,
1421 5211 1506 5263 ac
1531 5186 1829 5285 prelatis
1858 5186 2325 5283 sequentibus
2348 5185 2567 5258 etiam
2592 5184 2667 5257 in
2686 5181 2933 5278 cappis
