3625 6059
261 472 529 535 [Decembre
554 471 684 533 1494]
876 470 1065 526 RERU
1074 472 1129 559 M
1179 470 1633 527 URBANARUM
1672 470 2194 529 COMMENTARII.
2769 472 2876 528 209

258 622 598 699 secretario
656 622 727 694 in
788 622 995 719 cujus
1043 622 1143 695 rei
1196 622 1419 695 fidem
1479 632 1551 697 et
1606 624 2102 697 testimonium
2153 647 2290 719 ego
2361 623 2733 720 Philippus
2781 624 2872 697 de

264 748 669 835 Patriarchis,
710 746 1013 822 cleric-us
1056 746 1593 837 Foroliv⁷iensiS‚
1632 748 2036 845 apostolica
2065 755 2136 822 et
2175 748 2525 845 imperiali
2553 748 2873 821 authori-

264 873 485 947 tatibus
539 873 857 945 notarius
902 871 1233 969 publicus
1286 873 1532 946 omnia
1575 875 2066 971 suprascripta
2103 887 2325 945 manu·
2374 896 2538 947 mea
2585 873 2874 969 propria

261 996 474 1093 scripsi
502 1004 569 1071 et
600 997 991 1094 subscripsi
1022 1004 1091 1071 et
1122 1020 1371 1071 meum
1402 998 1689 1093 signum
1732 1000 2060 1096 apposui,
2096 1004 2418 1095 rogatus.

340 1122 561 1197 Sultan
592 1125 872 1221 Bajazet
904 1122 1133 1213 chan,
1165 1121 1355 1195 filius
1398 1121 1674 1197 soldani
1720 1123 2142 1213 Mahumeti‚
2182 1125 2312 1197 Dei
2345 1125 2603 1220 gratia,
2640 1125 2873 1221 impe-

261 1255 421 1321 rator
452 1248 637 1337 Asie‚
688 1251 973 1346 Europe
1022 1254 1096 1321 et
1144 1248 1379 1321 omnis
1428 1249 1814 1337 maritime,
1865 1250 2046 1346 patri
2088 1257 2160 1324 et
2203 1250 2498 1322 domino
2548 1249 2872 1322 omnium

258 1373 769 1447 christianorum
846 1373 1081 1447 divina
1154 1373 1603 1470 providentia
1670 1396 1854 1470 pape
1929 1374 2337 1448 Alexandro
2406 1378 2501 1450 Vl
2575 1397 2870 1449 romane
2953 1462 2960 1469 ι

259 1499 536 1573 Ecclesie
570 1498 791 1596 digno
822 1499 1173 1597 pontifici,
1218 1506 1377 1596 post
1418 1498 1733 1573 debitam
1774 1504 1848 1572 et
1887 1500 2334 1573 meritoriam
2365 1500 2872 1574 salutationem

257 1649 326 1697 ex
349 1624 523 1698 bono
554 1624 799 1698 animo
828 1631 899 1699 et
928 1648 1113 1721 puro
1142 1625 1359 1698 corde
1394 1623 1884 1720 significamus
1919 1631 2154 1697 vestre
2187 1625 2662 1721 Magnitudini
2697 1650 2875 1721 qua-

252 1749 385 1823 liter
408 1774 528 1848 per
553 1750 947 1847 Georgium
972 1751 1403 1840 Buzardum,
1440 1750 1863 1823 servitorem
1887 1756 1960 1823 et
1979 1750 2310 1823 nuntium
2343 1756 2578 1825 vestre
2602 1740 2877 1825 'Poten-

254 1876 353 1962 tie,
384 1875 857 1950 intelleximus
887 1876 1154 1949 bonam
1190 1874 1842 1949 convalescentiam
1871 1898 2076 1948 suam
2105 1882 2176 1948 et
2211 1875 2430 1949 etiam
2462 1899 2600 1972 que
2635 1877 2878 1949 retulit

252 2024 353 2096 pro
378 2008 565 2097 parte
586 2001 925 2098 ejusdem
960 2000 1501 2096 MagnitudiniS‚
1551 2023 1639 2074 ex
1678 2001 1938 2096 quibus
1984 2000 2186 2075 letati
2219 2025 2470 2075 sumus
2507 2024 2879 2099 magnam-

253 2149 366 2221 que
423 2125 995 2200 consolationem
1043 2126 1459 2221 accepimus
1510 2150 1525 2197 ε
1583 2126 1771 2198 inter
1804 2126 1946 2198 alia
1987 2125 2161 2198 mihi
2219 2126 2462 2203 retulit
2510 2128 2703 2223 quod
2750 2152 2878 2202 rex

256 2252 509 2325 Francie
570 2252 942 2325 animatus
988 2261 1097 2327 est
1148 2252 1419 2325 habere
1476 2254 1653 2324 Gem
1709 2250 2008 2324 fratrem
2062 2260 2420 2341 nostrum,
2483 2254 2602 2348 qui
2655 2258 2764 2325 est
2808 2252 2882 2325 in

256 2381 541 2453 manibus
590 2388 841 2454 vestre
888 2378 1244 2465 potentie,
1293 2376 1487 2473 quod
1539 2381 1731 2450 esset
1784 2377 2094 2449 multum
2149 2385 2401 2450 contra
2450 2376 2884 2451 volontatem

258 2513 559 2597 nostram,
605 2514 690 2581 et
717 2512 953 2581 vestre
992 2502 1465 2599 Magnitudini
1511 2510 1937 2597 sequeretur
1976 2501 2370 2577 maximum
2419 2502 2764 2576 damnum
2815 2508 2887 2576 et

254 2631 433 2703 vestri
474 2654 736 2707 omnes
778 2628 1150 2704 christiani
1184 2635 1604 2724 paterentur
1648 2626 2192 2701 detrimentum.
2232 2628 2508 2701 Idcirco
2540 2652 2682 2702 una
2722 2652 2886 2701 cum

252 2756 555 2849 predicto
584 2756 910 2851 Georgio
952 2754 1273 2850 cogitare
1303 2753 1627 2849 cepimus
1672 2778 1802 2850 pro
1849 2753 2118 2849 quiete,
2158 2754 2462 2829 utilitate
2509 2755 2888 2829 ethonore

256 2886 451 2953 vestre
482 2880 817 2955 Potentie
849 2885 917 2953 et
944 2879 1182 2953 adhuc
1218 2902 1349 2975 pro
1390 2903 1557 2951 mea
1589 2878 2076 2952 satisfactione
2118 2905 2133 2950 :
2170 2879 2439 2953 bonum
2473 2886 2666 2955 esset
2699 2882 2890 2977 quod

256 3002 486 3079 dictum
516 3009 731 3094 Gem,
772 3026 1017 3079 meum
1048 3003 1345 3079 fratrem
1392 3004 1513 3100 qui
1548 3003 1916 3099 subjectus
1949 3010 2058 3075 est
2091 3005 2305 3076 morti
2337 3012 2410 3077 et
2441 3004 2778 3078 detentus
2818 3006 2891 3079 in

256 3130 551 3205 manibus
610 3136 855 3205 vestre
903 3128 1446 3226 Magnitudinis‚
1510 3126 1713 3201 obire
1771 3127 2132 3217 faceretis,
2195 3128 2389 3223 quod
2435 3129 2492 3203 si
2535 3129 2634 3203 ita
2670 3138 2889 3217 esset,

257 3259 315 3326 et
346 3256 655 3351 potentie
694 3261 928 3329 vestre
963 3253 1133 3327 utile
1176 3259 1248 3326 et
1290 3252 1512 3349 quieti
1559 3252 2231 3327 commodissimum
2277 3254 2601 3352 mihique
2633 3258 2895 3354 gratis-

258 3380 528 3473 simum3
592 3390 669 3458 et
708 3382 783 3454 si·
814 3382 889 3454 in
931 3381 1075 3455 hoc
1106 3378 1526 3476 Magnitudo
1584 3384 1822 3453 vestra
1879 3386 2220 3454 contenta
2289 3380 2380 3454 sit
2437 3382 2894 3479 complacere

256 3508 465 3597 uobis.‚
508 3516 727 3606 prout
770 3507 841 3579 in
878 3530 1009 3580 sua
1046 3503 1432 3603 prudentia
1475 3503 1908 3578 confidimus
1956 3504 2196 3579 facere
2250 3505 2458 3595 velle,
2514 3505 2725 3581 debet
2767 3532 2896 3605 pro

258 3632 509 3707 meliori
534 3657 667 3708 sue
690 3631 1019 3706 Potentie
1044 3638 1116 3704 et
1140 3654 1272 3727 pro
1299 3629 1555 3727 majori
1579 3636 1826 3703 nostra
1847 3629 2366 3720 satisfactione,
2397 3640 2668 3727 quanto
2689 3633 2900 3707 citius

257 3760 519 3851 poterit,
570 3783 742 3834 cum
792 3757 913 3831 illo
964 3755 1247 3829 meliori
1302 3752 1517 3828 modo
1562 3776 1706 3849 quo
1754 3754 2066 3850 placebit
2112 3763 2348 3857 vestre
2393 3758 2895 3854 Magnitudini‚

259 3880 503 3959 dictum
545 3890 729 3960 Gem
776 3883 1015 3957 levare
1059 3882 1298 3955 facere
1346 3904 1435 3953 ex
1482 3880 1833 3976 angustiis
1875 3882 2080 3955 istius
2113 3882 2363 3955 mundi
2397 3889 2468 3956 et
2510 3884 2900 3955 transferre

264 4009 399 4105 ejus
436 4010 753 4083 animam
790 4008 864 4080 in
907 4004 1101 4080 aliud
1143 4004 1466 4079 seculum
1509 4003 1630 4077 ubi
1671 4005 2051 4079 meliorem
2089 4005 2387 4079 habebit
2425 4006 2771 4101 quietem.
2819 4008 2905 4080 Et

265 4132 311 4202 si
331 4133 465 4207 hoc
496 4132 897 4231 adimplere
936 4130 1150 4203 faciet
1198 4135 1435 4202 vestra
1472 4130 1830 4219 Potentia,
1883 4137 1954 4204 et
2006 4130 2377 4204 mandabit
2409 4130 2616 4204 nobis
2647 4134 2906 4229 corpus

264 4281 453 4333 suum
484 4261 561 4333 in
593 4258 1101 4355 qualicumque
1130 4255 1291 4329 loco
1324 4254 1541 4330 suerit
1582 4256 1762 4355 citra
1792 4280 1992 4329 mare
2023 4262 2378 4347 nostrum,
2420 4258 2908 4354 promittimus

268 4404 409 4472 nos,
444 4385 679 4459 sultan
708 4386 993 4481 Bajazet
1027 4378 1503 4478 supradictus,
1540 4380 1615 4452 in
1646 4403 2106 4476 quocumque
2154 4381 2315 4454 loco
2352 4382 2700 4479 placuerit
2738 4386 2912 4455 San-

270 4508 476 4589 ctitati
522 4519 756 4584 vestre
816 4509 1240 4581 ducatorum
1301 4511 1627 4578 trecenta
1671 4504 1924 4593 millia,
1986 4513 2341 4601 quatenus
2397 4508 2626 4605 possit
2681 4516 2916 4581 vestra

271 4635 581 4711 Potentia
608 4664 697 4713 ex
722 4637 859 4710 illis
892 4656 1137 4710 emere
1170 4632 1335 4705 filiis
1366 4632 1517 4705 suis
1542 4630 1779 4727 aliqua
1807 4631 2161 4720 dominia;
2196 4654 2377 4727 quos
2404 4639 2732 4707 trecenta
2759 4632 2918 4707 mil-

270 4757 355 4832 lia
380 4762 673 4839 ducatos
708 4762 1137 4857 consignare
1167 4759 1516 4831 faciemus
1546 4757 1644 4829 illi
1680 4758 1795 4830 cui
1823 4756 2184 4831 ordinabit
2207 4763 2437 4830 vestra
2466 4754 2912 4856 Magnitudo,

274 4894 641 4984 antequam
674 4888 764 4963 sit
796 4886 1003 4963 nobis
1036 4884 1313 4958 dictum
1344 4905 1607 4980 corpus
1639 4882 1886 4956 datum
1917 4889 1987 4957 et
2004 4907 2134 4980 per
2166 4890 2440 4958 vestros
2471 4885 2656 4959 meis
2689 4888 2925 4962 consi-

278 5019 565 5104 gnatum
600 5040 612 5085 :
648 5012 885 5089 adhuc
912 5012 1283 5108 permittet
1316 5016 1550 5083 vestra
1578 5010 1908 5082 Potentia
1937 5009 2152 5105 quod,
2191 5010 2334 5085 vita
2364 5036 2529 5086 mea
2569 5020 2640 5087 et
2677 5038 2920 5110 quam-

283 5130 391 5206 diu
422 5136 685 5227 vixero,
716 5134 1147 5211 habebimus
1176 5158 1467 5232 semper
1486 5116 1749 5207 bonam
1784 5140 1854 5207 et
1883 5134 2264 5209 maximam
2291 5137 2711 5211 amicitiam.
2743 5143 2922 5213 Cum

564 5306 607 5342 τ.
640 5308 691 5345 ιι.
2583 5292 2649 5345 14.
