3625 6059
706 562 814 621 202
1616 560 1647 618 J
1654 558 1970 619 OHANNIS
2017 556 2459 618 BURCHARDI.
2883 558 3192 623 [Decembre
3217 562 3337 625 tm]

709 742 876 794 cum
906 718 1223 817 quinque
1254 716 1412 790 aliis
1454 715 2006 808 calceatoribuS,
2041 715 2392 789 Jacobum
2424 715 2513 789 de
2547 712 2854 789 Scullier
2897 717 2969 788 et
3001 710 3333 787 Nicolaum

709 851 985 919 Lucum
1017 845 1525 931 mercatorem,
1564 840 1994 938 magistrum
2033 839 2426 930 Andream,
2459 836 3076 930 barbitonsorem,
3109 841 3342 936 magis-

708 976 900 1045 trum
918 974 953 1042 J
962 969 1327 1041 ohannem
1353 965 1698 1055 Ubelach,
1721 965 2150 1063 chirurgum
2179 973 2254 1039 et
2275 941 2702 1064 magistrum
2715 964 3200 1040 Christianum
3219 988 3344 1039 sar·

664 1116 669 1121 ’
710 1102 971 1183 torem,
1008 1093 1264 1189 quibus
1297 1088 1691 1165 commissa
1715 1090 1926 1165 nobis
1958 1114 2094 1187 per
2121 1091 2544 1189 pontificem
2575 1099 2650 1165 et
2679 1090 3046 1188 proposita
3077 1091 3343 1187 exposui

712 1217 1159 1293 exhortando
1206 1241 1220 1290 :
1272 1215 1803 1313 responderunt
1843 1238 2100 1290 omnes
2141 1238 2220 1289 se
2261 1238 2422 1289 esse
2468 1214 2822 1313 obligatos
2867 1214 3216 1312 capitibus
3251 1238 3346 1290 re-

712 1345 1008 1441 gionum
1041 1341 1278 1432 Urbis,
1314 1364 1623 1437 quorum
1655 1339 2012 1414 mandatis
2044 1340 2400 1415 haberent
2419 1341 2495 1414 in
2515 1340 2938 1438 hujusmodi
2959 1339 3346 1415 necessario

714 1468 1009 1544 obedire
1042 1474 1115 1541 et
1159 1490 1303 1539 non
1348 1474 1647 1563 possent
1686 1465 1777 1539 ab
1806 1466 1913 1539 eis
1959 1489 2324 1564 separare,
2355 1472 2743 1564 propterea
2787 1466 2892 1540 eis
2929 1464 3350 1562 impossibile

712 1592 1303 1693 persuasionibus
1336 1593 1460 1665 SS.
1490 1595 1577 1664 D.
1610 1592 1836 1666 nostri
1871 1592 2320 1667 satisfacere.
2352 1592 2513 1666 Dixi
2547 1592 3106 1691 responsionem
3135 1591 3354 1689 hujus-

713 1720 908 1795 modi
947 1725 1029 1793 17
1066 1717 1234 1791 dicti
1266 1717 1537 1790 mensis
1561 1717 1886 1791 habitam
1916 1716 2178 1792 eodem
2202 1718 2318 1792 die
2345 1717 2710 1791 dominica
2741 1721 2826 1792 D.
2864 1716 3156 1792 Andree
3187 1721 3352 1792 Ven-

716 1851 854 1921 tart
882 1850 955 1917 ut
986 1867 1146 1917 eam
1179 1847 1263 1915 R.
1300 1846 1377 1916 P.
1415 1847 1499 1915 D.
1527 1842 1840 1916 Johanni
1867 1842 2210 1942 episcopo
2249 1842 2599 1917 Perusino
2629 1842 2908 1916 datario
2939 1841 3352 1939 significaret

718 1972 843 2043 SS.
878 1974 965 2042 D.
1000 1974 1249 2043 nostro
1288 1968 1741 2043 'referendam
1780 1994 1795 2041 :
1834 1971 2042 2066 cujus
2073 1969 2432 2043 Sanctitas
2463 1968 2744 2066 pridem
2787 1966 2859 2040 in
2893 1989 3027 2042 sua
3053 1968 3356 2065 proposi-

720 2095 919 2168 tione
952 2092 1322 2191 subjunxit
1350 2116 1429 2167 se
1460 2092 1653 2167 idem
1684 2093 1878 2190 quod
1913 2093 2291 2168 nobiscum
2333 2093 2600 2168 fecerat
2635 2094 2853 2168 etiam
2887 2116 3056 2167 cum
3091 2093 3356 2167 natione

718 2218 1099 2315 hispanica
1145 2218 1500 2292 facturum
1550 2226 1623 2293 et
1662 2219 1856 2315 quod
1901 2217 1990 2292 de
2033 2218 2292 2315 gallica
2335 2219 2556 2293 etiam
2595 2242 2742 2292 non
2787 2217 3178 2308 dubitaret,
3209 2242 3353 2292 cum

724 2343 897 2417 boni
925 2342 1231 2416 curiales
1279 2349 1480 2417 extra
1524 2347 1830 2417 Romam
1863 2343 2176 2417 existent
2203 2366 2334 2441 pro
2374 2342 2798 2419 defensione
2838 2344 3050 2418 Urbis
3085 2364 3355 2440 operam

724 2468 987 2543 daturi.
1036 2469 1463 2567 Hujusmodi
1500 2467 1868 2564 pontificis
1903 2467 2377 2566 propositioni
2413 2469 2902 2544 interfuerunt
2945 2472 3252 2541 RRmus.
3283 2470 3354 2538 D.

726 2593 1107 2667 cardinalis
1140 2594 1688 2691 Neapolitanus;
1722 2593 1996 2667 lllmus.
2021 2598 2108 2667 D.
2145 2594 2288 2666 dux
2320 2594 2642 2668 Calabrie
2675 2605 2744 2669 et
2779 2599 2863 2667 R.
2893 2597 2982 2668 D.
3017 2596 3360 2670 Johannes

726 2723 985 2817 Lopez,
1022 2719 1405 2817 episcopus
1439 2718 1858 2808 PerusinuS,
1893 2719 2240 2793 datarius.

754 2849 759 2855 '
828 2844 1335 2942 Superioribus
1370 2844 1653 2935 diebuS,
1688 2844 2051 2919 cardinale
2079 2847 2426 2921 Gurcensi
2465 2846 2852 2937 referente,
2897 2850 2986 2921 D.
3031 2845 3358 2942 Georgius

728 2970 1117 3059 BusarduS,
1172 2968 1543 3043 literarum
1574 2968 2136 3065 apostolicarum
2167 2970 2501 3069 scriptor,
2541 2994 2671 3070 per
2699 2976 2823 3047 SS.
2871 2976 2961 3047 D.
3005 2976 3087 3047 N.
3123 2992 3356 3070 papam

724 3096 815 3169 ad
860 3100 1200 3194 Magnum
1245 3099 1551 3170 Turcam
1593 3098 1900 3186 nunc-ius
1941 3107 2014 3173 et
2071 3100 2312 3173 orator
2365 3099 2633 3173 missus
2681 3105 2757 3172 ut
2807 3098 2961 3196 ipse
3001 3098 3360 3173 cardinalis

722 3219 1007 3294 dicebat
1054 3244 1187 3318 per
1232 3222 1547 3295 lllmum.
1601 3225 1688 3296 D.
1724 3226 1789 3296 J.
1817 3224 1904 3297 de
1933 3229 2232 3314 Rovere‚
2267 3225 2456 3299 alme
2481 3224 2691 3298 Urbis
2721 3223 3152 3320 prefectum,
3189 3222 3354 3297 Rmi.

726 3350 809 3419 D.
848 3346 1226 3419 cardinalis
1276 3370 1334 3417 S.
1373 3346 1561 3420 Petri
1595 3347 1682 3420 ad
1736 3346 2046 3421 Vincula
2085 3348 2378 3423 fratrem
2435 3370 2892 3444 germanum,
2953 3353 3202 3445 captus
3249 3345 3358 3419 fuit

720 3478 799 3544 et
844 3468 1035 3567 apud
1082 3470 1565 3567 Senogalliam
1615 3470 1982 3562 detentuS,
2037 3473 2226 3570 apud
2275 3496 2493 3569 quem
2537 3473 2730 3547 idem
2779 3471 3166 3546 cardinalis
3209 3474 3360 3543 Gur-

718 3594 967 3669 censis
1030 3602 1435 3693 compertas
1476 3597 1697 3672 fuisse
1742 3595 1918 3671 dixit
1972 3598 2516 3673 informationes
2555 3620 2688 3695 per
2728 3596 3072 3670 eumdem
3123 3597 3242 3669 SS.
3277 3598 3349 3667 D.

717 3727 1052 3794 nostrum
1100 3720 1237 3794 sibi
1267 3721 1469 3796 datas
1500 3746 1719 3819 super
1744 3722 1834 3795 iis
1877 3744 2020 3819 que
2051 3722 2239 3820 apud
2274 3725 2618 3818 Magnum
2653 3726 2962 3795 Turcam
3004 3744 3218 3818 agere
3253 3718 3359 3793 de-

721 3846 953 3935 beret,
989 3869 1129 3942 que
1168 3845 1401 3921 dictus
1457 3846 1840 3921 cardinalis
1872 3847 2266 3922 Gurcensis
2305 3847 2635 3944 predicto
2687 3850 2814 3922 SS.
2853 3853 2942 3921 D.
2992 3852 3238 3921 nostro
3279 3842 3356 3917 ad

720 3969 1095 4045 infamiam
1152 3971 1719 4069 improperabat,
1780 3994 2091 4067 quarum
2149 3972 2746 4079 informationum
2797 3971 3044 4045 nuncii
3091 3977 3164 4044 et
3217 3990 3357 4041 ora-

724 4096 899 4169 toris
928 4095 1021 4169 ad
1047 4099 1388 4195 Magnum
1411 4101 1717 4172 Turcam
1747 4103 1960 4171 tenor
1985 4099 2074 4172 de
2107 4098 2322 4173 verbo
2357 4099 2448 4173 ad
2479 4098 2777 4173 verbum
2811 4098 3139 4195 sequitur
3167 4101 3235 4171 et
3259 4098 3356 4168 est

724 4223 927 4299 talis:

828 4353 1346 4426 Instructiones
1380 4351 1503 4426 tibi
1527 4351 1840 4449 Georgio
1859 4350 2209 4442 Buzardo,
2243 4352 2511 4426 nuncio
2538 4359 2612 4427 et
2627 4348 3354 4447 familiarinostro(t):

724 4483 1111 4575 postquam
1148 4476 1322 4551 hinc
1352 4477 1805 4566 discesseriS,
1840 4475 2112 4552 directe
2143 4482 2214 4551 et
2244 4484 2514 4576 quanto
2547 4477 2755 4552 citius
2784 4478 3085 4575 poteriS,
3121 4476 3246 4549 ibis
3279 4470 3359 4547 ad

722 4602 1305 4701 potentissimum
1330 4607 1673 4700 Magnum
1695 4606 2029 4692 Turcam,
2062 4602 2298 4676 sultan
2325 4603 2637 4700 Bajazet,
2675 4600 3114 4698 ubicumque
3141 4594 3354 4681 fuerit,

724 4750 967 4825 quem,
1033 4736 1421 4825 postquam
1482 4728 1723 4804 debite
1792 4728 2212 4802 salutaveris
2271 4735 2344 4802 et
2396 4725 2614 4801 divini
2675 4725 2990 4799 numinis
3048 4726 3357 4799 timorem

794 4988 846 5044 1.
888 4987 1038 5044 Dans
1074 5003 1180 5042 une
1209 4987 1449 5060 depeche
1478 4988 1552 5043 du
1584 4988 1652 5043 16
1674 4987 1889 5061 janvier
1917 4986 2074 5053 1493,
2109 4986 2540 5043 l'ambassadeur
2568 4984 2748 5043 Valori
2778 4984 3022 5041 mandait
3048 4988 3081 5041 a
3107 5000 3204 5040 son
3231 4996 3354 5054 gou-

722 5081 1039 5133 vernement
1064 5076 1114 5132 ie
1144 5081 1327 5131 retour
1354 5080 1389 5133 a
1414 5075 1586 5133 Rome
1616 5078 1683 5132 de
1721 5096 1781 5134 ce
1811 5082 1984 5133 meme
2015 5076 2259 5149 Georges
2301 5075 2546 5132 Buzardo
2583 5073 2678 5147 qui
2707 5072 2840 5130 etait.
2866 5072 2969 5130 alle
3005 5078 3038 5131 a
3067 5066 3354 5129 Constanti-

720 5166 903 5239 nople,
936 5182 1035 5239 par
1061 5165 1219 5221 ordre
1249 5164 1322 5221 du
1352 5165 1521 5239 Pape,
1547 5182 1687 5239 pour
1714 5167 1940 5223 touehcr
1979 5166 2056 5223 les
2087 5166 2285 5233 40,000
2313 5164 2506 5220 ducats
2535 5164 2602 5219 de
2640 5162 2692 5219 la
2727 5160 2956 5235 pension
2989 5161 3056 5217 de
3091 5158 3258 5217 Zizim.
3289 5154 3352 5209 Le

724 5254 901 5312 sultan
932 5254 1077 5312 avait
1106 5253 1306 5312 refuse.
1340 5286 1408 5295 —
1436 5254 1576 5329 Voy.
1610 5256 1850 5328 depeche
1879 5257 1953 5312 du
1983 5258 2052 5312 16
2075 5253 2284 5327 jtmvier
2309 5253 2469 5325 92s3.
2503 5250 2839 5325 Appendice,
2871 5265 2936 5305 no
2961 5250 3014 5308 8.
