3625 6059
689 540 765 595 62
1598 527 1626 583 J
1635 524 1879 583 OHANN
1886 522 1951 579 IS
2000 517 2444 586 BURCHARDI,
3012 512 3185 576 [Avi-it
3216 512 3358 573 usal

689 688 868 787 legit
915 685 1136 761 latine
1189 689 1262 757 et
1305 687 1552 755 Rmus.
1604 681 1690 752 D.
1743 674 2127 751 cardinalis
2176 673 2267 750 de
2315 673 2668 750 Columna
2714 670 2787 744 in
2836 668 3109 766 vulgari
3154 692 3175 739 z
3218 690 3363 764 qua

692 811 898 887 finita
933 815 1006 885 et
1035 805 1354 882 candelis
1383 800 1754 901 projectis,
1791 804 2009 897 Papa,
2046 798 2374 896 deposita
2412 795 2629 870 mitra
2656 801 2733 871 et
2766 800 3068 890 accepto
3100 814 3359 890 regno,

698 934 894 1011 dedit
942 930 1523 1007 benedictionem
1586 931 1658 1002 et
1717 925 2079 1023 plenarias
2136 920 2623 1020 indulgentias
2680 943 2859 1018 quas
2912 919 3157 995 RRmi.
3207 920 3359 993 DD.

698 1059 1100 1136 cardinales
1137 1082 1196 1129 s.
1226 1053 1512 1152 Georgii
1541 1052 1762 1127 latine
1795 1051 1985 1127 etde
2017 1050 2370 1124 Columna
2394 1046 2468 1121 in
2496 1044 2771 1145 vulgari
2800 1044 3367 1144 pronunciarunt

698 1208 902 1260 more
934 1182 1171 1257 solito,

797 1307 1209 1385 Cardinales
1240 1311 1311 1381 et
1349 1302 1604 1402 prelati
1651 1300 1915 1375 deinde
1955 1300 2444 1399 deposuerunt
2485 1303 2909 1396 paramenta
2946 1301 3019 1370 et
3060 1316 3373 1391 accepe-

701 1440 867 1511 runt
915 1454 1210 1530 cappas,
1247 1427 1556 1526 demptis
1595 1425 1991 1524 majoribus
2037 1424 2521 1499 cardinalibus
2565 1422 2686 1520 qui
2729 1421 3113 1496 voluerunt
3157 1442 3373 1517 para·-

704 1566 954 1637 menta
993 1555 1310 1631 retinere
1359 1574 1492 1649 pro
1524 1550 1777 1649 majori
1809 1574 2062 1625 eorum
2106 1550 2665 1639 commoditate;
2712 1554 2785 1625 et
2822 1550 2951 1621 88.
2988 1551 3075 1622 D.
3120 1551 3377 1620 noster

705 1684 900 1760 venit
926 1680 1018 1756 ad
1047 1679 1468 1755 mandatum
1501 1675 1696 1773 quod
1719 1674 1989 1750 sactum
2018 1674 2223 1751 estin
2254 1674 2579 1751 secunda
2604 1673 2773 1749 aula
2800 1694 3145 1747 novarum
3172 1668 3382 1745 habi-

705 1810 1089 1896 tationum,
1121 1826 1209 1879 eo
1240 1801 1494 1877 ordine
1523 1807 1741 1899 prout
1769 1800 1969 1898 prius
1993 1802 2067 1875 in
2098 1800 2313 1877 tertia
2348 1801 2513 1875 aula
2554 1798 2847 1897 antiqua
2874 1797 3035 1873 fieri
3066 1795 3375 1872 solebat.

707 1932 882 2009 Inde
923 1932 1154 2005 banco
1195 1952 1328 2027 pro
1373 1925 1836 2024 pauperibuS,
1872 1926 2270 2018 credentia,
2305 1925 2583 2025 pulpito
2622 1948 2757 2022 pro
2796 1922 3103 1998 diacono
3136 1929 3211 1997 et
3240 1921 3383 1995 alio

707 2080 838 2157 pro
869 2054 1286 2131 cantoribus
1328 2052 1588 2128 eodem
1631 2051 1849 2125 modo
1890 2051 2285 2141 collocatis,
2316 2056 2564 2125 RmuS.
2602 2054 2688 2125 D.
2728 2046 3114 2123 cardinalis
3150 2070 3211 2119 s.
3250 2048 3387 2119 Se-

705 2182 932 2257 verini
971 2179 1146 2255 dixit
1185 2178 1635 2277 evangelium
1689 2184 1763 2252 et
1805 2186 1972 2276 post
2010 2202 2178 2254 eum
2223 2176 2609 2252 incantavit
2653 2180 2848 2273 Papa
2889 2196 3095 2249 more
3136 2172 3383 2247 solito.

707 2307 1195 2383 Interfuerunt
1225 2328 1353 2379 sex
1383 2303 1500 2377 alii
1528 2303 1961 2396 cardinales,
1994 2304 2333 2379 videlicet
2362 2329 2421 2377 s.
2459 2303 2879 2390 ClementiS,
2912 2326 2971 2374 s,
2996 2298 3385 2375 Anastasie

709 2439 785 2509 et
813 2431 1083 2506 Montis
1126 2429 1414 2528 Regalis
1457 2429 1534 2503 in
1574 2452 1829 2503 eorum
1856 2429 2144 2527 [cappiS,
2180 2438 2255 2505 et
2294 2428 2640 2505 Senensis
2670 2453 2731 2501 s.
2764 2426 3052 2524 Georgii
3084 2432 3159 2501 et
3193 2424 3393 2499 vice-

710 2556 1188 2632 cancellarius
1238 2556 1313 2628 in
1368 2554 1779 2630 dalmatica.
1827 2558 1999 2630 Post
2040 2554 2457 2643 lectionem,
2514 2558 2602 2629 D.
2657 2552 2985 2627 Andreas
3019 2551 3387 2650 capellus,

711 2686 959 2755 orator
1008 2682 1488 2768 Venetorum,
1547 2678 1746 2752 dedit
1792 2702 2057 2775 aquam
2085 2679 2417 2754 manibus
2456 2684 2676 2779 Pape‚
2718 2676 3083 2754 cardinale
3126 2702 3187 2751 s.
3224 2676 3393 2751 Cle—

713 2805 984 2881 mentis
1015 2805 1420 2903 adjuvante.
1459 2803 1738 2879 Deinde
1766 2807 1964 2902 Papa
1986 2803 2162 2879 dixit
2190 2804 2415 2878 Pater
2441 2816 2675 2879 noster
2703 2810 2981 2879 secrete
3014 2811 3088 2878 et
3115 2802 3235 2875 Ne
3262 2826 3393 2876 nos

712 2930 1008 3005 inducas
1052 2930 1128 3003 in
1173 2929 1628 3003 tentationem
1667 2938 1740 3005 et
1779 2954 1948 3003 cum
1986 2929 2145 3005 aliis
2178 2930 2549 3007 versiculis
2588 2931 2729 3005 alta
2767 2952 2943 3005 voce
2988 2925 3389 3015 communi,

711 3078 920 3131 more
969 3054 1209 3129 solito.
1264 3056 1446 3127 Tum
1505 3056 1943 3153 pauperibus
2004 3064 2077 3131 et
2136 3056 2295 3131 aliis
2346 3056 2713 3133 benedixit
2768 3062 2841 3133 et
2892 3055 2967 3129 in
3020 3076 3393 3127 cameram

711 3182 948 3259 rediit.
993 3184 1080 3253 D.
1121 3178 1554 3253 philibertus
1575 3182 2011 3271 NaturelluS,
2044 3188 2288 3256 orator
2318 3182 2782 3256 illustrissimi
2814 3179 3125 3277 Philippi
3154 3179 3399 3255 archi-

717 3306 922 3381 ducis
961 3303 1248 3379 Austrie
1294 3310 1367 3378 et
1406 3305 1821 3403 Burgundie
1853 3307 2083 3395 duciS,
2125 3307 2367 3405 posuit
2408 3331 2488 3381 se
2534 3306 3047 3405 supradictum
3095 3313 3397 3383 Petrum

724 3430 1030 3520 Queich,
1078 3439 1440 3503 oratorem
1485 3430 1770 3504 comitis
1802 3432 2136 3524 Palatini,
2176 3434 2373 3531 quod
2402 3432 2521 3509 ille
2555 3437 2641 3508 D.
2677 3437 2933 3508 Petrus
2966 3440 3401 3532 supportare

725 3554 958 3630 noluit
991 3577 1127 3629 nec
1157 3576 1376 3649 super
1415 3576 1578 3627 eum
1617 3554 1920 3630 verbum
1950 3556 2221 3633 habere
2252 3557 2475 3633 voluit
2509 3584 2525 3633 ε
2559 3560 2863 3635 recessit
2890 3561 2981 3634 de
3012 3558 3318 3658 capella.

821 3677 1098 3753 Eodem
1147 3677 1292 3767 die,
1338 3678 1463 3750 88.
1508 3681 1594 3751 D.
1644 3686 1897 3757 noster
1943 3683 2137 3756 circa
2186 3683 2447 3759 horam
2488 3648 2619 3758 'xm
2664 3684 2861 3760 venit
2906 3685 2999 3760 ad
3039 3684 3399 3783 capellam

725 3805 1216 3906 supradictam
1263 3803 1383 3877 ubi
1437 3806 1810 3879 matutinis
1854 3806 2177 3880 interfuit
2223 3806 2297 3880 in
2346 3830 2578 3906 cappa
2619 3832 2636 3882 :
2682 3807 3003 3883 fimbrias
3051 3807 3299 3883 eundo
3328 3815 3403 3883 et

727 3931 1100 4009 redeundo
1149 3928 1454 4029 portavit
1503 3929 2093 4031 archiepiscopus
2149 3934 2591 4013 Arelatensis
2630 3938 3007 4013 assistens.
3043 3938 3405 4013 interfue-

721 4064 884 4132 runt
910 4062 1194 4155 septem
1225 4055 1631 4154 presbyteri
1663 4063 1734 4130 et
1765 4064 2075 4154 quatuor
2104 4058 2387 4135 diaconi
2414 4063 2843 4138 cardinales,
2870 4062 3129 4138 Omnia
3154 4064 3405 4139 obser-

721 4189 882 4257 vata
907 4189 1078 4255 sunt
1109 4204 1312 4255 more
1345 4178 1583 4255 solito.

819 4305 1030 4382 Feria
1067 4312 1267 4380 sexta
1300 4329 1716 4403 parasceve,
1754 4314 1796 4383 5
1824 4308 2094 4407 aprilis,
2130 4314 2256 4387 SS.
2294 4318 2381 4388 D.
2418 4321 2669 4390 noster
2704 4314 2901 4389 venit
2922 4314 3014 4389 ad
3042 4312 3399 4412 capellam

719 4432 1078 4532 majorem
1121 4438 1418 4530 paratus
1461 4433 1753 4524 amictu,
1786 4434 1976 4525 alba,
2013 4436 2327 4535 cingulo,
2366 4441 2550 4515 stola
2586 4440 2908 4517 violacea
2946 4448 3019 4516 et
3048 4464 3285 4540 cappa
3309 4439 3404 4514 de

719 4559 1029 4637 scat-lato
1072 4564 1147 4633 et
1185 4564 1422 4657 mytra
1457 4558 1881 4658 simpliciori
1923 4585 1937 4633 :
1975 4561 2203 4637 oravit
2229 4562 2303 4637 in
2332 4564 2736 4641 faldistorio
2767 4576 2841 4642 et
2880 4566 2973 4641 ad
3000 4566 3160 4666 ejus
3188 4564 3403 4641 sinis-

721 4692 909 4759 tram
945 4708 1164 4782 supra
1205 4684 1599 4759 scabellum
1640 4690 1889 4760 RmuS.
1934 4689 2018 4761 D.
2056 4688 2439 4765 cardinalis
2482 4692 3023 4791 NeapolitanuS,
3070 4691 3399 4767 officium

720 4815 1171 4907 peracturus,
1209 4834 1414 4886 more
1445 4807 1686 4888 solito.
1726 4815 2150 4888 Passionem
2192 4814 2530 4891 dixerunt
2559 4817 2882 4915 Raphael
2910 4816 3403 4893 subdiaconus

723 4931 1000 5029 capelle
1029 4931 1160 5006 sub
1191 4957 1365 5009 voce
1401 4936 1869 5035 evangeliste,
1903 4944 1988 5014 D.
2020 4942 2333 5015 Thomas
2366 4940 2715 5018 diaconus
2744 4941 3020 5042 capelle
3050 4940 3189 5017 sub
3216 4964 3399 5017 voce

725 5057 992 5133 Christi
1039 5064 1111 5133 et
1157 5081 1342 5133 unns
1385 5071 1768 5140 cantorum
1818 5068 1953 5141 sub
2004 5090 2181 5141 voc-e
2228 5066 2460 5165 judei,
2516 5089 2771 5143 omnes
2819 5066 2896 5141 in
2949 5063 3401 5166 paramentis

727 5184 980 5282 nigris
1029 5186 1114 5257 D.
1163 5182 1504 5276 ThomaS,
1547 5184 1754 5263 dictis
1802 5191 2039 5269 verbis
2085 5215 2102 5266 :
2156 5190 2494 5266 Reddidit
2530 5194 2883 5291 spiritum,
2927 5191 3119 5269 sacta
3165 5214 3403 5291 genu-
