3625 6059
639 536 712 591 ao
1551 525 1580 582 J
1587 522 1833 582 GHANN
1840 522 1903 580 IS
1954 521 2397 593 BURCHARm,
2966 528 3135 591 [An-u
3159 531 3319 591 1493]

636 686 917 787 piscopi
987 680 1438 759 coloniensis
1508 684 1776 766 orator,
1860 679 1980 776 qui
2059 684 2363 753 conatus
2438 686 2551 753 est
2622 681 3067 755 contendere
3136 706 3315 757 cum

639 817 726 886 D.
762 810 1078 886 Antonio
1110 808 1198 882 de
1231 803 1903 905 Clapsis'preposito
1924 804 2485 893 wormaciensi,
2523 809 2607 877 R.
2646 809 2731 879 D.
2768 806 3313 905 archiepiscopi

641 934 1046 1033 Moguntini
1079 938 1391 1019 oratore,
1437 952 1656 1027 super
1694 926 2185 1026 procedentia,
2221 928 2393 1002 licet
2424 951 2467 1002 a
2491 934 2808 1025 quatuor
2834 930 3208 1004 mensibus
3236 936 3322 1005 et

645 1062 832 1137 ultra
876 1057 1226 1135 Dominus
1276 1055 1642 1129 Johannes
1683 1054 1979 1152 CoppiS,
2012 1064 2143 1151 pro
2176 1054 2335 1152 ejus
2386 1042 2471 1127 D.
2528 1055 2979 1129 Coloniensis
3004 1062 3321 1134 :oratore

643 1212 720 1259 se
751 1208 1012 1283 gerens
1044 1183 1403 1281 prefatum
1437 1184 1523 1254 D.
1567 1178 1965 1253 Antonium
1997 1202 2075 1254 se
2106 1179 2501 1276 precedere
2530 1179 2831 1277 pacifice
2864 1180 3311 1278 permiserit,

643 1319 715 1388 et
743 1311 834 1385 de
865 1308 1082 1383 simili
1109 1306 1578 1382 contentione
1623 1326 1790 1379 meo
1831 1313 2161 1402 tempore
2201 1304 2477 1379 nullum
2516 1328 2836 1401 unquam
2878 1306 3172 1380 verbum
3214 1306 3315 1378 sit

637 1435 988 1527 habitum,
1031 1432 1170 1507 nisi
1215 1432 1304 1505 ab
1349 1430 1705 1528 aliquibus
1749 1428 1957 1503 annis
1997 1430 2260 1528 elapsis
2304 1431 2507 1521 citra,
2552 1452 2718 1505 cum
2756 1430 2831 1504 in
2871 1430 3063 1504 Urbe
3108 1438 3312 1505 esset

642 1564 727 1635 D.
779 1559 1201 1635 Guillelmus
1249 1556 1340 1631 de
1395 1558 1612 1631 Bibra
1659 1555 1867 1630 miles
1916 1564 1989 1630 et
2034 1564 2319 1647 orator,
2376 1556 2497 1653 qui
2552 1555 2771 1654 hujus
2822 1557 3315 1631 contentionis

641 1687 844 1784 origo
880 1685 1016 1759 fuit
1055 1690 1128 1759 et
1165 1684 1522 1772 inventor,
1568 1706 1904 1757 asserens
1946 1706 2036 1756 ex
2077 1681 2435 1779 imperiali
2482 1680 2677 1757 bulla
2716 1704 2938 1757 aurea
2977 1681 3319 1756 Carolina

645 1809 1155 1885 Coloniensem
1198 1807 1717 1884 cancellarium
1758 1819 1921 1883 esse
1966 1807 2247 1905 imperii
2291 1830 2423 1905 per
2465 1807 2769 1897 ltaliam,
2806 1813 2879 1882 et
2922 1813 3317 1905 propterea

645 1934 1040 2034 precedere
1091 1934 1362 2009 debere
1413 1933 1488 2007 in
1538 1934 1738 2008 ltalia
1789 1935 2322 2033 Moguntinum,
2378 1933 2499 2030 qui
2550 1932 3021 2007 cancellarius
3074 1939 3180 2007 est
3228 1934 3319 2007 in

649 2060 1078 2151 Germania3
1141 2084 1288 2135 non
1346 2058 1730 2135 attendens
1787 2060 2291 2157 Mogontinum
2350 2058 2705 2133 decanum
2761 2080 2923 2133 esse
2980 2058 3313 2133 omnium

652 2185 1079 2275 electorum,
1113 2193 1478 2285 proptera,
1515 2187 1638 2261 ubi
1667 2187 1866 2275 licet,
1901 2184 2299 2283 precedere
2330 2184 2625 2262 debere.

748 2311 876 2384 Fui
919 2334 1140 2409 super
1184 2311 1710 2386 consuetudine
1754 2334 1887 2408 per
1924 2310 2175 2385 ambas
2217 2318 2462 2407 partes
2502 2310 3009 2408 interrogatae,
3054 2312 3325 2405 quibus

651 2434 990 2534 respondi
1035 2436 1225 2512 hanc
1271 2436 1822 2512 contentionem
1860 2457 2121 2510 novam
2162 2458 2351 2527 esse,
2400 2442 2475 2509 et
2502 2436 2909 2534 predictum
2946 2435 3319 2533 quondam

652 2565 740 2634 D.
777 2561 1240 2637 Guillelmum
1281 2562 1370 2636 de
1411 2562 1626 2637 Bibra
1658 2561 2145 2657 excogitasse3
2184 2584 2326 2657 quo
2366 2561 2763 2651 intellecto,
2799 2562 2989 2635 inter
3018 2584 3095 2635 se
3136 2583 3321 2635 con—

651 2686 1070 2778 cordarunt,
1131 2687 1325 2783 quod
1382 2686 1565 2761 alter
1631 2698 1885 2761 eorum
1944 2685 2316 2760 alternatis
2372 2686 2647 2762 vicibus
2702 2687 3004 2779 veniret,
3062 2686 3319 2783 sicque

647 2809 867 2919 hodie
895 2812 1252 2887 Antonius
1289 2819 1778 2910 permaneret,
1824 2819 1894 2884 et
1939 2810 2123 2885 alter
2158 2824 2289 2909 pro
2323 2810 2437 2886 die
2468 2811 2793 2909 predicta
2820 2813 3131 2901 veniret3
3166 2835 3321 2908 quo

649 2936 900 3013 ordine
953 2937 1150 3030 dato,
1203 2939 1439 3015 dictus
1491 2942 1576 3013 D.
1629 2938 1988 3011 Antonius
2038 2938 2228 3011 venit
2275 2937 2495 3011 hodie
2544 2937 2634 3012 ad
2684 2937 3037 3035 capellam
3084 2938 3318 3013 altero

647 3070 848 3136 extra
878 3072 1247 3141 manente.
2660 3084 2663 3089 ·
3034 3080 3041 3087 ’
3182 3082 3189 3087 ’

695 3200 704 3209 “
743 3189 952 3263 Feria
977 3197 1234 3285 quarta
1253 3188 1714 3264 hebdomade
1737 3196 2011 3279 sancte,
2044 3194 2083 3264 3
2108 3188 2381 3264 mensis
2406 3188 2677 3285 aprilis,
2706 3190 2831 3263 SS.
2866 3192 2951 3261 D.
2980 3192 3063 3263 N.
3092 3188 3319 3263 amic-

644 3318 758 3384 tus
791 3309 978 3400 alba,
1013 3312 1328 3408 cingulo,
1365 3313 1550 3388 stola
1593 3315 1907 3389 violacea
1937 3320 2009 3390 et
2038 3337 2269 3413 cappa
2302 3314 2391 3388 de
2434 3314 2745 3391 scarlato
2774 3316 2931 3390 sine
2960 3316 3200 3408 mitra,
3238 3324 3315 3389 et

643 3434 806 3507 sine·
845 3458 1088 3523 cruce,
1138 3436 1606 3533 sequentibus
1652 3437 1890 3534 ipsum
1938 3437 2451 3531 cardinalibuS,
2501 3445 2573 3515 et
2613 3440 2771 3515 aliis
2814 3464 3018 3515 more
3064 3440 3309 3528 solito,

638 3558 836 3633 venit
867 3558 960 3633 ad
995 3560 1346 3657 capellam
1389 3564 1770 3660 majorem,
1811 3562 1959 3653 ubi,
2010 3564 2198 3641 facta
2238 3566 2565 3641 oratione
2610 3565 2685 3639 in
2716 3566 3142 3658 faldistorio,
3192 3590 3315 3641 as-

643 3684 888 3757 cendit
913 3684 1198 3759 solium.
1232 3686 1624 3762 Cardinalis
1651 3690 1995 3763 Senensis
2022 3696 2094 3765 et
2122 3691 2561 3765 camerarius
2584 3716 2671 3765 ex
2694 3716 2773 3767 se
2794 3716 2939 3767 non
2959 3700 3315 3768 venerunt

643 3808 736 3883 ad
765 3810 1158 3907 aptandum
1199 3812 1637 3889 anteriorem
1674 3822 1954 3914 partem
1986 3816 2437 3893 fimbriarum
2468 3842 2693 3918 cappe
2727 3823 2919 3916 Pape
2961 3819 3035 3892 in
3064 3816 3313 3893 faldis-

639 3934 852 4023 torio,
899 3958 1136 4032 neque
1179 3961 1268 4013 ex
1317 3961 1394 4015 se
1441 3943 1710 4037 Papam
1739 3942 1833 4016 ad
1877 3944 2137 4019 solium
2168 3947 2531 4023 associare
2560 3950 2969 4023 voluerunt.
3014 3952 3091 4022 In
3130 3970 3304 4044 quo,

636 4061 806 4136 licet
835 4062 1016 4139 forte
1047 4088 1194 4139 non
1236 4066 1659 4158 erraverint,
1705 4068 1876 4165 quia
1918 4044 2160 4146 tamen
2206 4074 2701 4171 superioribus
2744 4074 3192 4172 temporibus
3234 4074 3307 4147 id

638 4185 875 4261 facere
905 4188 1288 4263 voluerunt
1318 4196 1388 4265 et
1419 4191 1773 4283 fecerunt,
1810 4192 1902 4268 de
1930 4193 2073 4270 hoc
2104 4218 2147 4268 a
2176 4220 2293 4270 me
2325 4198 2773 4289 commoniti,
2800 4199 3063 4273 iterum
3084 4199 3307 4273 modo

635 4310 710 4383 id
741 4318 1072 4407 egerunt.
1109 4317 1304 4412 Papa
1331 4320 1575 4390 autem
1605 4318 1680 4390 in
1713 4318 1895 4393 solio
1924 4321 2303 4413 existente,
2336 4325 2554 4398 etiam
2576 4333 2967 4422 antequam
2987 4325 3301 4417 sederet,

635 4444 1121 4527 recesserunt,
1167 4444 1410 4536 aptata
1449 4446 1692 4515 tamen
1731 4444 1928 4540 prius
1976 4446 2110 4519 sibi
2156 4471 2199 4521 a
2237 4454 2430 4524 retro
2472 4449 2995 4545 aliquantulum
3044 4464 3298 4546 cappa.

634 4565 826 4659 Papa
853 4568 1111 4637 autem
1156 4563 1232 4637 in
1275 4563 1419 4639 fine
1457 4566 1853 4664 antiphone
1894 4578 2060 4667 post
2097 4572 2519 4649 Benedictus
2569 4574 2877 4672 repetite
2918 4575 3009 4649 ad
3056 4574 3305 4649 faldis-

634 4685 900 4759 torium
931 4694 1175 4778 eunte,
1212 4694 1286 4764 et
1314 4689 1508 4781 inde,
1547 4691 1740 4767 dicta
1778 4696 2135 4787 oratione,
2192 4700 2606 4788 recedente,
2650 4722 2735 4772 ac
2777 4699 3069 4773 interim
3108 4700 3305 4796 quod

633 4809 900 4884 ibidem
925 4814 1482 4907 ,genuflecteret‚
1519 4822 1732 4914 atque
1764 4841 1995 4916 usque
2026 4821 2101 4895 in
2141 4845 2507 4897 cameram
2548 4826 2766 4919 Pape,
2810 4824 3010 4897 nullo
3042 4846 3301 4899 eorum

628 4933 1100 5009 cardinalium
1149 4939 1640 5015 assistentium
1689 4967 1769 5019 se
1811 4947 2386 5042 approximante,
2441 4947 2765 5022 fimbrias
2816 4970 3045 5045 cappe
3099 4952 3295 5045 Pape

628 5060 1228 5138 simul-collectas
1286 5068 1592 5162 portavit
1646 5069 2243 5168 archiepiscopus
2290 5071 2731 5149 Arelatensis
2786 5074 3160 5163 assistenS,
3218 5083 3300 5147 et

629 5192 876 5262 cetera
903 5190 1150 5265 omnia
1177 5188 1556 5265 observata
1585 5203 1748 5267 sunt
1778 5218 1985 5269 more
2016 5193 2257 5271 solito.
2337 5206 2343 5213 “
