3625 6059
360 567 533 631 [Mars
568 569 712 628 1494]
1060 566 1317 623 RERUM
1368 565 1824 623 URBANARUM
1864 565 2390 624 COMMENTARII.
2991 573 3063 630 99

362 721 771 818 politanum
802 717 1115 794 adventu
1141 718 1581 794 marchionis
1612 719 1850 794 Giraci
1881 744 2048 794 cum
2074 719 2302 794 tribus
2334 720 2550 794 sociis
2583 720 3048 819 supradictis„

366 851 457 921 R.
508 845 919 922 Dominatio
965 868 1095 920 sua
1132 845 1314 918 mihi
1357 844 1537 917 dixit
1578 845 1820 941 ipsum
1867 869 2028 921 esse
2073 854 2418 942 nepotem
2460 846 2653 944 regis
2693 848 3047 946 Alphonsi

362 996 457 1046 ex
487 973 728 1062 fratre,
763 969 1099 1045 videlicet
1134 969 1499 1063 bastardo,
1548 985 1794 1046 tamen
1835 972 2165 1070 ejusdem
2204 970 2398 1068 regis
2439 979 2694 1047 natum
2737 974 2826 1047 de
2867 974 3048 1070 legi-

368 1097 547 1171 timo
590 1097 1079 1184 matrimoniO,
1130 1104 1518 1193 propterea
1565 1099 1623 1171 si
1669 1099 1924 1172 liceret
1972 1097 2287 1194 aliquem
2326 1096 2438 1170 vel
2477 1097 2756 1194 aliquos
2812 1097 3051 1171 cardi-

360 1221 571 1294 nales
602 1221 887 1295 obviam
918 1219 1053 1294 sibi
1083 1221 1401 1314 mittere,
1436 1231 1560 1295 aut
1590 1247 1722 1320 per
1750 1247 1830 1298 se
1863 1224 2128 1320 ipsum,
2174 1247 2262 1298 ac
2289 1224 2347 1296 si
2383 1223 2558 1298 alias
2590 1223 2681 1296 ad
2713 1223 3050 1296 solatium

362 1347 747 1442 equitaret,
786 1369 953 1419 eum
985 1346 1485 1420 marchionem
1515 1348 1591 1420 in
1630 1348 1905 1445 campis
1937 1349 2276 1422 salutare.
2315 1347 2679 1445 Respondi
2713 1371 3050 1422 reveren-

362 1471 663 1545 dissime
706 1469 1183 1545 dominationi
1226 1495 1355 1546 sne
1401 1473 1474 1545 in
1519 1474 2127 1549 ceremonialibus
2177 1496 2518 1571 expresse
2579 1473 2810 1546 caveri
2858 1475 3052 1570 quod

364 1596 689 1692 regibus,
756 1596 1027 1693 reginis
1076 1604 1149 1668 et
1208 1619 1465 1669 eorum
1518 1597 1685 1670 filiis
1741 1605 1811 1671 et
1876 1597 2162 1672 filiabus
2205 1620 2288 1669 ac
2335 1596 2672 1670 fratribus
2732 1601 2802 1670 et
2852 1620 3051 1673 soro-

366 1722 567 1794 ribus
600 1720 1029 1796 eorumdem
1060 1725 1367 1828 tantum,
1408 1730 1482 1794 et
1512 1746 1657 1795 non
1690 1723 1850 1796 aliis
1881 1723 2502 1820 qualitercumque
2534 1723 2708 1820 ipsis
2741 1723 3050 1797 attinen-

368 1845 561 1920 tibus
590 1869 724 1944 per
753 1844 1159 1920 cardinales
1191 1845 1475 1920 obviam
1507 1847 1621 1939 iri,
1658 1854 2047 1945 propterea
2079 1848 2280 1938 huic,
2320 1854 2663 1944 tanquam
2701 1847 2945 1943 nepoti
2977 1855 3046 1922 et

367 1996 457 2046 ex
494 1972 633 2046 alia
668 1971 891 2062 linea,
940 1971 1225 2045 obviam
1266 1972 1670 2046 cardinales
1713 1972 1820 2046 ire
1863 1995 2012 2046 non
2052 1973 2320 2046 debere
2365 1997 2600 2070 neque
2645 1974 2778 2049 sibi
2823 1975 3044 2049 licere

366 2096 563 2193 quod
612 2096 823 2172 vadat
876 2105 1043 2170 ante
1097 2119 1353 2170 omnes
1408 2096 1883 2171 cardinalium
1937 2105 2150 2195 caput
2207 2103 2280 2171 et
2336 2097 2680 2172 decanus.
2737 2103 2825 2173 Et
2877 2123 3044 2172 cum

362 2220 561 2295 idem
610 2246 657 2294 a
694 2205 814 2296 ine
862 2226 1147 2319 peteret
1190 2244 1507 2317 quonam
1551 2221 1829 2295 honore
1875 2221 2098 2320 recipi
2141 2231 2414 2317 posset,
2463 2227 2708 2320 preter
2750 2245 3044 2297 omnem

362 2347 897 2442 receptionem,
944 2346 1091 2420 dixi
1138 2345 1335 2442 quod
1381 2350 1578 2444 Papa
1604 2352 1852 2443 posset
1897 2346 2080 2420 duos
2120 2347 2438 2444 prelatos
2480 2347 2723 2444 palatii
2765 2348 2876 2420 sui
2913 2373 3045 2446 per

360 2472 559 2546 diem
604 2481 772 2546 ante
818 2494 1073 2546 eorum
1117 2472 1502 2546 adventum
1548 2471 1615 2544 ei
1660 2470 1944 2545 obviam
1987 2472 2306 2563 mittere,
2361 2473 2482 2568 qui
2526 2494 2696 2545 eum
2744 2473 3040 2547 nomine

362 2596 730 2693 pontificis
770 2598 1155 2695 reciperet,
1204 2596 1465 2671 deinde
1507 2595 1847 2672 eumdem
1889 2598 1964 2670 in
2005 2597 2122 2672 die
2160 2598 2510 2672 adventus
2551 2621 2687 2695 per
2727 2598 3036 2676 familias

365 2726 559 2820 Pape
596 2731 669 2796 et
700 2723 1173 2798 cardinalium
1213 2721 1541 2819 recipere
1574 2745 1779 2796 more
1810 2722 2052 2796 solito.
2106 2723 2606 2814 Postmodum,
2657 2722 3032 2820 pontifice,

356 2848 449 2924 ad
497 2848 919 2922 instantiam
968 2845 1300 2945 ejusdem
1347 2847 1759 2936 cardinalis,
1808 2871 1928 2920 me
1964 2847 2056 2922 de
2097 2847 2468 2944 premissis
2509 2846 3031 2946 interrogante,

353 2972 527 3048 dedi
580 2973 892 3046 similem
940 2972 1527 3047 informationem
1574 2977 1765 3070 Pape
1814 2973 2008 3069 quod
2056 2973 2457 3047 cardinales
2506 2971 2836 3046 mittendi
2889 2996 3034 3047 non

352 3105 635 3189 essent,
688 3096 819 3172 sed
864 3098 1007 3172 duo
1053 3098 1337 3194 prelati,
1383 3105 1461 3172 ut
1511 3121 1728 3194 supra
1781 3097 1951 3188 dixi,
2015 3097 2199 3169 mitti
2239 3102 2563 3195 possent.
2615 3096 3032 3171 Successive

350 3222 555 3296 idem
598 3221 979 3298 cardinalis
1028 3248 1074 3297 a
1118 3247 1237 3298 me
1287 3223 1493 3321 petiit
1542 3223 1764 3296 etiam
1814 3245 1905 3296 an
1947 3230 2192 3320 posset
2241 3223 2757 3296 convenienter
2795 3222 3034 3296 eidem

350 3348 763 3422 marchioni
790 3349 997 3424 locus
1027 3349 1101 3422 in
1133 3349 1369 3422 banco
1409 3347 1882 3422 cardinalium
1920 3354 2083 3444 post
2120 3371 2376 3422 omnes
2407 3348 2808 3424 cardinales
2841 3347 3029 3435 dari;

352 3481 432 3548 et
462 3474 808 3571 respondi
836 3474 1029 3572 quod
1060 3498 1235 3563 non,
1279 3474 1409 3549 sed
1445 3474 1687 3547 locum
1726 3473 1800 3546 in
1835 3472 2192 3570 superiori
2223 3473 2450 3572 gradu
2481 3473 2641 3547 solii
2676 3478 2864 3570 Pape
2898 3473 3032 3548 sibi

346 3599 861 3696 dignissimum
894 3623 1057 3676 esse
1092 3625 1107 3674 :
1145 3600 1367 3674 alium
1398 3623 1529 3698 pro
1562 3623 1649 3673 eo
1681 3601 1832 3697 peti
1865 3623 2011 3672 non
2039 3622 2284 3696 posse,
2326 3622 2566 3695 neque
2599 3598 2876 3673 deberi.

456 3727 667 3800 Faria
693 3733 951 3823 quarta
979 3725 1277 3823 maJoris
1309 3724 1796 3815 hebdomade,
1840 3730 1932 3798 26
1965 3724 2136 3798 dicti
2169 3725 2440 3800 mensis
2471 3725 2737 3815 martii,
2775 3729 3026 3798 Rmus.

348 3855 440 3924 D.
476 3849 863 3926 cardinalis
894 3850 1451 3941 AlexandrinuS,
1487 3852 1575 3926 de
1605 3849 1948 3924 mandato
1987 3851 2114 3924 SS.
2165 3853 2252 3922 D.
2299 3854 2384 3924 N.
2422 3873 2606 3947 pape
2651 3849 2798 3922 vive
2843 3850 3031 3922 vocis

348 3975 675 4066 oracnln,
724 3981 805 4068 ut
852 3976 1189 4067 asseruit,
1246 3975 1381 4052 sibi
1430 3978 1646 4068 lactc,
1697 3975 2048 4051 ordinavit
2101 3979 2390 4048 Rmum.
2449 3978 2533 4048 D.
2589 3973 3028 4048 cardinalem

350 4103 821 4180 Valentinum
874 4109 947 4177 et
999 4108 1082 4176 R.
1136 4107 1221 4176 D.
1277 4102 1685 4180 Johannem
1736 4101 2002 4198 Borgia
2052 4101 2632 4197 protonotarium
2687 4104 3028 4194 nepotem

346 4251 593 4318 suum,
628 4234 997 4302 caractere
1023 4228 1337 4303 clericali
1375 4236 1652 4304 tantum
1679 4226 2089 4323 insignitoS,
2137 4225 2229 4298 ad
2268 4233 2578 4322 quatuor
2607 4222 2930 4297 minores
2957 4228 3028 4296 et

338 4351 909 4426 subdiaconatus
935 4374 1181 4426 sacros
1208 4352 1500 4428 ordines
1528 4353 1718 4428 infra
1746 4351 2136 4424 missarum
2167 4372 2296 4446 per
2319 4350 2557 4447 ipsum
2592 4354 2678 4423 D.
2713 4349 3022 4422 Alexan-

342 4475 639 4550 drinum
696 4475 1235 4550 celebraturum
1292 4477 1668 4567 solemnia,
1722 4476 1932 4572 juxta
1984 4475 2297 4550 formam
2355 4481 2430 4549 et
2487 4474 2709 4548 ritum
2767 4481 3017 4548 sancte

342 4625 646 4678 romane
679 4602 1003 4678 Ecclesie
1036 4602 1291 4677 ordine
1323 4600 1783 4697 infrascripto
1822 4625 1836 4673 :

436 4729 691 4805 Altare
733 4736 1070 4827 paratum
1112 4727 1247 4802 fuit
1288 4726 1632 4800 ferialiter
1671 4749 1842 4802 cum
1889 4749 2016 4798 sex
2055 4723 2508 4799 candelabris
2552 4728 2625 4796 et
2661 4723 2739 4795 in
2779 4722 3022 4797 medio

338 4859 575 4956 posito
640 4855 893 4930 omnia
942 4862 1193 4953 parata
1244 4850 1685 4951 pontificalia
1733 4849 2026 4926 violatia
2077 4871 2210 4947 pro
2265 4847 2748 4938 celebraturo,
2816 4856 2890 4921 et
2945 4848 3018 4920 in

336 5009 562 5061 cornu
592 4983 955 5080 evangelii
980 4982 1311 5072 amictus,
1340 4980 1504 5055 alba
1533 4985 1605 5052 et
1637 4978 2012 5075 cingulum
2035 4997 2167 5075 pro
2194 4972 2558 5048 cardinale
2585 4972 3012 5064 ordinand0,

334 5114 823 5190 faldistorium
874 5111 948 5183 in
995 5110 1159 5183 loco
1216 5130 1347 5181 suo
1401 5129 1533 5204 pro
1588 5103 2034 5194 celebrante,
2093 5108 2167 5176 et
2215 5099 2610 5174 scabellum
2660 5099 2737 5171 in
2791 5122 3015 5171 cornu

332 5238 695 5338 evangelii
744 5259 878 5332 per
926 5243 1438 5312 transversum,
1492 5255 1575 5304 ac
1627 5232 1698 5303 in
1744 5230 1962 5326 plano
2005 5226 2438 5324 presbyterii
2478 5221 2850 5298 credentia
2885 5244 3016 5317 pro
