3625 6059
192 516 345 579 [Mars
368 514 519 575 1494]
883 510 1137 569 RERUM
1182 508 1638 570 URBANARUM
1686 508 2209 569 COMMENTARII.
2810 510 2876 567 91

210 667 586 745 celebravit
618 666 936 742 missam
970 666 1358 765 publicam,
1404 671 1599 765 Papa
1626 671 1991 764 presente.
2043 670 2471 742 Sermonem
2501 666 2673 741 fecit
2703 686 2876 763 pro-

212 802 483 871 curator
510 794 801 869 ordinis
832 793 1300 869 eremitarum
1336 817 1396 867 s.
1443 793 1854 891 Augustini;
1903 800 1974 869 et
2012 793 2153 867 alia
2190 793 2436 868 omnia
2473 798 2637 865 sunt
2671 813 2876 866 more

215 921 421 997 solito
450 920 861 995 observata.

310 1044 507 1121 Feria
554 1046 805 1137 tertia,
853 1051 897 1120 4
944 1045 1112 1121 dicti
1160 1045 1432 1120 mensis
1485 1046 1751 1138 martii,
1787 1049 1872 1120 R.
1918 1046 1992 1119 in
2036 1045 2320 1119 Christo
2368 1050 2445 1119 P.
2493 1050 2578 1119 D.
2627 1051 2882 1121 Petrus

214 1170 491 1261 Paulus,
514 1171 910 1271 episcopus
937 1178 1185 1247 sancte
1208 1172 1519 1270 Agathe,
1550 1170 1936 1246 celebravit
1953 1170 2252 1244 missam
2270 1170 2662 1268 publicam,
2694 1175 2887 1269 Papa

210 1296 495 1395 pluviali
532 1297 763 1373 rubeo
809 1306 885 1373 et
922 1298 1082 1372 aliis
1125 1297 1569 1396 paramentis
1613 1296 1844 1371 solitis
1885 1297 2162 1388 induto,
2199 1297 2272 1368 in
2314 1297 2593 1394 capella
2633 1320 2884 1394 supra-

210 1424 399 1497 dicta
438 1430 815 1520 presente,
847 1447 979 1523 pro
1032 1427 1273 1501 anima
1313 1426 1507 1500 bone
1546 1424 1898 1500 memorie
1947 1422 2382 1500 Ferdinandi
2417 1423 2658 1498 Sicilie
2696 1425 2888 1521 regis

216 1547 701 1647 Neapolitani,
731 1552 909 1626 etin
936 1553 1083 1631 fine
1116 1553 1337 1627 misse
1371 1556 1565 1652 Papa
1590 1552 1921 1644 absolvit,
1959 1558 2031 1627 et
2056 1551 2198 1625 alia
2229 1550 2478 1627 omnia
2509 1550 2890 1623 observata

212 1683 375 1750 sunt
398 1698 610 1749 more
642 1676 882 1751 solite.

302 1799 581 1874 Eadem
617 1801 765 1893 die,
802 1826 969 1876 cum
1017 1804 1347 1879 intraturi
1392 1810 1639 1878 essent
1681 1780 1910 1878 hodie·
1943 1802 2210 1878 Urbem
2263 1810 2592 1877 oratores
2631 1805 2778 1875 RR.
2813 1800 2887 1875 in

208 1926 499 2001 Christo
526 1928 669 2000 ΡΡ.
708 1936 782 2003 et
813 1931 963 2002 DD.
1001 1930 1277 2003 domini
1300 1929 1999 2022 Petrid'Aubusson‚
2029 1930 2258 2004 sancti
2279 1926 2619 2003 Hadriani
2639 1932 2888 2001 sancte

204 2073 515 2125 romane
576 2049 899 2125 Ecclesie
953 2052 1240 2129 diaconi
1294 2052 1706 2145 cardinaliS,
1760 2076 1846 2126 ac
1903 2053 2135 2129 Rhodi
2194 2061 2267 2128 et
2323 2052 2596 2128 ordinis
2659 2040 2912 2127 sancti

192 2174 567 2251 Iohannis
596 2176 1231 2277 Hierosolymitani
1268 2178 1514 2276 magni
1545 2178 1871 2276 magistri
1905 2204 2036 2278 pro
2074 2179 2486 2254 obedientia
2515 2181 2642 2253 SS.
2681 2183 2764 2253 D.
2797 2181 2882 2251 N.

196 2300 633 2398 prestanda,
687 2303 935 2374 Rmus.
989 2306 1075 2375 D.
1132 2300 1519 2377 cardinalis
1580 2304 1933 2379 Ascanius
1981 2304 2638 2393 vicecancellarius,
2688 2303 2892 2377 finita

192 2426 465 2518 missa,
500 2426 969 2523 interrogavit
997 2451 1147 2519 me,
1177 2451 1270 2503 an
1304 2430 1713 2505 oratoribus
1750 2431 2256 2530 suprascriptis
2299 2435 2492 2505 esset
2519 2452 2651 2527 per
2689 2427 2892 2502 fami-

188 2549 339 2622 lias
370 2550 507 2624 SS.
550 2554 637 2625 D.
674 2553 761 2624 N.
801 2574 987 2650 pape
1020 2558 1094 2627 et
1130 2556 1571 2628 RRmorum.
1610 2554 2086 2629 cardinalium
2131 2556 2398 2629 iturum
2445 2554 2727 2630 obviam
2759 2576 2889 2651 pro

196 2695 473 2749 eorum
524 2674 857 2751 introitu.
904 2675 1063 2751 Dixi
1105 2678 1707 2754 reverendissime
1749 2674 2239 2755 Dominati'oni
2279 2705 2437 2772 sue,
2475 2678 2674 2778 quod
2711 2701 2883 2765 non,

190 2799 379 2898 quia
406 2802 717 2876 subditis
755 2808 1004 2878 sancte
1034 2826 1335 2879 romane
1366 2805 1689 2881 Ecclesie
1720 2829 1805 2880 ac
1845 2806 2204 2904 religiosis
2241 2806 2572 2905 personis
2603 2805 2887 2879 obviam

188 2927 647 3024 regulariter
688 2950 836 3002 non
879 2928 1135 3004 iretur.
1172 2930 1564 3028 Replicavit
1606 2938 2032 3029 procurator
2069 2931 2239 3007 dicti
2283 2932 2558 3005 ordinis
2587 2931 2710 3028 qui
2750 2929 2888 3003 ibi-

186 3056 379 3129 dem
428 3078 735 3154 presens
776 3063 955 3148 erat,
1002 3055 1199 3153 quod
1241 3062 1569 3154 tempore
1610 3057 1840 3131 felicis
1890 3057 2410 3131 recordationis
2473 3054 2652 3129 Sixti
2702 3076 2888 3150 pape

188 3182 481 3278 quarti,
516 3187 847 3256 oratores
878 3181 1209 3279 ejusdem
1242 3181 1567 3278 magistri
1597 3188 1670 3255 et
1691 3182 1990 3274 ordiniS,
2027 3181 2344 3279 quodam
2382 3202 2573 3273 sere,
2608 3187 2886 3255 secrete

186 3308 296 3381 ad
320 3307 602 3381 Urbem
628 3306 1025 3397 venissent,
1056 3330 1236 3403 quos
1256 3305 1453 3380 idem
1485 3307 1726 3381 Sixtus
1756 3304 2019 3382 deinde
2045 3306 2186 3380 alia
2214 3306 2329 3382 die
2362 3306 2632 3380 Urbem
2655 3306 2884 3397 exire,

192 3438 277 3506 et
304 3433 418 3506 eis
445 3431 737 3530 publice
772 3454 909 3530 per
944 3456 1147 3507 suam
1180 3437 1251 3505 et
1296 3435 1732 3507 RRmorum.
1770 3431 2246 3509 cardinalium
2288 3431 2597 3507 familias
2626 3432 2882 3530 recipi,

195 3562 281 3627 et
330 3554 427 3629 ad
472 3557 744 3630 Urbem
796 3552 1084 3654 publice
1134 3556 1225 3630 ad
1273 3556 1672 3656 hospitium
1728 3580 1984 3633 eorum
2033 3557 2377 3633 associari
2425 3556 2768 3633 fecisset:
2815 3563 2888 3665 et

196 3680 411 3775 quod
436 3680 773 3759 similiter
798 3690 1127 3780 tempore
1155 3682 1387 3757 felicis
1416 3684 1946 3759 recordationis
1975 3683 2381 3759 Innocentii
2408 3707 2595 3781 pape
2622 3682 2878 3772 octavi,

198 3810 541 3881 oratores
572 3808 907 3906 ejusdem
944 3806 1269 3905 magistri
1308 3813 1381 3881 et
1421 3807 1692 3881 ordinis
1723 3806 2033 3882 fuissent
2061 3808 2138 3881 in
2173 3829 2428 3881 eorum
2459 3806 2756 3879 introitu
2792 3808 2883 3881 ad

201 3931 489 4007 Urbem
540 3954 670 4031 per
716 3934 1023 4009 familias
1088 3937 1279 4031 Pape
1326 3941 1398 4006 et
1454 3932 1930 4007 cardinalium
1981 3932 2285 4031 recepti,
2333 3940 2406 4006 et
2450 3932 2738 4029 publice
2789 3932 2882 4007 ad

202 4078 472 4130 eorum
502 4057 897 4157 hospitium
942 4060 1309 4134 associati.
1349 4059 1717 4157 Respondi
1755 4059 1951 4158 quod
1980 4067 2228 4135 sancte
2268 4058 2623 4135 memorie
2659 4062 2878 4132 Inno-

203 4182 499 4257 centius
542 4208 731 4282 papa
774 4192 1065 4259 octavus
1110 4185 1607 4284 receptionem
1644 4184 2061 4284 hujusmodi
2105 4184 2425 4277 fecisset,
2462 4185 2552 4261 de
2579 4208 2882 4260 consue-

203 4308 463 4384 tudine
516 4315 590 4384 et
637 4310 1095 4385 observantia
1150 4311 1391 4386 debita
1446 4311 1641 4386 circa
1685 4311 2102 4409 hujusmodi
2149 4310 2367 4385 nimis
2416 4310 2876 4401 informatuS,

200 4436 379 4533 quia
403 4458 575 4511 cum
613 4443 870 4534 postea
905 4436 1178 4511 factum
1216 4460 1261 4511 a
1292 4460 1411 4511 me
1456 4435 1956 4529 intellexisset,
1991 4436 2170 4511 mihi
2213 4437 2388 4512 dixit
2431 4460 2600 4512 eum
2637 4437 2878 4512 nesci-

200 4562 421 4653 visse,
469 4568 545 4637 et
612 4561 831 4659 quod,
884 4586 1055 4637 casu
1124 4562 1469 4662 deinceps
1523 4569 1952 4652 occurente,
2007 4564 2316 4663 amplius
2384 4564 2672 4639 mittere
2729 4584 2876 4635 non

200 4686 457 4779 vellet3
496 4688 587 4763 de
618 4712 699 4763 re
731 4712 865 4787 per
902 4690 1183 4765 Sixtum
1214 4695 1401 4783 acta,
1436 4713 1557 4765 me
1587 4689 2034 4790 respondere
2077 4715 2226 4764 non
2267 4690 2480 4795 velle,
2517 4712 2685 4763 cum
2727 4713 2874 4764 non

204 4822 397 4889 esset
422 4822 757 4915 tempore
782 4839 949 4892 meo
976 4822 1211 4915 gesta,
1236 4819 1368 4893 sed
1398 4817 1844 4917 temporibus
1866 4816 2198 4917 ejusdem
2232 4817 2407 4891 Sixti
2432 4816 2654 4892 fuisse
2684 4818 2877 4893 bene

208 4943 661 5017 ceremonias
688 4953 1067 5042 corruptas
1098 4951 1171 5020 et
1198 4944 1681 5020 intermissaS.
1718 4943 2169 5019 Paramentis
2196 4941 2458 5019 deinde
2485 4967 2616 5042 per
2642 4944 2882 5044 ponti-

216 5066 415 5142 ficem
446 5066 803 5156 dimissis,
837 5069 1106 5143 vocatis
1136 5070 1617 5146 cardinalibus
1650 5070 1740 5143 ad
1770 5052 2128 5143 secretam
2157 5092 2552 5160 cameram,
2586 5069 2878 5144 habitus

218 5201 315 5268 est
348 5196 439 5270 de
478 5192 868 5292 premissis
907 5218 1037 5292 per
1078 5197 1499 5294 pontificem
1542 5217 1811 5285 sermo,
1847 5201 1919 5271 et
1957 5217 2125 5269 cum
2155 5194 2374 5291 aliqui
2415 5218 2504 5269 ex
2546 5192 2878 5267 cardina-
