3625 6059
686 530 793 587 214
1604 527 1633 581 J
1639 520 1881 582 OHANN
1888 526 1953 581 IS
2002 524 2441 595 BURCHARDL
2869 524 3164 588 lfflssmhl'e
3188 528 3298 591 ¹⁴⁹4}

689 684 883 782 qnod
918 704 1095 755 nove
1126 687 1471 755 venerant
1498 679 1587 754 de
1616 680 1980 755 voluntate
2012 681 2204 778 regis
2235 681 2536 755 Francia
2569 703 2788 777 super
2817 680 3302 778 compositione

690 817 764 883 et
794 809 1184 884 concordia
1220 806 1551 881 facienda
1589 828 1807 903 super
1835 804 2130 880 introitu
2175 829 2308 879 suo
2338 806 2430 879 ad
2461 804 2758 897 Urbem,
2791 805 3166 903 deputatus
3195 806 3304 881 tuit

690 959 821 1033 per
850 937 976 1008 SS.
1012 938 1099 1007 D.
1131 938 1459 1007 nostrum
1492 932 1888 1007 mittendus
1919 934 2011 1007 ad
2043 954 2291 1029 regem
2324 930 2625 1005 Francie
2655 931 2746 1005 ad
2775 937 3092 1006 castrum
3121 935 3304 1005 Brac-

690 1061 955 1151 chiani‚
1010 1067 1088 1133 ut
1134 1061 1289 1157 ipse
1331 1082 1461 1133 vren
1512 1059 1733 1133 alium
1786 1080 1998 1131 suum
2050 1056 2398 1146 mitteret,
2452 1078 2618 1129 cum
2664 1077 2810 1153 quo
2865 1055 2956 1129 de
3009 1054 3210 1129 modo
3249 1064 3308 1129 et

689 1187 999 1262 adventu
1030 1186 1223 1283 regis
1252 1184 1555 1282 predicti
1590 1183 2042 1258 tractandum
2073 1188 2289 1257 esset.

784 1312 1060 1387 Eodem
1113 1335 1355 1403 mane,
1420 1314 1546 1385 SS.
1607 1314 1693 1384 D.
1750 1316 2027 1401 noster,
2079 1316 2469 1406 antequam
2511 1306 2790 1383 veniret
2825 1306 2917 1381 ad
2963 1305 3306 1405 capellam,

688 1439 1102 1513 convocavit
1149 1437 1242 1511 ad
1285 1460 1363 1513 se
1414 1460 1667 1512 omnes
1712 1435 2113 1510 cardinales
2161 1435 2236 1507 in
2275 1457 2566 1509 camera
2612 1432 3001 1532 papagalli,
3053 1432 3310 1529 dempto

687 1564 1051 1639 cardinale
1094 1564 1583 1639 Alexandrino
1614 1562 2070 1637 celebraturo
2117 1586 2131 1635 :
2180 1580 2474 1635 causam
2502 1560 2698 1657 regis
2743 1557 3050 1633 Francie
3079 1579 3310 1655 propo-

688 1689 831 1764 suit
880 1690 953 1761 in
1001 1688 1367 1787 presentia
1408 1688 1613 1763 ducis
1652 1687 1981 1762 Calabrie
2031 1711 2046 1760 ε
2093 1684 2410 1784 acceptis
2449 1684 2711 1759 deinde
2761 1682 2992 1759 sacris
3025 1682 3310 1759 vestibus

686 1837 892 1889 more
926 1812 1165 1905 solito,
1198 1816 1395 1888 venit
1425 1814 1517 1888 ad
1546 1812 1899 1910 capellam
1931 1813 2312 1909 majorem,
2359 1810 2480 1885 ubi
2521 1809 2742 1883 misse
2783 1807 3094 1883 solemni
3121 1808 3315 1881 inter-

688 1938 846 2029 fuit,
884 1962 1099 2035 quam
1130 1940 1517 2016 celebravit
1557 1944 1803 2013 Rmus.
1850 1942 1938 2012 D.
1988 1936 2372 2012 cardinalis
2415 1934 2982 2024 Alexandrinus3
3025 1954 3170 2005 non
3205 1930 3312 2005 fuit

688 2091 931 2143 sermo
968 2092 985 2141 ε
1023 2066 1097 2139 i‘n
1126 2066 1299 2154 fine,
1330 2070 1523 2164 Papa
1552 2064 1749 2140 dedit
1790 2043 2390 2137 interessentibus
2416 2060 2896 2157 indulgentias
2937 2081 3119 2155 quas
3153 2056 3320 2131 cele·

688 2192 905 2267 brans
936 2190 1323 2290 publicavit
1370 2216 1384 2262 :
1432 2212 1712 2279 ensem,
1749 2195 1898 2263 tam
1927 2186 2280 2263 veniendo
2311 2186 2404 2260 ad
2431 2186 2784 2284 capellam
2812 2207 3028 2283 quam
3061 2182 3223 2257 inde
3247 2180 3322 2255 ad

687 2340 1055 2393 cameram
1086 2316 1486 2404 redeund0,
1510 2316 1822 2412 portavit
1847 2321 2014 2389 ante
2045 2336 2341 2389 crucem
2365 2316 2454 2386 D.
2487 2310 2915 2385 Octavianus
2941 2309 3035 2385 de
3061 2314 3322 2385 Genna-

688 2444 841 2533 riis,
877 2465 1169 2517 camere
1202 2439 1597 2538 apostolice
1630 2439 1964 2515 clericus.

790 2571 1011 2645 Missa
1046 2569 1275 2660 finita,
1310 2568 1633 2667 pontifex
1671 2567 1745 2669 in
1793 2591 2086 2643 camera
2111 2568 2497 2667 papagalli,
2532 2564 2882 2664 depositis
2927 2564 3156 2639 sacris
3194 2586 3326 2637 ves-

694 2697 909 2787 tibus,
950 2702 1119 2769 ante
1150 2694 1402 2769 sedem
1442 2717 1649 2769 suam
1692 2700 1920 2785 stanS,
1964 2695 2229 2769 ducem
2269 2692 2594 2769 Calabria
2635 2714 2882 2766 coram
2927 2713 3008 2767 se
3043 2696 3325 2766 stantem

690 2843 1057 2920 pancerea
1092 2826 1165 2894 et
1196 2819 1605 2895 schinieriis
1636 2826 1969 2894 ornatum
2006 2844 2181 2895 ense
2223 2827 2296 2895 et
2329 2818 2648 2918 pugione
2687 2815 3034 2910 cinctum,
3071 2823 3324 2893 secrete

690 2948 1041 3021 allocutus
1078 2952 1191 3022 est
1230 2945 1350 3046 (1),
1398 2946 1733 3020 omnibus
1781 2946 2262 3021 cardinalibus
2311 2945 2586 3019 circum
2613 2944 2994 3033 stantibuS,
3041 2941 3166 3040 qui
3195 2948 3330 3015 tan·

690 3074 857 3149 dem
881 3074 1143 3172 pedem
1172 3079 1243 3147 et
1270 3096 1567 3146 manum
1602 3076 1793 3170 Papo
1829 3071 2218 3162 osculatuS,
2254 3077 2594 3168 receptus
2623 3094 2754 3169 per
2789 3072 3062 3167 Papam
3088 3068 3178 3143 ad
3197 3066 3328 3139 oris

694 3199 1052 3290 osculum,
1114 3198 1413 3272 recessit
1469 3198 1868 3272 associatus
1916 3222 1959 3271 a
2005 3198 2294 3271 RRmis.
2330 3195 2814 3272 cardinalibus
2843 3193 3326 3295 Neapolitano,

951 3437 1089 3495 ..Et
1116 3441 1265 3493 cussi
1294 3438 1344 3493 el
1374 3456 1538 3494 zorno
1576 3439 1643 3495 de
1680 3438 1854 3495 Nadal
1880 3438 1984 3495 che
2021 3438 2076 3495 fo
2113 3457 2148 3495 8
2183 3438 2240 3495 di
2265 3438 2338 3497 25
2365 3437 2692 3509 dezembriO,
2723 3436 2774 3495 el
2801 3438 3106 3512 Ponteflce,
3133 3439 3264 3499 diuo
3287 3438 3330 3493 la

692 3545 878 3583 messa
906 3526 961 3582 in
992 3526 1045 3582 la
1075 3544 1177 3582 sua
1204 3526 1467 3601 cappella,
1500 3527 1711 3587 cbiamo
1741 3546 1868 3585 esso
1898 3528 2240 3585 Ferdinando
2261 3528 2414 3585 Duca
2439 3526 2496 3583 di
2525 3527 2792 3599 Calavria,
2822 3534 2876 3584 et
2903 3545 2938 3584 8
2959 3526 3142 3603 quello
3169 3543 3332 3585 messe

642 3668 651 3675 .
692 3632 804 3671 una
831 3615 1043 3672 bat-etta
1071 3616 1140 3671 de
1168 3632 1321 3686 varo,
1350 3616 1505 3673 fodra
1530 3616 1599 3673 de
1624 3634 1776 3687 varo,
1807 3623 1988 3674 tamen
2019 3634 2111 3673 era
2139 3616 2194 3673 di
2221 3616 2442 3687 velluto,
2475 3616 2532 3673 in
2559 3622 2724 3687 testa,
2755 3623 2810 3674 et
2837 3614 2874 3672 li
2897 3617 3014 3674 fece
3045 3617 3266 3694 spinger
3289 3614 3335 3671 la

692 3707 865 3781 spada
890 3724 925 3762 a
952 3704 1113 3762 ladi
1099 3724 1193 3761 mv
1194 3704 1477 3763 estendolo
1514 3705 1589 3761 dil
1616 3705 1813 3764 ducato
1853 3705 1906 3762 di
1944 3706 2193 3765 Calavria
2229 3715 2284 3765 et
2318 3726 2352 3764 a
2378 3706 2560 3780 quello
2593 3711 2696 3765 uso
2731 3714 2926 3789 queste
2953 3708 3157 3782 parole,
3185 3705 3332 3765 laeti-

690 3797 889 3852 mando
927 3815 956 3852 e
1000 3813 1108 3853 uno
1147 3794 1211 3852 el’
1238 3794 1397 3866 altr0,
1428 3800 1482 3851 et
1518 3796 1567 3853 el
1610 3796 1761 3853 Duca
1798 3797 1836 3853 li
1878 3815 1972 3855 era
2006 3798 2278 3856 davanti
2263 3817 2322 3854 m
2359 3798 2693 3868 zenochioni,
2725 3804 2780 3855 et
2816 3797 3014 3855 disse:
3057 3799 3226 3869 Duca,
3255 3796 3334 3852 flol

690 3893 879 3941 nostro
918 3884 1222 3955 carissimo,
1254 3885 1451 3941 audate
1481 3891 1537 3942 et
1576 3891 1715 3942 state
1752 3886 1806 3941 di
1847 3886 1992 3943 bona
2027 3886 2232 3961 voglio„
2265 3887 2366 3943 che
2400 3888 2631 3944 havemo
2670 3903 2932 3961 speranza
2967 3902 3036 3941 ne
3073 3884 3126 3943 lo
3163 3892 3334 3942 eterno

689 3975 845 4031 Iddio
872 3992 943 4032 ne
970 3974 1181 4031 aiutera
1213 3992 1227 4030 :
1258 3975 1327 4031 Et
1353 3974 1390 4029 li
1427 3975 1575 4032 dette
1606 3974 1657 4031 la
1692 3974 2064 4047 beneditione,
2095 3975 2424 4034 offerendosi
2461 3976 2516 4031 in
2555 3975 2687 4051 ogni
2716 3992 2863 4045 cosa,
2895 3982 2951 4033 et
2979 3974 3158 4049 quello
3195 3973 3338 4031 lacri-

688 4065 885 4123 mando
914 4064 1135 4123 licentio
1163 4071 1219 4121 et.
1244 4064 1445 4121 scrisse
1487 4082 1563 4121 un
1590 4064 1755 4122 breve
1797 4066 1850 4123 al
1886 4084 1944 4123 re
1971 4066 2257 4141 Alphonso
2292 4084 2447 4123 zerca
2472 4074 2670 4141 questa
2697 4064 2897 4139 partita
2931 4064 2990 4121 di
3019 4083 3120 4123 suo
3149 4062 3258 4122 ssol.
3283 4062 3336 4117 El

688 4154 815 4229 qual
855 4154 1007 4211 Duca
1047 4154 1231 4212 statim
1268 4160 1513 4211 montato
1540 4174 1575 4212 a
1602 4156 1806 4213 cavallo
1836 4173 1938 4212 con
1978 4156 2027 4213 el
2066 4156 2174 4230 sig.
2205 4154 2458 4230 Virginio
2495 4154 2695 4227 Orsini,
2727 4160 2886 4211 conte
2923 4153 2980 4210 di
3019 4153 3336 4229 Petigliano,

687 4246 838 4301 Zuan
871 4246 1084 4301 Iacomo
1113 4242 1170 4301 di
1198 4243 1408 4301 Traulzi
1439 4246 1727 4301 marchexe
1759 4246 1811 4301 di
1841 4246 2077 4303 Pescara
2105 4252 2161 4303 et
2197 4244 2319 4302 altri
2346 4242 2671 4301 conduttieri
2700 4260 2804 4299 con
2834 4242 3076 4317 squadre
3101 4259 3251 4300 verca
3273 4242 3338 4296 22

688 4342 744 4389 et
784 4335 924 4390 1500
960 4332 1114 4403 fanti,
1154 4332 1333 4391 ussite
1372 4331 1425 4388 di
1461 4333 1638 4390 Roma
1678 4341 2108 4409 accompagnato
2145 4333 2235 4390 dul
2273 4330 2512 4391 cardinal
2547 4332 2788 4391 Ascanio
2823 4350 2927 4389 suo
2963 4332 3149 4401 barba,
3293 4328 3340 4383 lo

686 4424 831 4481 ando
860 4422 1217 4480 confortando
1245 4422 1357 4480 fino
1384 4423 1544 4479 fuora
1571 4421 1627 4477 di
1656 4422 1705 4479 le
1734 4429 1890 4498 porte
1913 4422 1967 4479 di
1987 4422 2182 4493 Roma,
2213 4428 2270 4479 et
2297 4422 2352 4477 in
2375 4420 2667 4495 quelzorno
2699 4421 2949 4479 medemo
2987 4420 3036 4478 el
3069 4421 3216 4476 Duca
3241 4434 3337 4473 con

686 4518 824 4569 tutte
852 4513 903 4569 le
930 4518 1084 4569 zente
1112 4510 1406 4569 cavalcono
1436 4512 1545 4569 mia
1575 4514 1642 4568 18
1670 4530 1704 4569 a
1731 4530 1842 4569 uno
1871 4512 1989 4569 loco
2026 4512 2082 4568 di
2121 4511 2174 4567 la
2212 4510 2435 4568 Chiesia
2471 4510 2741 4568 chiamato
2778 4510 2947 4568 Teoli.
2983 4533 3011 4561 »
3135 4508 3212 4565 M.
3241 4506 3336 4562 Sa·

684 4609 840 4674 nuto,
870 4604 950 4658 La
980 4602 1177 4673 Sped„
1208 4620 1263 4677 p.
1299 4602 1424 4658 161.
1454 4602 1529 4657 Le
1566 4603 1716 4676 Pape
1744 4601 1878 4658 etait
1914 4600 1963 4659 si
2001 4602 2204 4675 effraye
2246 4602 2312 4657 de
2349 4600 2403 4657 18
2444 4618 2621 4658 venue
2649 4600 2724 4655 du
2762 4599 2843 4656 roi
2871 4600 2940 4655 de
2977 4599 3175 4655 Franco
3215 4594 3338 4670 qu’il

686 4691 835 4747 avait
883 4696 1055 4764 songe
1102 4696 1137 4748 8
1195 4710 1255 4748 se
1302 4691 1494 4749 retirer
1534 4708 1667 4747 avec
1704 4690 1756 4748 18
1791 4691 1943 4747 curie
1989 4696 2188 4765 aupres
2227 4690 2301 4747 du
2347 4690 2429 4747 roi
2466 4690 2536 4745 de
2582 4688 2805 4763 Naples.
2853 4689 2932 4745 Le
2971 4688 3148 4745 sultan
3181 4683 3342 4741 Zizim

684 4780 869 4837 dex-ait.
916 4784 1030 4836 etro
1084 4780 1327 4837 enferme
1383 4782 1523 4837 dans
1577 4780 1629 4836 la
1683 4779 1932 4837 citadelle
1969 4780 2038 4837 de
2077 4780 2244 4837 Gaete
2301 4796 2434 4837 sous
2494 4776 2548 4835 la
2585 4778 2756 4852 garde
2811 4778 2880 4837 de
2918 4778 3088 4836 Cesar
3123 4774 3337 4849 Borgia.

686 4870 731 4925 V
736 4886 825 4943 oy.
868 4868 1122 4939 Theiner,
1174 4872 1357 4927 Codex
1392 4872 1778 4944 diplomaticus
1815 4872 2062 4927 Dominii
2097 4874 2415 4943 temporalis
2457 4870 2516 4930 S.
2555 4872 2734 4936 Sedis,
2775 4877 2818 4927 t.
2847 4870 2942 4941 111,
2979 4888 3044 4927 n·
3069 4884 3340 4936 ccccxxvi,

682 4978 739 5035 p.
768 4960 897 5017 5¹0.
932 4981 962 5011 «
994 4958 1245 5033 Capitula
1270 4959 1493 5016 foederis
1520 4954 2060 5018 inter-'Alexandrum
2089 4959 2204 5019 ΡΡ,
2231 4960 2327 5030 VI,
2359 4968 2414 5017 et
2439 4959 2842 5019 Ferdinandum
2861 4960 2932 5017 de
2957 4957 3230 5033 Aragonia
3247 4972 3344 5030 pro

682 5068 743 5105 se
774 5056 829 5106 et
855 5066 987 5123 rege
1016 5046 1218 5106 Siciliae
1249 5066 1351 5105 suo
1378 5055 1530 5123 patre
1556 5050 1693 5107 inita
1718 5052 1787 5107 ad
1814 5051 2048 5108 tuendos
2076 5050 2318 5107 ecclesiae
2347 5049 2507 5108 Rom.
2541 5056 2719 5107 status
2747 5056 2935 5107 contra
2961 5066 3142 5123 regem
3165 5046 3340 5103 Fran-

680 5155 867 5194 corum
896 5144 952 5195 et
978 5138 1048 5195 de
1078 5136 1243 5194 Zizim
1273 5136 1489 5195 sultano
1510 5140 1565 5195 in
1594 5130 1827 5215 regnum
1847 5140 2047 5197 Sicilioe
2067 5140 2465 5211 transferendo,
2487 5146 2637 5201 etc...
2661 5143 2752 5213 (ex
2771 5136 3067 5214 originali).
3091 5136 3146 5195 In
3164 5134 3344 5195 Roma

682 5244 714 5283 a
742 5228 799 5283 rb·
822 5228 1118 5285 vinticinco
1146 5229 1215 5285 de.
1244 5228 1533 5287 decembro
1562 5230 1781 5303 1495s4.
1802 5252 1835 5282 »
