3625 6059
196 567 325 629 [Mai
361 568 507 629 1498]
868 565 1125 622 RERUM
1174 565 1625 622 URBANARUM
1674 563 2198 621 COMMENTARH.
2767 567 2871 624 465

204 718 789 794 Florentinorum
834 718 1263 793 collocandi.
1302 721 1381 791 In
1416 718 1858 792 contrarium
1889 717 2350 808 facientibuS,
2384 743 2530 792 non
2571 718 2865 793 obstan-

202 844 392 919 tibus
424 845 1030 942 quibuscumque,
1066 849 1206 918 etc.
1246 849 1506 918 Datum
1539 849 1791 935 Rome,
1831 849 1971 917 etc.
2007 843 2126 942 (1).

296 969 713 1046 Alexander
744 995 932 1069 papa
966 977 1212 1044 sextus
1242 971 1509 1044 dilecto
1542 971 1689 1044 tilio
1722 970 1920 1044 fratri
1959 970 2398 1068 Hieronymo
2431 972 2866 1046 SavouaroIe

200 1099 287 1174 de
316 1098 677 1188 Ferraria,
714 1095 987 1170 ordinis
1016 1095 1580 1193 predicatorum.

295 1221 583 1298 Dilecta
628 1220 758 1312 fili,
808 1223 1115 1297 salutem
1154 1230 1227 1297 et
1265 1221 1733 1319 apostolicam
1774 1221 2390 1296 benedictionem.
2444 1223 2644 1296 Licet
2692 1222 2867 1296 ube-

205 1349 345 1422 rius
387 1371 525 1445 per
554 1347 731 1422 alias
758 1347 1007 1422 literas
1038 1355 1321 1422 nostras
1354 1348 1427 1420 in
1456 1347 1687 1421 forma
1730 1347 1964 1420 brevis
2005 1349 2600 1444 explicaverimus
2638 1371 2868 1444 quau-

210 1479 355 1546 tum
408 1472 625 1546 nobis
680 1471 1183 1568 displicuerint
1238 1455 1685 1546 turbationes
1734 1473 2120 1566 presertim
2170 1475 2372 1547 istius
2415 1473 2658 1571 populi
2708 1472 2868 1545 Flo-

208 1595 495 1686 rentini,
532 1602 609 1669 et
640 1617 729 1670 eo
758 1593 991 1692 magis
1024 1595 1221 1692 quod
1264 1594 1649 1668 habuerint
1679 1602 1920 1671 ortum
1963 1621 2006 1670 a
2043 1595 2658 1694 predicationibus
2699 1596 2865 1686 tuis,

208 1722 371 1818 quia
416 1721 833 1809 conabaris,
887 1720 1174 1794 omissis
1217 1719 1551 1792 vitiorum
1595 1720 2190 1818 extirpationibus
2236 1730 2308 1795 et
2353 1721 2688 1794 laudibus
2739 1721 2873 1792 vir-

214 1854 465 1938 tutum,
502 1844 813 1944 publicis
843 1844 919 1918 in
960 1844 1416 1919 sermonibus
1454 1844 1692 1920 futura
1720 1844 2092 1942 predicere
2129 1845 2640 1942 affirma-reque
2679 1853 2748 1918 te
2790 1869 2874 1917 ea

211 1974 545 2049 habuisse
578 1998 623 2047 a
650 1972 920 2047 lumine
956 1973 1356 2048 eternitatis
1386 1996 1469 2046 ac
1500 1972 1898 2068 inspirante
1940 1972 2202 2069 Spiritu
2239 1977 2489 2045 sancto
2526 1995 2540 2043 ε
2578 1977 2876 2068 propter

211 2124 341 2195 que
390 2107 463 2175 et
502 2098 773 2173 similia
816 2097 1181 2196 simplices
1222 2098 1562 2173 homines
1606 2097 1894 2172 deviare
1940 2104 2238 2194 possent
2282 2123 2324 2170 a
2363 2097 2476 2170 via
2515 2096 2764 2170 salutis
2805 2099 2877 2168 et

215 2223 619 2300 obedientie
660 2229 911 2298 sancte
952 2246 1252 2298 romane
1291 2223 1640 2299 Ecclesie.
1693 2224 2086 2298 Debuisses
2129 2223 2320 2298 enim
2352 2222 2592 2320 potius
2633 2219 2875 2318 predi-

211 2372 363 2424 care
400 2348 475 2422 in
506 2347 653 2421 tuis
682 2346 1299 2446 predicationibus
1340 2349 1685 2423 unionem
1717 2373 1803 2423 ac
1847 2373 2102 2449 pacem
2135 2373 2350 2446 quam
2391 2347 2665 2422 similes
2695 2370 2874 2442 quas

220 2474 455 2570 vulgus
482 2476 704 2545 vocat
738 2472 1161 2570 prophetias
1193 2478 1349 2547 tuas
1393 2473 2010 2574 divinationesque
2051 2475 2462 2574 predicare,
2499 2471 2876 2548 debuisses

220 2597 419 2672 etiam
454 2593 931 2672 considerare
972 2595 1167 2694 quod
1210 2597 1662 2672 conditiones
1706 2605 2120 2697 temporum
2149 2598 2622 2673 vehementer
2663 2619 2877 2694 repu-

218 2731 421 2819 gnant
462 2724 592 2800 tali
634 2723 963 2798 doctrine
1008 2747 1226 2820 quam
1274 2723 1349 2798 in
1390 2725 1713 2800 medium
1757 2726 2000 2814 affers,
2050 2749 2191 2822 que
2241 2724 2612 2799 sufficeret
2658 2721 2877 2797 etiam

224 2872 469 2944 ponere
492 2849 963 2939 discordiam,
1000 2849 1223 2924 etiam
1269 2851 1387 2924 ubi
1421 2861 1615 2926 esset
1654 2875 1940 2926 summa
1977 2875 2143 2949 pair,
2178 2857 2446 2947 quanto
2489 2848 2722 2944 magis
2756 2847 2875 2919 ubi

226 2972 447 3071 vigent
500 2975 687 3050 tales
736 2974 1133 3050 simultates
1182 2983 1254 3049 et
1300 2976 1680 3052 factiones.
1740 2975 2151 3050 Periculum
2200 2976 2440 3070 itaque
2489 2971 2876 3047 multarum

230 3098 603 3174 animarum
638 3107 712 3175 et
740 3098 1181 3174 desiderium
1223 3107 1549 3175 nostrum
1581 3101 1844 3197 quietis
1885 3100 2110 3198 ipsius
2140 3098 2416 3196 populi,
2453 3104 2526 3172 et
2556 3103 2635 3169 ut
2672 3095 2878 3170 satis-

234 3223 616 3298 faceremus
652 3223 899 3298 officio
932 3231 1180 3299 nostro
1206 3225 1577 3322 pastorali,
1614 3225 1980 3299 adduxere
2021 3248 2154 3299 nos
2185 3233 2262 3298 ut
2295 3224 2386 3297 ad
2421 3229 2486 3296 te
2519 3221 2878 3296 scribere-

234 3369 397 3438 mus,
433 3373 566 3424 uec
600 3349 759 3422 sine
802 3355 1089 3424 maturo
1126 3350 1428 3425 consilio
1460 3352 2026 3427 decerneremus
2060 3351 2358 3424 omnino
2391 3356 2462 3423 te
2502 3370 2757 3421 vocare
2787 3345 2880 3420 ad

238 3493 371 3561 noS,
404 3482 479 3549 ut
520 3482 590 3550 te
634 3498 985 3573 purgares
1014 3498 1059 3550 a
1085 3474 1214 3549 tibi
1258 3475 1654 3573 impositis;
1704 3500 1844 3573 que
1890 3477 2264 3574 profecto,
2297 3475 2353 3547 si
2395 3497 2564 3547 vera
2603 3479 2874 3560 essent,

240 3618 357 3669 non
400 3598 746 3676 deberent
786 3600 1084 3698 impune
1131 3602 1465 3676 transire.
1522 3605 1703 3677 Cum
1748 3609 1992 3676 autem
2039 3623 2270 3697 nuper
2313 3598 2880 3672 intellexerimus

240 3719 315 3792 ab
351 3721 697 3820 aliquibus
734 3723 1077 3800 fratribus
1108 3726 1373 3800 nostris
1410 3733 1659 3801 sancte
1702 3747 2003 3802 romane
2035 3723 2358 3798 Ecclesie
2393 3721 2882 3798 cardinalibus

244 3851 303 3918 et
336 3870 453 3943 per
492 3849 743 3925 literas
791 3856 945 3924 tuas
993 3856 1066 3924 et
1106 3853 1399 3925 nuntios
1445 3851 1643 3948 quod
1679 3856 1970 3948 paratus
2022 3874 2100 3922 es
2141 3849 2214 3922 in
2258 3848 2596 3923 omnibus
2639 3871 2771 3945 per
2809 3855 2880 3920 te

246 3967 423 4046 dietis
462 3975 571 4050 vel
614 3974 827 4049 factis
873 3975 1237 4073 subjicere
1281 3983 1352 4050 te
1398 3975 1838 4052 correctioni
1884 3982 2130 4049 sancte
2182 3996 2480 4048 romane
2527 3972 2876 4060 Ecclesie,

248 4097 411 4186 quod
454 4104 558 4174 est
600 4100 929 4176 officium
974 4097 1143 4176 boni
1194 4101 1569 4177 christiani
1618 4108 1689 4177 et
1733 4101 2053 4199 religiosi
2098 4099 2443 4188 hominiS,
2492 4097 2878 4194 plurimum

248 4213 417 4294 letati
446 4247 723 4314 sumuS,
767 4211 1303 4324 inci'pimusque
1332 4226 1775 4324 persuadere
1804 4226 2018 4299 nobis
2059 4249 2144 4299 ea
2181 4231 2246 4298 te
2289 4220 2706 4321 predicasse
2735 4244 2884 4294 non

254 4343 411 4418 malo
452 4350 719 4441 animo,
752 4349 881 4424 sed
906 4351 1149 4449 potius
1195 4351 1653 4448 simplicitate
1692 4351 2008 4450 quadam
2046 4358 2120 4426 et
2157 4349 2310 4425 zelo
2349 4345 2776 4446 proficiendi
2809 4347 2884 4420 in

256 4465 429 4544 vinea
470 4475 781 4567 Domini,
833 4476 1001 4551 licet
1044 4483 1241 4553 certe
1289 4477 1731 4552 contrarium
1784 4477 2230 4576 experientia
2282 4474 2562 4549 doceat.
2613 4478 2884 4550 Verum

260 4612 333 4666 ne
370 4595 724 4676 videamur
774 4600 941 4676 talia
980 4602 1269 4700 penitus
1316 4602 1691 4701 negligere
1738 4627 1880 4700 que
1931 4601 2127 4675 nullo
2171 4607 2384 4697 pacto
2439 4605 2605 4673 sunt
2655 4597 2886 4695 negli-

266 4720 487 4812 gemla,
533 4725 980 4802 decrevimus
1019 4727 1285 4803 iterum
1323 4725 1415 4801 ad
1454 4735 1523 4801 te
1572 4727 1920 4818 scribere,
1971 4733 2044 4801 et
2083 4725 2612 4824 respondentes
2661 4722 2886 4798 literis

266 4839 379 4914 tuis
427 4846 545 4923 tibi
596 4853 1028 4928 mandamus
1084 4853 1159 4926 in
1220 4852 1479 4928 virtute
1539 4859 1785 4928 sancte
1845 4852 2260 4927 obedientie
2297 4851 2516 4948 ‘quod
2577 4848 2886 4946 amplius

270 4960 589 5056 abstineas
622 4977 920 5052 omnino
950 4977 1041 5050 ab
1070 4979 1269 5052 omni
1300 4977 1795 5077 predicatione
1827 4985 1974 5053 tam
2004 4977 2289 5079 publice
2324 4999 2543 5074 quam
2575 4979 2880 5062 secrete,

322 5147 373 5203 1.
406 5149 475 5209 Ce
509 5155 641 5229 bref,
678 5159 773 5235 qui
810 5161 955 5221 n'est
991 5163 1117 5221 date
1146 5163 1201 5220 ni
1232 5163 1371 5222 dans
1410 5162 1491 5221 les
1533 5165 1671 5220 mss'.
1712 5161 1769 5219 ni
1807 5163 1948 5220 dans
1993 5161 2074 5219 les
2117 5160 2393 5235 imprimes
2436 5157 2696 5216 d'Eccard
2732 5163 2788 5213 et
2822 5157 2892 5214 de

277 5229 503 5312 Leibnitz,
528 5267 554 5296 «
575 5247 738 5321 partit
764 5251 832 5308 de
859 5251 1034 5310 Rome
1063 5251 1111 5308 le
1130 5255 1165 5309 8
1194 5254 1503 5327 septembre
1526 5255 1661 5311 1496
1686 5275 1735 5311 ».
1758 5251 1900 5329 Voy.
1918 5251 1964 5304 V
1971 5249 2126 5322 illari,
2147 5257 2188 5307 t.
2209 5250 2252 5319 1,
2283 5248 2320 5308 l.
2347 5249 2442 5319 ΙΙΙ,
2474 5252 2561 5304 ch.
2589 5265 2640 5316 v,
2662 5265 2717 5320 p.
2751 5245 2879 5302 432.

510 5388 559 5428 τ.
598 5391 653 5430 n.
2524 5375 2594 5430 30
