3625 6059
168 578 511 640 [Decembre
543 579 684 639 1499]
849 575 1103 633 RERUM
1153 575 1606 633 URBANARUM
1651 575 2176 636 COMMENTARII.
2743 583 2848 638 587

173 731 433 826 gentia
476 729 694 825 hujus
738 728 934 802 modi
977 736 1143 823 post
1181 730 1320 802 iter
1353 736 1724 827 arreptum
1763 729 1874 804 vel
1917 737 2083 828 post
2124 733 2708 830 preparationem
2758 737 2853 812 ad

172 853 622 930 veniendum
655 853 746 926 ad
784 854 1052 927 dictam
1087 855 1356 928 Urbem
1395 877 1588 930 anno
1618 855 1874 953 jubilei
1910 879 2044 952 per
2085 879 2213 930 eos
2253 857 2543 950 factam,
2586 859 2853 937 fuerint

170 980 506 1076 legitime
540 977 865 1077 impediti
915 980 1306 1076 quominus
1357 981 1446 1054 ad
1496 981 1762 1054 dictam
1807 982 2073 1056 Urbem
2122 981 2402 1058 valeant
2448 987 2847 1080 pervenire,

173 1113 296 1178 aut
340 1103 705 1202 prepediti
751 1103 824 1176 in
862 1103 1024 1178 loco
1071 1103 1192 1178 ubi
1234 1110 1404 1178 tunc
1448 1105 1712 1180 fuerint
1743 1112 1815 1180 et
1844 1107 2215 1183 venientes
2259 1109 2333 1181 in
2372 1110 2509 1202 via,
2553 1110 2667 1186 vel
2705 1118 2852 1186 tam

176 1229 311 1326 ipsi
367 1229 431 1302 si
489 1228 581 1302 ad
633 1229 1032 1327 predictam
1087 1231 1356 1306 Urbem
1405 1255 1622 1328 quam
1673 1233 1981 1308 Romani
2032 1241 2103 1307 et
2155 1233 2275 1307 alii
2332 1233 2737 1310 residentes
2780 1245 2853 1313 et

177 1361 717 1429 commorantes
762 1377 847 1427 ac
893 1353 1224 1429 forenses
1272 1354 1575 1452 predicti
1629 1356 1912 1430 dierum
1956 1363 2330 1454 pretaxato
2367 1382 2669 1436 numero
2706 1387 2853 1436 non

179 1479 550 1576 completo
595 1479 666 1551 in
715 1479 909 1553 dicta
957 1480 1147 1554 Urbe
1198 1481 1672 1573 decesserint,
1719 1505 1885 1556 vere
1930 1483 2341 1580 penitentes
2386 1493 2458 1559 et
2503 1486 2846 1579 confessi,

179 1604 518 1680 eamdem
548 1604 1046 1701 plenissimam
1077 1606 1596 1703 indulgentiam
1631 1607 1927 1681 omnino
1958 1616 2523 1706 consequantur.

271 1733 356 1802 Et
399 1735 482 1803 ut
529 1753 788 1803 omnes
825 1731 1090 1804 Christi
1131 1731 1384 1806 fideles
1425 1733 1757 1830 ejusdem
1793 1732 2221 1830 plenissime
2266 1733 2711 1832 indulgentie
2743 1738 2849 1812 fa-

182 1856 386 1930 cilius
439 1878 781 1952 capaceS,
836 1860 988 1930 Deo
1039 1858 1379 1956 propitio,
1425 1859 1835 1934 efficiantur
1880 1859 2342 1958 habeantque
2400 1861 2493 1936 ad
2534 1887 2720 1960 quos
2778 1862 2849 1937 iu

183 1981 464 2056 casibus
513 1981 724 2054 nobis
765 1986 836 2056 et
875 1982 1030 2055 sedi
1070 1985 1465 2080 apostolice
1511 1984 1925 2076 reservatiS,
1966 1985 2024 2056 si
2075 1985 2213 2059 illis
2257 1985 2515 2061 irretiti
2568 1987 2841 2080 forent,

187 2132 568 2182 recurrere
609 2108 914 2205 possint,
949 2109 1447 2207 deputavimus
1481 2111 1556 2184 in
1594 2111 1786 2186 dicta
1828 2109 2126 2184 basilica
2170 2135 2231 2184 s,
2275 2111 2469 2187 Petri
2510 2113 2845 2210 peniten-

192 2234 428 2309 tiarios
460 2233 730 2330 quibus
764 2257 894 2306 eos
924 2235 992 2306 in
1028 2235 1234 2310 dictis
1273 2234 1560 2309 casibus
1593 2233 1975 2310 reservatis
2009 2234 2427 2310 absolvendi
2457 2236 2747 2334 plenam
2778 2242 2849 2311 et

185 2361 482 2436 liberam
521 2384 652 2457 pro
685 2361 962 2456 majore
1001 2361 1260 2435 Christi
1294 2361 1618 2435 fidelium
1647 2362 1766 2459 qui
1800 2362 1891 2435 ad
1922 2383 2057 2434 nos
2082 2363 2355 2436 nonita
2385 2363 2473 2436 de
2509 2361 2701 2436 sacili
2732 2385 2850 2437 re-

188 2510 467 2560 currere
511 2493 804 2584 possent
831 2486 1346 2561 commoditate
1373 2494 1445 2560 et
1471 2485 1880 2561 animarum
1912 2510 2205 2560 suarum
2232 2487 2489 2579 salute,
2519 2512 2653 2585 per
2672 2488 2849 2562 alias

191 2619 460 2686 nostras
519 2613 800 2689 litteras
849 2620 1064 2713 prout
1103 2613 1320 2686 latius
1365 2612 1804 2702 continetur,
1850 2611 2349 2686 concessimus
2398 2612 2839 2688 facultatem.

192 2740 268 2809 Et
304 2745 381 2810 ut
423 2738 837 2814 animarum
891 2741 1085 2814 salus
1129 2761 1218 2812 eo
1269 2746 1596 2835 tempore
1646 2736 1889 2836 potius
1932 2743 2388 2835 procuretur,
2434 2761 2579 2834 quo
2618 2738 2851 2835 magis

193 2859 482 2936 aliorum
545 2872 767 2960 egent
805 2864 1166 2960 suffragiis
1205 2872 1278 2940 et
1321 2888 1462 2960 quo
1505 2863 1746 2936 minus
1791 2863 1927 2937 sibi
1966 2864 2141 2961 ipsis
2184 2863 2541 2959 proficere
2586 2864 2845 2953 valent,

194 2989 618 3063 authoritate
653 2991 1075 3087 apostolica,
1105 2990 1194 3064 de
1224 2991 1566 3064 thesauro
1595 2992 1670 3062 S.
1698 2993 1780 3061 R.
1822 2988 2129 3062 ecclesie
2161 2988 2541 3061 animabus
2571 2989 2643 3060 in
2674 3012 2845 3085 pur-

198 3113 459 3209 gatorio
492 3114 973 3190 existentibus
1011 3139 1150 3212 que
1197 3139 1326 3212 per
1363 3115 1790 3190 charitatem
1822 3114 1914 3186 ab
1952 3113 2091 3187 hac
2132 3113 2295 3186 luce
2331 3113 2615 3187 Christo
2650 3113 2847 3187 unite

199 3238 662 3314 decesserunt
704 3248 776 3314 et
822 3264 990 3337 que,
1030 3241 1200 3314 dum
1244 3241 1590 3328 viverent,
1635 3245 1712 3311 ut
1761 3237 1895 3312 sibi
1925 3237 2144 3335 hujus
2175 3239 2371 3312 modi
2404 3238 2851 3337 indulgentie

201 3365 752 3462 suffragarentur
785 3372 1162 3453 venerunt,
1204 3372 1506 3463 paterno
1546 3363 1837 3453 affectu,
1872 3369 2219 3460 quantum
2266 3388 2432 3438 cum
2473 3367 2628 3441 Deo
2674 3389 2846 3464 pos-

201 3513 458 3585 sumuS,
494 3516 926 3567 succurrere
969 3493 1374 3589 cupientes,
1411 3492 1502 3567 de
1544 3493 1781 3566 divina
1813 3490 2313 3566 misericordia
2350 3515 2434 3566 ac
2465 3495 2841 3590 potestatis

201 3619 582 3713 apostolice
611 3619 1087 3716 plenitudine,
1123 3619 1454 3693 volumus
1489 3626 1563 3693 et
1605 3619 2099 3709 concedimuS,
2144 3625 2220 3691 ut
2251 3619 2464 3715 siqui
2508 3627 2851 3716 parentes

203 3747 266 3813 et
300 3745 537 3835 amici,
577 3752 695 3820 aut
742 3746 970 3820 ceteri
1012 3746 1274 3820 Christi
1315 3744 1570 3818 fideles
1617 3746 1885 3841 pietate
1923 3743 2269 3819 commoti
2310 3767 2442 3840 pro
2484 3743 2659 3841 ipsis
2700 3744 2859 3818 ani-

207 3868 444 3942 mabus
481 3871 904 3968 purgatorio
949 3871 1100 3968 igni
1140 3895 1274 3968 pro
1317 3869 1730 3969 expiatione
1759 3891 2114 3966 penarum
2148 3867 2423 3941 eisdem
2458 3870 2856 3943 secundum

205 3987 495 4065 divinam
520 3992 876 4089 justitiam
923 3993 1329 4068 debitarum
1369 3991 1742 4089 expositiS,
1779 3993 1973 4067 dicto
1997 3991 2249 4089 jubilei
2283 4015 2473 4066 anno
2514 3993 2847 4086 durante,

205 4135 320 4207 pro
339 4119 790 4214 reparatione
817 4118 1114 4192 basilice
1132 4118 1522 4215 predictis,
1548 4118 1738 4190 Petri
1762 4118 2077 4215 aliquam
2106 4116 2629 4193 eleemosinam
2644 4119 2851 4215 juxta

202 4237 540 4315 dictorum
569 4241 1239 4340 penitentiariorum
1269 4243 1388 4316 vel
1429 4243 1731 4340 alicujus
1763 4265 2020 4317 eorum
2054 4242 2583 4317 ordinationem
2615 4243 2844 4318 dictas

205 4361 514 4440 basilicas
547 4375 620 4440 et
649 4369 1024 4458 ecclesias,
1060 4370 1278 4442 modo
1309 4368 1666 4466 predicte,
1702 4369 1953 4444 devote
1988 4372 2370 4463 visitandO,
2406 4367 2481 4440 in
2526 4393 2748 4471 capsa
2777 4373 2847 4445 in

207 4489 441 4564 eadem
479 4492 774 4568 basilica
816 4519 875 4566 s.
912 4494 1105 4568 Petri
1151 4494 1492 4592 deputata
1519 4495 1921 4592 posuerint,
1966 4497 2123 4593 ipsa
2160 4495 2583 4592 plenissima
2611 4496 2849 4570 indul-

209 4619 429 4706 gentia
455 4643 584 4716 per
622 4620 919 4694 modum
961 4619 1282 4717 suffragii
1320 4620 1496 4716 ipsis
1537 4620 1915 4694 animabus
1955 4621 2029 4693 in
2064 4621 2482 4719 purgatorio
2526 4622 2846 4696 existen-

209 4739 400 4832 tibus,
433 4768 560 4840 pro
593 4745 851 4842 quibus
882 4746 1146 4819 dictam
1171 4746 1711 4843 eleemosynam
1733 4745 1851 4843 pie
1875 4745 2330 4842 erogaverint
2359 4770 2491 4843 pro
2514 4747 2839 4844 plenaria

209 4887 538 4958 penarum
584 4871 1026 4945 relaxatione
1077 4870 1536 4967 suffragetur.
1597 4875 1992 4968 Preparent
2043 4894 2216 4966 ergo
2266 4894 2522 4946 omnes
2575 4871 2837 4945 Christi

211 4987 435 5068 fideles
465 4999 683 5072 corda
712 5022 841 5072 sua
862 4997 1200 5082 Domino,
1227 5001 1300 5070 et
1323 5019 1562 5068 mores
1587 4996 1660 5067 in
1691 4994 1953 5068 melius
1974 5001 2423 5070 commutare
2456 5003 2839 5086 conentur,

211 5135 247 5184 a
280 5120 451 5194 male
490 5123 696 5198 factis
750 5123 1186 5214 abstineant,
1231 5120 1676 5195 satisfaciant
1724 5120 2037 5194 Domino
2080 5142 2211 5217 per
2258 5121 2655 5216 penitentie
2714 5119 2843 5194 do-

210 5233 442 5333 lorem,
485 5269 612 5341 per
657 5247 1082 5322 humilitatis
1131 5247 1491 5343 spiritum,
1544 5268 1673 5341 per
1721 5244 2051 5318 contristi
2102 5245 2341 5320 cordis
2398 5245 2839 5321 sacrificium
