3625 6059
659 545 769 604 512
1568 540 1923 599 JOHANNIS
1972 539 2418 612 BURCHARDI,
2993 543 3172 606 [ihre
3199 544 3329 606 tm]

662 699 775 772 vel
826 696 1093 788 addita,
1148 697 1415 772 nullius
1460 693 1806 794 ponderis
1855 702 1928 770 et
1974 693 2443 793 precellentie
2495 701 2676 770 erat.
2739 694 2902 768 Alia
2951 693 3330 769 observata

526 895 533 900 .
662 847 867 898 more
898 822 1137 897 solito.

761 951 987 1023 Nocte
1019 945 1391 1046 preterita,
1426 947 1620 1020 venit
1647 968 1903 1021 cursor
1929 969 2060 1043 per
2092 967 2313 1042 quem
2343 943 2751 1019 nuntiatum
2783 943 2919 1019 suit
2951 946 3088 1018 SS.
3127 948 3216 1017 D.
3249 947 3326 1016 N.

663 1073 903 1172 legam
949 1096 1109 1148 esse
1150 1070 1565 1146 conclusam
1602 1070 1791 1144 inter
1831 1071 2302 1145 Sanctitatem
2343 1092 2576 1160 suam,
2621 1091 2872 1166 regem
2913 1068 3227 1142 Francia
3265 1075 3332 1143 et

666 1196 1063 1272 dominium
1115 1201 1589 1271 Venetorum.
1642 1194 1807 1268 Fuit
1858 1195 2078 1268 etiam
2125 1219 2170 1268 a
2215 1193 2578 1268 nonnullis
2633 1193 2944 1269 relatum
2993 1197 3332 1268 Cesarem

666 1322 893 1397 filium
941 1324 1158 1420 Pape,
1208 1320 1381 1395 olim
1426 1319 1867 1394 cardinalem
1908 1319 2404 1408 Valentinum,
2457 1317 3005 1395 matrimonium
3051 1327 3334 1392 contra-

666 1445 859 1520 xisse
892 1469 1061 1519 cum
1086 1444 1235 1518 filia
1262 1443 1455 1541 regis
1482 1443 1938 1541 Neapolitani
1967 1442 2038 1516 in
2070 1442 2376 1517 Francia
2401 1441 2783 1532 existente,
2817 1441 3150 1538 illudque
3177 1467 3330 1516 car-

666 1570 812 1645 nali
843 1568 1105 1669 copula
1132 1567 1526 1643 subsecuta
1554 1591 2102 1644 consummasse
2139 1595 2155 1641 z
2191 1567 2280 1643 de
2321 1591 2464 1664 quo
2506 1575 2750 1644 tamen
2789 1567 3156 1644 certitudo
3190 1590 3326 1640 non

666 1699 775 1768 est
804 1693 1050 1774 habita
1078 1693 1205 1788 (1).

766 1817 1145 1892 Dominica
1198 1815 1427 1890 tertia
1465 1814 2059 1913 quadragesime,
2117 1838 2260 1913 que
2309 1816 2444 1892 fuit
2505 1822 2547 1892 3
2598 1816 2872 1893 mensis
2921 1819 3194 1909 martii,
3233 1823 3316 1892 R.

672 1946 757 2015 D.
809 1941 1399 2038 Christophorus,
1446 1939 1832 2037 episcopus
1882 1941 2374 2033 CortonensiS,
2433 1945 2561 2016 SS.
2608 1947 2694 2017 D.
2749 1946 2841 2017 N.
2886 1965 3082 2042 pape
3121 1944 3322 2018 assis-

670 2072 833 2138 tens
880 2063 1267 2138 celebravit
1311 2061 1609 2137 missam
1657 2063 2024 2160 publicam
2071 2065 2144 2139 in
2195 2065 2474 2163 capella
2518 2065 2873 2163 predicta,
2925 2072 3129 2166 Papa
3169 2093 3320 2166 pre-

672 2196 877 2266 sente
913 2214 930 2263 :
968 2211 1381 2264 sermonem
1424 2188 1594 2262 fecit
1624 2188 1920 2283 quidam
1958 2189 2180 2265 frater
2217 2189 2490 2264 ordinis
2528 2189 3060 2266 heremitarum
3090 2217 3152 2266 s,
3183 2197 3318 2266 Au-

672 2313 939 2412 gustini
970 2337 1102 2412 pro
1132 2318 1599 2412 procuratore
1631 2313 1960 2411 ejusdem
2001 2313 2299 2389 ordiniS.
2337 2314 2495 2390 Alia
2523 2315 2906 2390 observata
2931 2323 3105 2390 sunt
3131 2339 3314 2389 more

668 2440 913 2518 solite.
2901 2451 2908 2456 ’

766 2566 978 2642 Feria
1006 2564 1353 2648 secunda,
1384 2571 1428 2638 4
1459 2565 1628 2640 dicti
1664 2565 1936 2640 mensis
1969 2563 2230 2656 martii,
2270 2565 2398 2639 fuit
2427 2565 2942 2640 consistorium
2969 2573 3312 2642 secretum

670 2689 745 2763 in
788 2713 933 2786 quo
979 2693 1062 2761 R.
1115 2687 1189 2762 in
1227 2685 1512 2762 Christo
1550 2693 1769 2772 Pater
1804 2694 1896 2763 D.
1931 2688 2360 2763 Franciscus
2397 2688 2490 2764 de
2537 2689 2958 2777 Busleiden,
3005 2689 3316 2764 decreto·

672 2837 831 2888 rum
870 2814 1159 2904 doctor,
1195 2811 1603 2910 prepositus·
1634 2813 1944 2890 ecclesie
1975 2812 2360 2905 Leodensi,
2395 2814 2566 2888 olim
2602 2821 2994 2913 preceptor
3031 2822 3104 2890 et
3141 2835 3314 2888 nunc

672 2938 1149 3016 cancellarius
1181 2936 1392 3012 lllmi.
1426 2941 1514 3012 D.
1559 2936 1866 3035 Philippi
1897 2936 2304 3012 archiducis
2334 2936 2777 3035 Burgundie,
2811 2935 2944 3010 fuit
2972 2935 3316 3035 prefectus

670 3067 981 3142 ecclesie
1023 3065 1395 3138 Bisuntine
1434 3087 1602 3138 cum
1643 3064 2130 3140 reservatione
2171 3064 2495 3140 omnium
2532 3061 3087 3156 beneficiorum,
3130 3069 3200 3138 et
3235 3059 3318 3135 ad

552 3273 557 3278 ,
670 3191 1099 3266 relationem
1132 3189 1515 3264 cardinalis
1546 3190 1893 3286 Capuani.
1925 3207 1934 3212 ·

769 3317 979 3391 Feria
1022 3323 1302 3414 quarta,
1346 3321 1389 3389 6
1425 3315 1596 3392 dicti
1634 3316 1907 3390 mensis
1949 3317 2211 3409 martii,
2257 3320 2342 3390 R.
2387 3315 2464 3390 in
2503 3314 2790 3391 Christo
2830 3319 2911 3389 P.
2955 3319 3045 3389 D.
3084 3317 3308 3402 Josue,

672 3439 1053 3539 episcopus
1120 3439 1545 3530 Asculanus,
1608 3439 2001 3514 celebravit
2056 3438 2356 3514 missam
2421 3439 2828 3515 solemnem
2889 3438 2961 3513 in
3029 3437 3320 3516 ecclesia

673 3567 744 3642 b.
788 3565 1015 3640 Marie
1064 3564 1156 3640 de
1194 3564 1542 3655 Minerva,
1592 3567 2054 3664 presentibus
2101 3567 2614 3657 cardinalibus,
2667 3567 2950 3642 scilicet
2998 3563 3312 3664 Neapoli-

676 3699 877 3780 tano,
912 3689 1393 3766 Recanatensi
1430 3689 1818 3789 episeopis,
1855 3694 2392 3782 Beneventano,
2427 3717 2489 3765 s.
2525 3692 2896 3782 PraxediS‚
2933 3691 3217 3780 Ursino,
3261 3712 3316 3759 s.

674 3815 1026 3915 Dionysii,
1061 3814 1576 3907 AlexandrinO,
1612 3841 1674 3890 s.
1712 3817 1989 3908 CruciS,
2025 3817 2400 3909 Gurcensi,
2446 3817 2952 3915 Agrigentino,
2999 3821 3320 3913 Capuauo

670 3940 1143 4042 presbyteris,
1198 3941 1531 4033 Senensi,
1586 3966 1646 4015 s,
1702 3940 2022 4038 Georgii,
2075 3942 2448 4030 Columna,
2500 3941 3129 4030 vicecancellario,
3185 3943 3324 4014 Me-

672 4066 871 4157 dice,
928 4090 990 4140 S.
1044 4065 1393 4158 Severini,
1441 4065 1820 4157 Cesarino,
1875 4067 2215 4142 Farnesio
2268 4072 2340 4140 et
2405 4067 2696 4164 Borgia‚
2745 4067 3104 4141 diaconis.
3152 4062 3328 4139 Dixit

674 4215 897 4266 unam
936 4190 1341 4266 orationem
1386 4195 1666 4274 tantum
1710 4197 1785 4266 et
1835 4189 2080 4264 Gloria
2123 4192 2198 4280 2‘22
2243 4191 2557 4281 excelsis,
2613 4189 2866 4265 Crede.
2913 4194 3330 4266 Sermonem

675 4322 842 4414 post
892 4315 1348 4414 evangelium
1410 4314 1586 4392 fecit
1650 4315 1945 4412 quidam
2001 4316 2464 4392 Marchianus
2520 4315 2898 4390 familiaris
2955 4313 3326 4392 cardinalis

672 4440 1157 4540 Neapolitani.
1193 4441 1475 4518 Chorus
1502 4441 1638 4516 fuit
1668 4440 2066 4530 ordinatus,
2106 4447 2320 4539 prout
2349 4441 2726 4517 fierisolet
2753 4441 3043 4517 infesto
3071 4461 3326 4516 annun-

675 4567 995 4644 tiationis
1028 4569 1097 4644 b.
1142 4569 1369 4645 Marie
1411 4568 1732 4667 virginis„
1770 4576 1844 4643 et
1887 4576 1966 4643 ut
1993 4568 2486 4667 superioribus
2541 4567 2750 4643 annis
2788 4568 3031 4643 fuerat
3059 4566 3328 4644 ordina·-

749 4771 801 4827 1.
844 4770 951 4828 Les
981 4771 1201 4830 articles
1230 4773 1299 4828 de
1330 4771 1385 4828 la
1409 4771 1561 4846 ligne
1592 4777 1745 4830 entre
1770 4770 1936 4829 Louis
1965 4772 2068 4829 XII
2099 4779 2156 4830 et
2181 4771 2234 4830 la
2260 4771 2580 4847 republique
2607 4772 2677 4828 de
2706 4771 2913 4830 Venise
2935 4771 3122 4829 furent
3151 4771 3324 4845 signes

674 4863 711 4917 a
738 4857 915 4924 Blois,
945 4857 997 4915 le
1032 4860 1069 4916 9
1106 4859 1303 4918 sevrier
1341 4861 1527 4918 1495:
1567 4859 1635 4917 ils
1684 4867 1812 4918 sont.
1846 4859 2062 4935 publies
2107 4861 2250 4918 dans
2289 4862 2522 4932 Sanut0,
2561 4867 2606 4918 t.
2651 4861 2724 4933 11,
2755 4859 2859 4922 col.
2895 4862 3026 4920 522.
3058 4861 3235 4931 Quant
3261 4874 3320 4915 au

675 4947 923 5021 mariage
951 4947 1020 5004 de
1050 4947 1220 5006 Cesar
1247 4967 1379 5008 avec
1408 4949 1687 5007 Charlotte
1714 4951 2014 5024 d'Aragon,
2048 4951 2085 5006 il
2114 4969 2180 5008 en
2211 4950 2292 5008 fut
2327 4950 2582 5026 question
2610 4949 2847 5025 quelque
2873 4956 3056 5025 temps
3085 4949 3314 5022 (Sanuto,

674 5035 780 5095 col.
806 5037 959 5109 558),
990 5037 1128 5094 mais
1167 5037 1249 5095 les
1284 5039 1662 5113 negociations
1690 5047 1861 5116 ayant.
1887 5041 2114 5111 cohme,
2156 5058 2230 5097 on
2265 5039 2418 5115 parla
2452 5039 2522 5096 de
2559 5039 2610 5097 le
2644 5039 2842 5097 murier
2875 5055 3010 5096 avec
3045 5037 3100 5096 la
3133 5036 3236 5093 fille
3259 5035 3318 5092 de

673 5125 1068 5200 monseigneur
1118 5125 1365 5186 d’Albert
1418 5151 1449 5181 «
1498 5127 1551 5186 la
1591 5129 1715 5205 plus
1760 5129 1903 5188 belle
1949 5129 2060 5188 fille
2105 5131 2175 5187 de
2228 5129 2434 5188 France
2480 5152 2534 5201 n,
2585 5129 2731 5188 alors
2777 5132 2914 5203 agee
2951 5129 3020 5186 de
3059 5126 3196 5185 seize
3227 5139 3314 5182 ans

644 5211 936 5284 ,(Sanuto,
966 5214 1071 5273 col.
1100 5216 1252 5288 558).
1284 5215 1360 5273 Le
1386 5217 1629 5292 mariage
1657 5225 1753 5277 eut
1777 5217 1886 5276 lieu
1916 5215 1967 5276 le
1997 5219 2066 5276 12
2091 5218 2200 5276 mai
2229 5219 2388 5280 1499.
2605 5221 2609 5224 ’
