3625 6059
812 528 921 585 252
1726 522 1756 579 J
1762 520 2006 579 OHANN
2011 520 2077 577 IS
2131 516 2574 591 BURCHARDI,
2983 516 3250 580 [necemhre
3271 522 3366 585 ¹49⁵]

815 681 1202 779 episcopus
1225 676 1779 754 Concordiensis
1806 675 1978 750 fecit
2007 674 2410 749 orationem
2441 674 2531 749 de
2548 673 2696 771 liga
2715 672 3236 770 supradictaque
3259 682 3369 770 post

816 806 1111 879 modum
1140 804 1273 877 suit
1326 804 1684 900 impressa
1723 801 1982 877 eadem
2015 800 2129 874 die
2173 806 2302 900 (1).
2341 803 2494 886 Qua
2535 799 2863 873 oratione
2895 796 3105 888 finita,
3133 820 3373 895 pronun·
3496 797 3502 852 ἶ

817 931 1024 1005 ciavit
1054 927 1323 1028 populo
1354 927 1716 1026 plenarias
1734 926 2219 1023 indulgentias
2239 924 2838 1000 interessentibus
2865 946 3214 998 concessas
3231 946 3372 997 more
3496 969 3505 978 -

818 1056 1064 1145 solito;
1101 1053 1359 1151 quibus
1388 1053 1773 1152 publicatis
1800 1059 2176 1150 apportato
2209 1052 2343 1127 sibi
2373 1052 2465 1125 ab
2495 1050 2994 1125 assistentibus
3019 1048 3204 1139 libro,
3235 1048 3374 1121 ince-
3496 984 3505 1101 i

818 1182 920 1279 pit
972 1188 1265 1254 cantare
1302 1204 1318 1253 ε
1360 1180 1456 1253 Te
1505 1180 1740 1253 Deum
1787 1177 2235 1268 Laudamm,
2279 1184 2450 1267 etc.‚
2504 1176 2699 1273 quod
2745 1184 3070 1249 cantores
3104 1172 3378 1271 persecuti
3500 1192 3502 1223 ÷

818 1315 987 1380 sunt
1020 1329 1249 1402 usque
1282 1305 1374 1379 ad
1404 1304 1654 1380 finem.
1688 1306 1890 1378 Tunc
1921 1306 2117 1401 Papa
2149 1302 2516 1378 inchoavit
2551 1302 2777 1375 Pater
2803 1301 3082 1390 Noster,
3123 1298 3379 1395 sicutpro
3500 1348 3502 1351 >

817 1431 1119 1506 mortuis
1145 1429 1306 1504 fieri
1336 1430 1546 1520 solet,
1565 1430 1756 1526 quod
1776 1428 1966 1503 male
1993 1428 2294 1517 sonavit,
2322 1428 2584 1502 etdixit
2601 1426 2990 1501 versiculos
3009 1448 3162 1499 cum
3175 1422 3382 1497 duobus

818 1557 1267 1630 orationibus
1323 1556 1394 1629 in
1456 1554 1945 1653 publicatione
1998 1552 2329 1627 federum
2373 1575 2506 1650 pro
2552 1551 2979 1625 defensione
3029 1546 3301 1623 Ecclesia
3339 1552 3386 1620 et

813 1682 1017 1780 pacis
1044 1682 1591 1757 conservatione
1622 1678 1796 1753 inite
1821 1704 1840 1769 3
1878 1678 2138 1787 deinde
2163 1679 2432 1777 populo
2465 1677 2832 1752 benedixit
2861 1677 2985 1774 (2).

912 1806 1121 1881 Feria
1142 1806 1415 1902 quinta,
1444 1810 1533 1879 10
1562 1804 1998 1895 decembriS,
2022 1803 2121 1877 fui
2150 1826 2318 1877 cum
2348 1808 2556 1877 Rmo.
2583 1807 2667 1878 D.
2695 1800 3040 1876 cardinali
3056 1802 3230 1875 abeo
3249 1822 3392 1873 voea-

814 1939 959 2021 tus,
990 1932 1113 2028 qui
1160 1930 1353 2004 mihi·
1385 1930 1560 2003 dixit
1612 1933 1739 2005 SS.
1788 1933 1876 2003 D.
1929 1937 2262 2004 nostrum
2311 1928 2429 2003 die
2476 1928 2840 2003 dominica
2879 1927 3194 2026 proxime
3219 1925 3394 1999 futura

818 2058 1159 2133 statuisse
1193 2056 1741 2154 processionem
1776 2054 2193 2152 generalem
2221 2054 2380 2128 fieri
2417 2076 2462 2127 a
2497 2052 2694 2129 clero
2731 2052 2944 2127 Urbis
2987 2052 3076 2127 ad
3101 2050 3392 2125 basilicam

816 2208 875 2258 s,
910 2181 1135 2279 Petri,
1170 2183 1261 2257 ad
1285 2204 1500 2279 quam
1527 2182 1744 2255 etiam
1779 2182 2136 2255 Sanctitas
2178 2204 2310 2254 sua
2348 2158 2516 2253 cum
2560 2176 3049 2254 cardinalibus
3077 2181 3142 2251 et
3169 2172 3395 2274 prelatis

816 2334 904 2384 ea
929 2308 1044 2384 die
1086 2306 1337 2383 venire
1367 2306 1584 2382 vellet
1613 2306 1687 2379 in
1716 2304 2159 2403 paramentis
2205 2305 2388 2380 albis
2429 2306 2522 2380 ad
2563 2304 3112 2402 supplicandum
3137 2300 3397 2395 omnipo-

816 2436 997 2509 tenti
1031 2439 1184 2531 Deo
1226 2456 1356 2530 pro
1386 2432 1575 2507 aeris
1607 2432 1999 2508 serenitate
2033 2460 2049 2507 :
2085 2431 2540 2507 commisisse
2579 2432 3056 2507 Sanctitatem
3101 2452 3284 2503 suam
3309 2424 3400 2522 ipsi

814 2558 1010 2657 quod
1047 2556 1467 2656 hujusmodi
1504 2558 2051 2653 processionem
2088 2558 2246 2631 fieri
2286 2557 2680 2649 ordinaret,
2724 2580 2856 2654 pro
2905 2560 3120 2655 cujus
3155 2550 3404 2629 mandati

815 2682 1245 2758 executione
1293 2680 1747 2756 commisisse
1800 2680 2067 2756 vicario
2122 2682 2331 2756 Urbis
2372 2681 2564 2779 quod
2602 2681 2906 2773 clerum,
2959 2686 3330 2757 conventus
3359 2680 3412 2749 et

814 2807 1191 2907 religiosos
1224 2814 1609 2904 exemptos
1640 2813 2070 2881 convocaret
2093 2784 2187 2913 ad
2201 2806 2586 2883 ecclesiam
2610 2832 2670 2881 s.
2693 2806 3058 2882 Laurentii
3078 2808 3149 2881 in
3165 2808 3412 2880 Damaso

813 2937 904 3010 ‘de
932 2934 1151 3025 Urbe,
1177 2930 1505 3032 predicta
1522 2932 1639 3006 die
1664 2931 2056 3025 dominica,
2079 2932 2353 3007 ethera
2372 2933 2659 3008 circiter
2687 2934 3414 3031 quindecimaproces-

816 3060 1191 3135 sionaliter
1238 3080 1497 3134 omnes
1540 3056 1871 3133 venirent
1913 3058 2006 3132 ad
2048 3058 2318 3132 dictam
2371 3058 2739 3135 basilicam
2787 3082 2920 3155 pro
2963 3057 3154 3134 hora
3195 3052 3417 3130 decima

818 3338 823 3345 ’
886 3350 939 3407 1.
982 3370 1013 3411 α,
1034 3349 1227 3406 Sermo
1255 3346 1477 3405 babitus
1498 3347 1673 3404 Rome
1702 3344 1757 3400 in
1778 3330 2012 3402 ecclesia
2027 3342 2217 3402 Sancti
2239 3343 2384 3401 Petri
2411 3342 2572 3401 indie
2601 3342 2900 3418 palmarum
2929 3361 3082 3401 anno
3109 3338 3297 3400 domini
3323 3338 3424 3394 ¹495

812 3454 991 3495 coram
1024 3438 1384 3495 Sanctissimo
1412 3435 1467 3494 in
1498 3436 1723 3495 Christo
1752 3435 1916 3491 Patre
1945 3439 2001 3489 et.
2023 3432 2256 3490 Domino
2283 3429 2471 3491 n’ostro
2499 3434 2568 3489 D.
2586 3432 2898 3490 Alexandro
2925 3433 3116 3490 divina
3141 3425 3425 3507 providentia

810 3529 961 3603 Papa
996 3527 1239 3596 sexto‘in
1276 3526 1644 3603 publicatione
1684 3522 2146 3583 confederationis
2189 3522 2322 3579 inite
2355 3522 2498 3579 inter
2532 3522 2714 3597 ipsum
2743 3541 2807 3579 ac
2839 3522 3212 3581 Romanorum
3239 3526 3288 3577 ct
3317 3517 3427 3593 nys-
3504 3558 3505 3585 2

810 3617 975 3692 panie
1021 3635 1205 3692 regesi,
1253 3617 1696 3689 Venetorumque
1725 3622 1890 3689 atque
1927 3614 2423 3675 Mediolanensium
2451 3616 2622 3675 duces
2653 3632 2749 3691 per
2792 3616 3158 3673 reverendum
3203 3610 3428 3671 dominum
3504 3604 3505 3673 ζ

811 3706 1129 3765 Leonellum
1167 3708 1237 3764 de
1266 3705 1607 3777 Chieregatis
1634 3704 1976 3762 decretorum
2005 3705 2281 3761 doctorem
2323 3704 2642 3780 episcopum
2681 3704 3137 3761 concordiensem
3163 3720 3226 3759 ac
3257 3694 3432 3757 Sancti·

809 3796 941 3857 tatis
972 3814 1073 3853 sue
1100 3795 1523 3854 referendarium
1562 3793 1942 3853 domesticum.
1987 3816 2018 3847 >³
2051 3794 2148 3865 (Se
2178 3799 2368 3853 trouve
2396 3787 2538 3852 dans
2569 3794 2800 3853 Sanum.
2833 3810 2970 3854 mss,
3007 3796 3171 3866 1422,
3209 3792 3295 3850 fol.
3328 3787 3432 3851 113:

810 3886 952 3947 omis
982 3886 1038 3947 d.
1071 3885 1237 3945 l'edit..
1262 3886 1331 3943 de
1359 3884 1561 3969 Fulin.)

878 3979 934 4036 2.
980 3999 1010 4030 «
1037 3977 1086 4033 A
1115 3976 1292 4033 Roma
1327 3976 1491 4033 etiam
1519 3977 1574 4033 fo
1611 3976 1745 4033 fatto
1784 3976 1842 4031 in
1879 3975 1956 4033 tal
1993 3993 2157 4033 zorno
2188 3992 2326 4049 gran
2367 3974 2748 4049 solemnitade,
2783 3974 3004 4050 perche,
3035 3975 3287 4033 havendo
3311 3972 3440 4029 bene·

809 4069 960 4126 detto
998 4066 1049 4123 le
1097 4065 1295 4142 palme,
1329 4065 1472 4123 ando
1522 4065 1571 4124 el
1608 4065 1878 4123 Pontiflce
1925 4083 1958 4121 a
1995 4064 2058 4121 S.
2099 4064 2282 4135 Piero,
2323 4072 2378 4123 et
2422 4063 2473 4121 el
2511 4065 2660 4123 card.
2705 4064 3041 4135 Benevento,
3079 4065 3138 4122 fo
3175 4066 3358 4138 nepote
3387 4057 3441 4113 de

810 4156 1151 4229 Innocentio,
1178 4156 1329 4215 disse
1356 4173 1562 4227 messa,
1594 4161 1653 4213 et.
1676 4160 1943 4215 mostrato
1973 4173 2082 4213 uno
2112 4154 2276 4231 legno
2295 4154 2364 4211 de
2393 4153 2560 4228 quelli
2571 4155 2628 4213 fo
2655 4154 2818 4213 ficato
2847 4152 2899 4211 el
2926 4154 3262 4230 Redemptor
3287 4155 3442 4209 nostm

819 4264 886 4303 su
910 4246 963 4303 la
1003 4244 1103 4317 ψ,
1131 4264 1235 4304 con
1262 4244 1429 4303 molta
1457 4245 1767 4316 devotione,
1798 4252 1854 4303 et
1889 4245 1947 4301 in
1985 4245 2194 4302 chiesia
2218 4245 2344 4302 tutti
2373 4244 2513 4302 oltra
2548 4242 2728 4301 l’olivo
2763 4244 2976 4302 haveva
3013 4262 3125 4301 una
3161 4239 3373 4301 candela
3399 4236 3444 4291 in

808 4330 992 4395 inane.
1026 4336 1094 4392 Et
1120 4335 1172 4392 fo
1201 4335 1335 4394 fatto
1366 4352 1475 4391 una
1502 4335 1745 4417 oratione
1782 4352 1883 4408 per
1923 4335 1972 4392 el
2001 4352 2235 4393 vescovo
2275 4335 2343 4391 de
2381 4335 2704 4407 Concordia,
2733 4334 3013 4393 vicentino
3051 4335 3120 4393 de
3151 4352 3286 4391 caxa
3309 4330 3446 4389 chie-

808 4430 1021 4500 regat0,
1048 4424 1107 4482 in
1136 4424 1451 4482 laudatione
1478 4425 1533 4480 di
1564 4424 1639 4483 tal
1666 4424 1826 4499 lega3
1857 4424 1914 4479 la
1941 4426 2069 4499 qual
2105 4425 2202 4499 qui
2229 4432 2374 4483 sotto
2403 4424 2530 4483 sata
2559 4422 2750 4484 scritta
2775 4433 2833 4483 et
2866 4424 2959 4500 poi
2984 4424 3284 4500 publicata.
3313 4421 3450 4477 ‘runo

806 4513 935 4593 quel
964 4530 1128 4573 zorno
1166 4514 1222 4570 in
1260 4514 1438 4571 Roma
1475 4519 1612 4571 sono
1644 4532 1927 4589 campane,
1960 4514 2096 4573 etin
2126 4514 2296 4572 castel
2333 4516 2510 4573 Santo
2546 4514 2752 4573 Anzolo
2781 4512 3014 4585 trombe,
3045 4522 3103 4572 et.
3135 4513 3198 4570 in
3235 4528 3366 4569 cua
3397 4509 3454 4563 de

808 4602 1084 4661 Cardinali
1120 4604 1331 4677 grande
1372 4603 1621 4677 alegreza
1660 4611 1714 4663 et
1745 4604 1801 4659 in
1842 4621 1977 4659 caxa
2016 4602 2075 4659 di
2112 4602 2505 4661 l'ambassador
2531 4612 2728 4663 veneto
2757 4605 2809 4662 fo
2845 4611 3040 4663 tenuto
3076 4609 3228 4662 corte
3255 4598 3452 4658 bandis,

808 4696 911 4749 'con
950 4690 1310 4763 confectione,
1343 4699 1482 4764 etc.;
1511 4692 1638 4750 tutti
1678 4692 1898 4750 cridava
1937 4709 1952 4749 ι
1993 4693 2206 4751 Marco!
2248 4694 2462 4751 Marco!
2493 4694 2562 4752 Et.
2596 4712 2631 4751 a
2661 4701 2860 4769 questa
2890 4695 3250 4769 processione
3281 4708 3384 4749 non
3417 4686 3464 4743 vi

808 4777 973 4855 volgo
1000 4781 1154 4839 venir
1190 4782 1242 4841 el
1272 4781 1528 4841 Cardinal
1556 4782 1611 4838 di
1640 4783 1702 4839 S.
1736 4782 1987 4840 Dionisio
2021 4782 2266 4841 franzese
2294 4788 2364 4840 ne
2393 4783 2612 4841 l'orator
2637 4784 2696 4841 di
2723 4783 2946 4843 Franza.
2979 4784 3050 4843 Et
3075 4782 3163 4860 poi
3195 4782 3248 4841 la
3277 4798 3392 4839 sera
3415 4782 3462 4833 et

808 4869 866 4927 in
894 4868 1120 4928 castello
1158 4878 1214 4929 et
1242 4889 1378 4929 caxa
1415 4871 1482 4928 de
1522 4869 1795 4928 Cardinali
1829 4869 2023 4945 prelati
2061 4876 2116 4927 et
2151 4870 2526 4929 ambassadori
2553 4872 2609 4929 t'o
2637 4872 2771 4930 fatto
2800 4888 2940 4948 gran
2965 4872 3118 4947 fungi
3145 4879 3207 4929 et.
3233 4868 3468 4930 lumiem

808 4964 863 5015 et
881 4956 956 5014 dil
982 4966 1182 5017 veneto
1210 4960 1307 5036 piu
1335 4959 1389 5015 di
1422 4959 1779 5018 1001umiere
1817 4978 1850 5017 a
1886 4967 2048 5018 torno
2084 4959 2139 5017 la
2176 4978 2278 5019 sua
2313 4978 2450 5017 caxa
2486 4968 2540 5019 et
2568 4960 2701 5019 fatto
2736 4961 2812 5019 do
2848 4980 2987 5037 gran
3025 4960 3176 5036 fuogi
3207 4960 3268 5017 in
3309 4974 3470 5033 segne

808 5049 883 5113 de
922 5046 1317 5108 consolatione.
1359 5047 1429 5105 Et
1465 5048 1516 5105 el
1550 5066 1717 5107 zorno
1752 5050 1962 5120 driedo,
1993 5049 2047 5107 fo
2083 5067 2118 5106 a
2153 5051 2207 5105 dl
2248 5052 2316 5107 13
2351 5050 2511 5125 april,
2551 5048 2951 5108 l’ambassador
2985 5052 3122 5109 ditto
3155 5050 3238 5107 dil
3279 5048 3364 5107 Re
3407 5047 3470 5102 de

808 5138 1017 5220 Etanna
1046 5141 1187 5213 parti
1212 5138 1287 5195 da
1312 5137 1490 5194 Roma
1515 5138 1623 5195 mal
1650 5145 1908 5197 contento
1937 5145 1994 5197 et
2018 5139 2223 5197 ritorno
2244 5139 2502 5215 aNapoli.
2536 5162 2567 5193 »
2589 5141 2822 5211 Sanuto,
2843 5159 2900 5215 p.
2933 5142 3057 5199 306.
3079 5132 3474 5213 -Lejoumd

802 5228 870 5284 de
902 5226 1186 5285 Burchard
1212 5230 1469 5304 presente
1489 5245 1597 5286 une
1626 5228 1820 5287 lacune
1849 5227 1917 5286 de
1944 5230 1980 5283 8
2009 5229 2170 5299 mois,
2201 5230 2277 5288 du
2309 5231 2377 5287 12
2407 5230 2542 5288 avril
2569 5248 2641 5288 au
2673 5233 2740 5288 10
2767 5230 3055 5290 decembre
3085 5228 3242 5287 1495.
