3625 6059
781 529 888 585 590
1685 524 2039 582 JOHANNIS
2086 523 2531 594 nuncnfflm,
2854 567 2863 577 .
2974 524 3375 591 [Decembrem]
3489 587 3490 614 2

786 683 1084 757 tentiam
1135 681 1527 756 salutarem
1585 679 2007 778 injungendi
2064 679 2383 776 plenam,
2434 677 2739 755 liberam
2804 685 2883 753 et
2932 679 3373 765 omnimodam,

782 809 1210 883 auctoritate
1238 807 1634 905 apostolica
1663 813 1736 881 et
1771 830 1861 878 ex
1891 811 2087 879 certa
2129 805 2455 896 scientia,
2496 811 2749 880 tenore
2789 805 3227 903 presentium
3254 831 3377 882 con·
3489 811 3490 826 ¹

781 933 1104 1009 cedimus
1131 931 1547 1007 facultatem
1587 931 1951 1027 quibusvis
1982 932 2141 1005 aliis
2174 931 2719 1006 confessoribus
2750 931 3195 1005 secularibus
3220 939 3278 1006 et
3300 957 3379 1008 re·
3489 915 3490 942 ³

778 1057 1056 1155 ligiosis
1090 1058 1166 1130 in
1194 1057 1386 1131 dicta
1425 1055 1611 1131 Urbe
1645 1061 1716 1129 et
1751 1062 1955 1130 extra
1993 1078 2239 1130 muros
2266 1055 2459 1130 illius
2492 1060 2565 1129 et
2592 1055 2763 1129 illuc
2794 1055 3102 1130 ubilibet
3130 1056 3381 1131 existen-

777 1181 998 1274 tibus,
1034 1205 1528 1280 quascumque
1551 1180 1933 1256 facultates
1962 1181 2035 1255 in
2070 1181 2277 1255 dictis
2304 1180 2589 1256 casibus
2616 1181 3010 1256 reservatis
3034 1180 3377 1256 absolvendi

780 1331 824 1379 a
879 1305 1086 1380 nobis
1140 1315 1214 1382 et
1248 1305 1422 1380 sede
1459 1305 1814 1403 predicta,
1857 1305 2079 1379 verbo
2134 1306 2248 1380 vel
2292 1305 2577 1403 scriptis
2620 1306 2869 1381 forsan
2924 1305 3373 1380 obtinentibus

781 1437 848 1507 et
893 1432 952 1505 si
989 1432 1061 1505 in
1107 1433 1212 1507 eis
1253 1437 1625 1507 caveretur
1667 1454 2037 1529 expresse,
2076 1433 2268 1528 quod
2306 1431 2447 1506 illis
2486 1433 2933 1522 nullatenuS,
2970 1433 3077 1504 vel
3116 1455 3245 1506 non
3278 1435 3379 1506 nisi

776 1557 908 1629 sub
955 1557 1172 1632 certis
1211 1557 1574 1656 expressis
1615 1557 1833 1632 modo
1874 1566 1948 1630 et
1990 1555 2227 1631 forma
2264 1563 2388 1631 aut
2423 1557 2940 1655 conceptione,
2993 1555 3102 1631 vel
3141 1581 3375 1654 expres-

777 1682 980 1756 sione
1009 1683 1395 1757 verborum
1428 1681 1762 1779 derogari
1783 1687 2105 1779 possent,
2136 1704 2229 1756 ne
2260 1681 2605 1779 aliquam,
2640 1683 2837 1757 dicto
2873 1705 3069 1755 anno
3106 1663 3375 1762 durante.

780 1805 1194 1883 facultatem
1233 1809 1719 1906 predictarum
1755 1812 2087 1903 pretextu
2118 1805 2193 1879 in
2242 1806 2451 1881 dictis
2482 1807 2770 1881 casibus
2802 1807 3181 1883 reservatis
3206 1808 3381 1882 absol-

779 1955 942 2007 vere
981 1957 1268 2031 quoquo
1305 1933 1521 2007 modo
1561 1940 2009 2030 presumant,
2050 1933 2183 2006 sub
2224 1933 3005 2008 excommunicationis
3040 1938 3110 2006 et
3146 1933 3380 2008 anathe-

781 2056 1252 2131 matizationis
1311 2057 1454 2132 late
1516 2058 1875 2134 sententie
1933 2081 2149 2155 pena,
2203 2080 2416 2155 quam
2475 2058 3083 2134 contrafacientes
3136 2081 3215 2131 eo
3264 2059 3377 2154 ipso

780 2180 1171 2273 incurrant,
1209 2189 1282 2257 et
1312 2205 1356 2256 a
1385 2206 1527 2280 qua
1550 2205 1697 2257 non
1727 2182 1863 2255 nisi
1898 2205 1940 2256 a
1968 2183 2175 2257 nobis
2208 2188 2281 2257 et
2311 2185 2862 2286 successoribus
2902 2184 3162 2260 nostris
3188 2185 3375 2258 Ponti-

781 2305 1039 2380 ficibus
1085 2307 1404 2382 romanis
1444 2307 1795 2382 canonice
1836 2307 2293 2400 intrantibuS,
2339 2316 2805 2407 preterquam
2850 2310 3105 2384 mortis
3140 2307 3373 2384 articulo

782 2433 1179 2522 constituti,
1225 2432 1492 2507 absolvi
1541 2433 1822 2530 possint
1861 2432 2437 2534 quibuscumque
2492 2437 2551 2510 si
2595 2437 3107 2514 inobedientes
3147 2435 3369 2511 fuerint.

785 2561 860 2628 ut
886 2555 1270 2652 prefertur,
1293 2554 1834 2652 predicationiS,
1864 2556 2222 2646 lectionis,
2249 2558 2787 2652 abmonitionis,
2817 2569 3373 2636 sacramentorum

785 2685 858 2755 et
914 2679 1250 2754 audiendi
1313 2681 1836 2772 confessiones,
1895 2681 2141 2756 officia
2194 2682 2721 2778 interdicimuS,
2786 2685 3182 2762 dictrictius
3234 2683 3373 2757 iubi-

782 2806 1064 2896 bentes,
1135 2806 1595 2904 predicantes
1663 2814 1735 2882 et
1799 2807 2247 2883 declarantes
2315 2818 2563 2908 aperte
2640 2811 3273 2910 transgressoribus
3322 2816 3373 2880 et

775 2933 1394 3030 contemptoribus
1439 2932 1810 3030 predictiS,
1856 2956 1989 3005 nos
2039 2935 2321 3030 gravius
2372 2943 2628 3010 contra
2680 2961 2806 3011 eos
2858 2937 3287 3035 spiritualiter
3318 2943 3365 3006 et

776 3058 1268 3155 temporaliter
1306 3080 1803 3156 processurOS,
1849 3064 1922 3130 et
1964 3057 2437 3134 nihilominus
2478 3061 2824 3160 quidquid
2878 3062 3157 3161 egerint
3186 3057 3367 3135 absol·

775 3182 1036 3272 vend0‚
1085 3183 1194 3259 vel
1235 3184 1412 3258 alias
1459 3183 1726 3257 nullius
1768 3183 1861 3257 sit
1903 3184 2185 3257 roboris
2225 3185 2338 3260 vel
2379 3187 2759 3279 momenti,
2794 3212 2949 3263 non
2992 3186 3371 3264 obstantibus

771 3307 1146 3404 premissis
1186 3306 1818 3383 constitutionibus
1849 3315 1923 3385 et
1962 3309 2533 3387 ordinationibus
2574 3315 2994 3411 apostolicis
3032 3313 3371 3407 ceterisque

771 3433 1148 3506 contrariis
1199 3434 1808 3530 quibuscumque3
1852 3436 2188 3508 studeant
2244 3437 2466 3534 igitur
2518 3462 2772 3513 omnes
2821 3441 3089 3514 Christi
3141 3437 3367 3522 fideles,

771 3562 850 3631 ut
880 3562 1245 3648 tenentur,
1279 3558 1424 3632 hoc
1467 3582 1674 3633 sacro
1706 3583 1899 3634 anno
1931 3560 2183 3658 jubilei
2221 3563 2443 3636 corda
2486 3589 2615 3638 sua
2654 3565 3011 3641 altissimo
3050 3585 3370 3665 preparare

773 3705 1162 3781 moresque
1199 3690 1271 3759 et
1299 3684 1515 3759 vitam
1555 3686 1631 3759 in
1672 3685 1932 3761 melius
1971 3693 2447 3778 commutare,
2480 3691 2571 3764 ab
2615 3690 2883 3764 illicitis
2922 3692 3249 3767 desistere
3278 3711 3371 3786 per

771 3807 1198 3882 humilitatis
1229 3808 1587 3907 spiritum,
1621 3833 1754 3907 per
1783 3811 2070 3886 contriti
2101 3812 2339 3887 cordis
2372 3815 2836 3908 sacrificium,
2868 3812 3371 3916 cooperantibus·

774 3933 1260 4034 eleemosynis
1292 3943 1362 4010 et
1396 3935 2105 4032 peregrinationibus
2143 3937 2587 4033 satisfacere,
2624 3948 2702 4016 ut
2732 3941 3069 4017 basilicas
3098 3948 3165 4016 et
3192 3936 3371 4013 eccle-

770 4060 912 4135 sias
941 4061 1304 4158 predictas
1335 4061 1729 4152 visitanteS,
1762 4063 2043 4153 devote,
2077 4087 2245 4136 vere
2274 4065 2686 4161 penitentes
2724 4074 2799 4142 et
2842 4066 3153 4143 confessi
3187 4065 3367 4162 ipsam

771 4186 1269 4283 plenissimam
1323 4187 1492 4260 anni
1539 4186 1792 4284 jubilei
1845 4187 2364 4286 indulgentiam
2420 4199 2493 4266 et
2544 4194 3199 4268 reconciliationem
3244 4207 3367 4260 cum

766 4311 1068 4409 pissimo
1101 4313 1587 4411 Redemptore
1621 4321 1870 4386 nostro
1898 4337 2030 4411 per
2074 4337 2329 4389 eorum
2368 4318 2627 4392 merita
2656 4343 2741 4394 ac
2780 4319 2973 4396 bona
3010 4339 3219 4418 opera
3242 4333 3368 4388 con-

771 4438 974 4535 sequi
1008 4444 1448 4514 mereantur.

867 4565 1178 4640 Nomina
1209 4589 1378 4641 vero
1408 4565 1768 4641 dictorum
1797 4568 2362 4666 penitentiorum
2400 4579 2565 4646 sunt
2593 4572 2760 4662 hec,
2798 4572 3121 4648 videlicet
3152 4594 3167 4643 ε
3200 4569 3369 4642 Fran·

765 4694 1006 4768 ciscus
1063 4690 1445 4790 episcopus
1497 4692 2156 4791 Milopotamensis;
2207 4694 2599 4771 Riccardus
2648 4701 2885 4796 Trapp
2934 4698 3005 4772 in
3040 4693 3283 4772 artibus
3312 4693 3365 4760 et
3489 4705 3490 4746 1

769 4818 1136 4916 theologia
1181 4818 1570 4916 magister3
1617 4819 1881 4894 Paulus
1929 4819 2020 4894 de
2071 4823 2287 4896 Curte
2340 4821 2613 4896 ordinis
2658 4824 3202 4922 predicatorum,
3232 4835 3361 4914 pro-

764 4945 1025 5035 fessor,
1073 4944 1290 5019 etiam
1342 4943 1417 5017 in
1473 4943 1748 5018 artibus
1806 4951 1879 5021 et
1927 4946 2291 5044 theologia
2336 4947 2726 5045 magister;
2776 4949 3109 5025 Claudius
3154 4939 3360 5021 Cathe-

761 5068 916 5158 lini,
966 5067 1238 5144 ordinis
1291 5068 1598 5144 fratrum
1657 5072 2180 5148 heremitarum
2226 5099 2285 5146 s.
2338 5074 2722 5172 Augustini
2768 5077 3150 5174 professor,
3190 5065 3354 5143 etiam

766 5191 838 5265 iu
891 5193 1262 5292 theologia
1297 5195 1670 5293 magister,
1715 5198 2085 5274 Johannes
2132 5198 2221 5273 de
2260 5199 2689 5291 Malaleone,
2725 5199 2995 5276 ordinis
3026 5198 3347 5275 Minorum.
