3625 6059
216 571 382 634 [Aom
414 572 566 633 1497]
895 570 1148 627 RERUM
1197 572 1654 631 URBANARUM
1702 572 2226 632 COMMENTARII.
2260 618 2263 621 .
2794 574 2901 636 397

221 724 727 815 cubiculariiS,
758 724 1185 800 caudatariis
1217 750 1521 802 numero
1548 750 1699 816 cco,
1735 727 1968 803 facule
2008 728 2249 803 medie
2278 727 2458 802 libre
2483 751 2617 827 pro
2651 753 2898 809 came-

223 851 498 925 ralibus
531 856 606 925 et
631 850 1166 948 paratrenariiS,
1199 876 1509 928 numero
1539 878 1666 928 ccc
1695 878 1710 942 ;
1740 854 1977 929 facule
2014 862 2324 952 quatuor
2358 855 2900 959 unciarum-pro

221 984 466 1051 castro
495 976 771 1054 doloris
803 983 874 1050 et
904 975 1061 1049 aliis
1094 1000 1401 1051 numero
1431 1002 1520 1069 Μ;
1557 978 1861 1053 candele
1890 980 1979 1055 de
2008 1006 2099 1051 xx
2128 1004 2260 1078 pro
2287 981 2471 1055 libra
2496 1004 2627 1079 pro
2659 982 2901 1056 missis

223 1099 456 1175 bassis
489 1101 676 1175 libre
703 1125 869 1173 xxx.

319 1228 752 1302 ordinatum
791 1226 926 1299 fuit
963 1225 1158 1321 quod
1196 1227 1614 1303 dicerentur
1653 1234 1946 1303 centum
1977 1230 2199 1304 misse
2230 1230 2443 1306 basse
2480 1238 2552 1305 et
2583 1231 2900 1330 deputati

225 1356 342 1452 qui
391 1350 857 1427 celebrantes
907 1357 1340 1425 annotarent
1388 1360 1459 1425 et
1512 1354 1809 1451 singulis
1860 1378 2085 1429 unum
2136 1356 2557 1431 carolenum
2602 1355 2899 1445 darent;

227 1478 474 1553 nescio
507 1485 756 1551 tamen
804 1476 979 1573 quid
1017 1476 1210 1551 circa
1249 1476 1390 1551 hoc
1428 1479 1696 1553 sactum
1729 1485 1866 1553 est.
1905 1482 2007 1551 Ex
2050 1479 2329 1576 capella
2366 1486 2615 1555 nostra
2643 1480 2907 1579 portati

227 1605 515 1679 fuerunt
560 1602 726 1678 libri
773 1608 844 1676 et
893 1600 1350 1691 candelabra,
1390 1601 1835 1677 thuribulum
1868 1610 1940 1677 et
1972 1603 2345 1694 navicella,
2378 1628 2501 1678 vas
2544 1629 2678 1703 pro
2720 1629 2909 1703 aqua

231 1736 477 1805 sancta
520 1736 596 1803 et
642 1728 940 1826 pallium
984 1726 1226 1801 altaris
1281 1734 1354 1802 et
1401 1735 1829 1826 paramenta
1870 1730 2315 1805 necessaria.
2345 1731 2904 1805 Pretermissum

232 1863 466 1929 autem
521 1854 662 1927 fuit
708 1852 1214 1941 faldistorium,
1263 1853 1704 1951 negligentia
1757 1855 2038 1929 abbatis
2082 1856 2192 1929 vel
2240 1880 2577 1945 suorum,
2622 1858 2712 1931 de
2763 1881 2907 1954 quo

229 2002 573 2078 magnum
607 1978 1030 2053 scandalum
1071 1977 1358 2069 accidit,
1397 1979 1567 2075 quia
1595 1982 1958 2079 opportuit
1999 1980 2490 2056 celebrantem
2533 1981 2790 2057 sedere
2835 1982 2907 2055 in

233 2107 398 2182 sede
435 2103 788 2181 camerali
821 2104 937 2179 cui
971 2108 1219 2177 Rmus.
1262 2108 1348 2178 D.
1385 2108 1829 2182 camerarius
1862 2110 2223 2184 concessit
2263 2118 2688 2208 paramenta
2718 2109 2907 2185 reci-

235 2252 397 2330 pere
435 2252 824 2329 quousque
869 2229 1010 2304 alia
1052 2252 1142 2304 ex
1182 2230 1374 2303 Urbe
1415 2230 1748 2305 venirent
1790 2256 1932 2329 que
1981 2235 2273 2309 tandem
2318 2242 2667 2309 venerunt
2716 2236 2911 2309 circa

238 2358 735 2457 evangelium:
773 2378 975 2429 arma
1002 2354 1072 2428 in
1108 2354 1264 2429 telis
1290 2356 1484 2452 picta
1513 2356 1827 2446 suerunt,
1865 2382 2011 2432 una
2036 2358 2243 2433 alteri
2267 2360 2563 2435 omnino
2596 2368 2669 2435 et
2698 2360 2909 2434 nimis

239 2485 572 2581 contigua
627 2504 850 2580 super
897 2481 1272 2555 columnas
1321 2480 1535 2554 castri
1585 2480 1855 2555 doloris
1906 2491 1978 2557 et
2026 2483 2505 2559 circumcirca
2551 2485 2908 2583 pulpitum

245 2609 539 2683 oratoris
577 2632 674 2683 ex
712 2607 856 2682 tela
901 2605 1246 2703 sangalla.
1285 2609 1519 2704 Super
1551 2607 1772 2683 altare
1813 2609 1959 2683 sive
2006 2610 2164 2707 ejus
2200 2608 2476 2683 ciborio
2515 2611 2713 2686 nulla
2750 2612 2909 2685 fue-

245 2741 422 2825 runt,
454 2734 634 2832 quia
677 2739 788 2808 est
817 2757 862 2806 a
888 2730 1271 2829 posteriori
1303 2737 1505 2827 parte
1537 2731 1781 2805 altaris
1812 2738 2123 2823 tantum,
2158 2757 2305 2808 non
2345 2733 2683 2833 desuper,
2719 2735 2908 2810 sicut

246 2858 312 2931 in
347 2861 666 2935 ecclesia
713 2857 940 2933 sancti
979 2856 1202 2930 Marci
1250 2862 1323 2930 et
1367 2856 1693 2952 pluribus
1735 2857 1921 2948 aliis,
1964 2866 2353 2956 propterea
2402 2882 2551 2935 non
2596 2859 2913 2957 oportuit

249 2980 334 3057 ibi
381 3006 580 3060 arma
631 3006 1025 3083 apponere.
1074 2982 1419 3079 Magister
1475 2981 1649 3055 fecit
1691 2986 1983 3080 pactum
2034 2982 2125 3058 de
2175 2990 2413 3059 castro
2462 2984 2730 3060 doloris
2776 3006 2909 3082 pro

251 3109 533 3207 singulis
591 3132 729 3183 vni
787 3108 1009 3183 armis
1071 3105 1412 3199 ducatum
1469 3129 1722 3199 unum,
1778 3106 2110 3182 similiter
2164 3109 2255 3183 de
2310 3110 2527 3184 cartis
2583 3111 2911 3185 fecerunt

255 3256 438 3309 arma
465 3234 764 3309 'circiter
791 3256 980 3307 cxxv
1007 3256 1150 3331 que
1181 3255 1313 3330 per
1341 3233 1728 3308 ecclesiam
1759 3233 2115 3308 columnis
2144 3240 2214 3309 et
2244 3235 2636 3334 parietibus
2668 3235 2912 3311 affixe-

261 3364 433 3449 runt,
467 3366 537 3433 et
563 3359 860 3434 fuerunt
894 3358 1280 3456 superflua.
1320 3360 1503 3433 Cera
1525 3357 1744 3433 etiam
1784 3358 2051 3433 nullius
2091 3359 2509 3458 quantitatis
2550 3362 2693 3437 sive
2726 3385 2911 3461 pon-

261 3477 432 3557 deris
461 3486 594 3560 fuit
635 3486 714 3559 in
759 3490 987 3559 totum
1034 3482 1475 3579 dispensata,
1507 3481 1636 3555 sed
1679 3481 1770 3556 de
1801 3481 2123 3578 quolibet
2160 3506 2466 3559 numero
2507 3484 2906 3584 superfluit,

264 3606 548 3709 demptis
579 3609 965 3684 intorticiis
991 3614 1304 3706 quatuor
1329 3606 1705 3697 librarum,
1740 3630 1882 3704 que
1922 3608 2166 3683 omnia
2200 3609 2517 3701 fuerunt,
2554 3617 2632 3685 ut
2664 3635 2907 3708 supra,

267 3732 682 3833 dispensata.
722 3733 1196 3811 Parasrenarii
1241 3731 1626 3807 cardinalis
1657 3731 1981 3807 defuncti
2021 3733 2429 3811 habuerunt
2470 3735 2803 3811 cussinos
2840 3742 2915 3811 et

271 3857 528 3937 flabella
570 3864 666 3937 de
727 3860 1126 3950 taffettano,
1172 3859 1302 3932 sub
1348 3864 1585 3931 castro
1635 3880 2021 3933 sacconem
2070 3882 2219 3933 non
2263 3860 2700 3954 habuerunt,
2732 3859 2917 3959 quia

274 3993 644 4061 conventus
666 3986 869 4061 illum
891 3991 1364 4084 prestaverat.

362 4113 518 4188 Feci
581 4120 831 4187 autem
890 4111 1050 4186 heri
1111 4108 1427 4183 intimari
1477 4131 1611 4207 per
1667 4130 2001 4182 cursores
2053 4109 2182 4182 SS.
2255 4109 2341 4182 D.
2402 4109 2488 4182 N.
2546 4132 2771 4207 pape,
2824 4106 2915 4185 de

279 4238 612 4314 mandato
644 4237 834 4313 Rmi.
882 4242 968 4312 D.
1015 4234 1402 4327 cardinalis
1452 4233 2050 4323 vicecancellarii,
2080 4233 2535 4326 executoris,
2580 4233 2915 4310 omnibus

283 4360 540 4439 Ramis.
576 4368 732 4439 DD.
767 4360 1253 4439 cardinalibus
1292 4385 1425 4461 per
1461 4361 1884 4437 schedulam
1920 4385 2139 4458 quam
2184 4361 2915 4438 eisdemcursoribus

287 4486 412 4563 sive
439 4512 686 4565 eorum
719 4489 1066 4587 magistro
1101 4485 1294 4579 dedi,
1329 4486 1750 4585 hujusmodi
1779 4485 2094 4561 tenoris:

375 4643 406 4679 «
457 4617 555 4687 Ex
592 4621 794 4715 parte
835 4613 1023 4689 Rmi.
1071 4617 1162 4687 D.
1197 4612 1584 4687 cardinalis
1616 4612 1905 4686 Ascanii
1944 4611 2537 4706 vicecancellarii,
2575 4622 2919 4690 executo-

295 4730 398 4825 ris,
429 4737 792 4815 intimetur
823 4738 1112 4813 RRmis.
1151 4741 1301 4813 DD.
1338 4737 1821 4813 cardinalibus
1848 4744 1922 4812 et
1949 4738 2241 4813 familiis
2273 4742 2400 4815 SS.
2439 4744 2527 4815 D.
2562 4744 2648 4815 N.
2682 4766 2867 4840 pape
2896 4768 2913 4831 ;

299 4856 700 4939 siveeorum
741 4864 1088 4963 magistro
1128 4864 1416 4955 domus,
1461 4862 1861 4937 oratoribus
1900 4862 2311 4963 principum
2360 4873 2431 4941 et
2477 4866 2919 4942 auditoribus

300 4990 434 5057 rote
457 4990 638 5084 quod
670 4992 981 5066 crastina
1013 4989 1160 5081 die,
1193 5012 1338 5087 que
1371 4987 1505 5063 erit
1541 4992 1632 5061 24
1661 4987 2022 5084 presentis
2064 4988 2337 5063 mensis
2382 4990 2693 5088 augusti,
2728 4990 2923 5063 circa

306 5102 624 5191 decimam
652 5117 930 5211 horam,
961 5117 1136 5191 fient
1155 5114 1461 5213 exequie
1483 5114 1672 5187 bone
1702 5112 2055 5189 memorie
2085 5113 2471 5188 cardinalis
2499 5114 2589 5191 de
2616 5118 2917 5205 Lunate,

310 5226 374 5301 in
409 5239 942 5320 ecclesia-beate
980 5240 1206 5319 Marie
1245 5240 1336 5317 de
1365 5238 1646 5339 Populo
1683 5260 1700 5312 z
1745 5242 1993 5313 RmuS.
2032 5241 2116 5312 D.
2154 5236 2536 5315 cardinalis
2578 5263 2637 5315 S.
2674 5240 2923 5315 Crucis
