3625 6059
248 532 543 595 [Novembre
576 534 717 594 1494]
887 534 1153 593 RERUM·
1188 535 1642 592 URBANARUM
1690 537 2211 598 COMMENTARII.
2777 545 2882 602 195

328 689 396 758 ln
451 709 657 761 mane
717 689 1074 783 sequenti,
1130 689 1261 761 fuit
1314 711 1558 778 coram
1616 689 1959 785 pontifice
2015 692 2484 789 congregatio
2550 693 2876 767 omnium

242 811 703 902 cardinalium,
740 820 1045 911 excepto
1078 837 1153 904 s„
1178 813 1526 912 Dionysii,
1563 813 1684 909 qui
1721 821 1877 889 erat
1916 816 1992 889 in
2015 815 2310 915 [capella
2345 817 2622 914 majore
2670 839 2876 916 para-

236 944 453 1013 menta
498 937 853 1035 recipiens
913 963 1046 1037 pro
1108 939 1330 1012 missa
1380 938 1845 1014 celebranda.
1913 943 2395 1040 Congregatio
2455 941 2874 1041 hujusmodi

229 1063 477 1136 duravit
532 1062 733 1137 horis
806 1064 1085 1139 duabus
1145 1065 1259 1140 vel
1322 1064 1542 1156 circa,
1606 1067 1720 1139 cui
1790 1066 2008 1140 etiam
2063 1068 2428 1165 predictus
2487 1067 2871 1142 cardinalis

229 1189 557 1262 Ascanius
615 1189 973 1282 interfuit3
1024 1198 1095 1265 et
1148 1189 1275 1262 fuit
1318 1188 1396 1262 in
1455 1212 1543 1263 ea
1595 1185 1972 1264 decretum
2027 1190 2368 1266 eumdem
2427 1192 2868 1268 cardinalem

225 1313 587 1387 Ascanium
634 1315 743 1389 ire
780 1315 1045 1390 debere
1088 1315 1531 1389 Florentiam
1562 1315 1654 1388 ad
1686 1338 1936 1413 regem
1972 1317 2302 1406 Francie,
2338 1318 2458 1414 qui
2493 1318 2637 1393 illic
2678 1318 2870 1393 infra

220 1465 461 1538 paucos
490 1441 649 1516 dies
693 1443 1067 1518 dicebatur
1120 1452 1459 1517 venturus
1490 1465 1623 1540 pro
1686 1443 1903 1518 rebus
1968 1467 2134 1518 curn
2171 1467 2260 1518 eo
2301 1443 2858 1541 componendis,

220 1568 771 1666 Congregatione
804 1567 1029 1663 finita,
1068 1570 1261 1664 Papa
1287 1569 1580 1670 paratus
1611 1590 1818 1642 more
1849 1567 2063 1641 solito
2097 1575 2166 1641 et
2199 1567 2483 1665 pluviali
2516 1591 2648 1643 suo
2677 1592 2863 1643 novo

218 1701 277 1768 et
312 1693 519 1767 mitra
546 1692 863 1790 simplici
894 1693 1051 1767 sine
1082 1691 1300 1789 perlis
1332 1693 1523 1765 venit
1564 1691 1656 1766 ad
1700 1692 2054 1790 capellam
2103 1693 2455 1792 majorem
2488 1694 2606 1767 ubi
2639 1693 2864 1769 inter-

218 1815 329 1890 suit
354 1817 567 1902 misse
606 1841 822 1916 quam
862 1816 1274 1892 celebravit.
1304 1821 1556 1890 Rmus.
1583 1820 1669 1889 D.
1698 1817 2083 1892 cardinalis
2111 1843 2170 1892 s,
2196 1818 2560 1916 Dionysii:
2586 1818 2660 1893 in
2685 1819 2857 1912 fine,

215 1945 383 2040 Papa
410 1943 745 2035 absolvit,
782 1950 854 2016 et
884 1943 1048 2034 alia,
1085 1967 1286 2019 more
1320 1941 1557 2032 solite,
1596 1948 1763 2017 sunt
1813 1944 2214 2019 observata.

295 2068 721 2167 Priusquam
763 2073 959 2167 Papa
994 2068 1267 2144 veniret
1306 2068 1399 2142 ad
1439 2067 1820 2165 capellam,
1867 2069 2250 2144 cardinalis
2290 2068 2644 2144 Ascanius
2693 2069 2865 2145 fecit

213 2193 273 2265 in
298 2194 547 2290 palatio
580 2194 989 2296 apostolico
1018 2193 1425 2290 prandium,
1463 2193 1722 2268 deinde
1747 2194 2048 2270 recessit
2079 2195 2478 2270 associatus
2526 2220 2567 2270 a
2624 2196 2862 2270 cardi·-

216 2318 351 2392 nale
390 2319 661 2394 Montis
694 2318 983 2416 Regalis
1016 2341 1245 2414 usque
1290 2318 1383 2392 ad
1410 2316 1673 2391 voltam
1715 2342 1773 2391 s,
1817 2320 2046 2410 Pauli,
2081 2321 2200 2396 ubi
2247 2321 2534 2396 intravit
2576 2323 2860 2419 galeam

218 2441 449 2518 ibidem
479 2451 1025 2542 expectantem,
1068 2443 1301 2515 iturus
1337 2443 1637 2517 Ostiam.

302 2571 557 2644 Eadem
619 2569 773 2659 die,
826 2569 899 2642 in
950 2592 1140 2659 ser0,
1183 2567 1393 2643 rediit
1433 2567 1524 2642 ad
1568 2570 1836 2644 Urbem
1865 2573 2251 2648 cardinalis
2296 2575 2724 2652 Valentinus
2771 2600 2861 2652 ex

222 2695 465 2770 Marino
496 2719 649 2790 quo
692 2695 955 2768 missus
986 2695 1219 2770 fuerat
1249 2692 1371 2784 (1).

298 2820 485 2893 Feria
533 2824 773 2911 sexta,
828 2823 911 2890 14
965 2818 1409 2910 novembris,
1454 2821 1526 2893 in
1578 2829 1862 2896 secreto
1913 2823 2345 2897 consistorio
2391 2832 2678 2900 creatus
2728 2822 2858 2900 fuit

214 2943 559 3020 cardinalis
614 2946 714 3020 de
786 2945 1127 3018 Farnesio
1206 2945 1487 3044 legatus
1532 2947 1954 3020 Patrimonii
2005 2971 2020 3020 :
2083 2971 2228 3020 non
2287 2954 2533 3023 tamen
2585 2950 2712 3022 fuit
2767 2949 2859 3023 ad

216 3069 473 3144 modum
505 3071 597 3146 ab
652 3070 813 3143 aliis
866 3069 1347 3144 cardinalibus
1396 3071 1821 3146 associatus,
1871 3064 2201 3146 Recessit
2252 3073 2514 3147 deinde
2546 3097 2636 3148 ex
2669 3077 2858 3150 Urbe

214 3192 420 3267 die....
484 3193 825 3294 ejusdem
884 3194 1155 3268 mensis
1210 3200 1283 3268 et
1341 3219 1485 3268 non
1534 3195 1959 3288 associatus,
2013 3195 2242 3271 iturus
2299 3196 2706 3272 Viterhium
2764 3200 2856 3273 ad

211 3316 620 3416 legationem
660 3344 893 3410 suam,
931 3321 1001 3392 in
1034 3319 1167 3393 Dei
1194 3321 1515 3396 nomine.

292 3447 499 3520 Feria-
530 3446 861 3521 secunda
898 3450 980 3518 17
1024 3445 1463 3534 novembriS,
1512 3446 2023 3522 serenissimus
2055 3447 2352 3522 Carolus
2395 3472 2522 3523 rex
2569 3450 2855 3524 intravit

209 3570 531 3646 civitatem
554 3571 927 3646 Florentie
959 3594 1125 3645 cum
1156 3570 1472 3644 maximo
1504 3571 1783 3646 honore
1821 3576 1890 3648 et
1925 3572 2322 3671 triumphO,
2360 3597 2628 3670 magna
2657 3575 2854 3672 equi-

212 3703 335 3770 lum
365 3706 433 3773 et
470 3699 809 3797 peditum
846 3697 1054 3794 copia
1084 3692 1507 3784 associatus,
1546 3696 1663 3768 ubi
1696 3697 1980 3772 diversa
2010 3722 2178 3773 cum
2209 3700 2386 3796 ipsis
2417 3699 2850 3776 Florentinis

210 3971 313 4030 hore
348 3973 418 4032 111
455 3975 513 4033 di
552 3981 723 4033 nocte
758 3979 790 4032 ὸ
827 3979 1037 4031 entrato
1074 3973 1130 4030 in
1164 3974 1342 4030 Roma
1388 3979 1820 4048 accompagnato
1872 3973 1946 4030 da
1991 3973 2269 4047 monsig-11.
2312 3975 2368 4031 di
2399 3975 2664 4034 Morreale
2707 3982 2761 4034 et
2795 3973 2850 4032 di

208 4061 521 4136 Alexandria,
549 4085 580 4122 e
610 4063 767 4140 quali
797 4062 853 4120 di
877 4061 1261 4120 commissione
1299 4062 1387 4118 del
1426 4062 1702 4119 Pontetice
1732 4059 1767 4117 li
1798 4063 2078 4120 andorono
2118 4063 2364 4122 incontro
2397 4063 2500 4120 sin’
2530 4064 2636 4121 alla
2671 4075 2847 4140 porta,

205 4159 247 4207 et
268 4172 412 4212 sanza
438 4153 719 4223 fermarsi,
751 4171 951 4210 ancora
987 4153 1087 4208 che
1118 4151 1200 4208 sia
1230 4150 1391 4220 tardi,
1422 4169 1491 4207 ne
1520 4156 1549 4207 e
1580 4151 1656 4208 ito
1684 4169 1719 4206 a
1747 4151 1946 4208 Palazo
1974 4171 2006 4208 a
2034 4151 2146 4207 fare
2187 4152 2490 4209 reverentia
2529 4153 2638 4210 alla
2677 4155 2849 4212 Sanc-

208 4239 285 4296 lita
307 4242 387 4299 del
414 4246 585 4320 Papa.
624 4242 1067 4318 Ingegnerommi
1098 4242 1315 4298 ritrarre
1343 4241 1395 4298 la
1424 4259 1591 4298 causa
1618 4242 1817 4315 perche
1849 4240 2172 4314 monsignor
2208 4241 2464 4315 predecto
2499 4247 2530 4299 e
2561 4251 2764 4302 venuto
2793 4245 2846 4302 in

208 4327 370 4402 Homa,
408 4341 463 4390 et
497 4335 689 4408 quello
734 4335 963 4390 tractera
1008 4330 1092 4387 col
1129 4331 1428 4400 pontefice,
1470 4337 1526 4386 et
1565 4329 1622 4385 di
1661 4337 1804 4386 tutto
1840 4329 2019 4404 quello
2060 4329 2345 4388 intendero
2381 4331 2432 4388 le
2473 4333 2614 4408 Sig¹0
2655 4334 2850 4393 Vostre

208 4435 407 4479 saranno
435 4425 672 4480 avisate.
708 4424 819 4477 Per
842 4428 1048 4496 quanto
1088 4420 1255 4477 habbi
1296 4419 1473 4476 inteso
1504 4421 1575 4476 da
1609 4436 1842 4492 persona
1875 4418 1930 4476 di
1961 4419 2244 4490 auctorita,
2277 4419 2314 4476 il
2345 4423 2495 4496 Papa
2523 4425 2849 4482 conferendo

204 4523 229 4560 a
250 4507 513 4584 Magnifici
542 4511 751 4569 oratori
772 4511 931 4585 Regii
952 4509 1005 4566 la
1026 4517 1226 4568 venuta
1247 4509 1302 4565 di
1334 4508 1613 4582 monsign.
1636 4510 1901 4579 Ascanio,
1932 4509 2058 4566 dixe
2087 4527 2122 4564 a
2147 4510 2263 4566 loro
2288 4511 2717 4585 Magnificentie,
2749 4515 2849 4571 che

206 4611 251 4650 se
272 4599 489 4657 Ascanio
518 4601 749 4658 venisse
778 4619 875 4675 per
902 4601 1011 4657 fare
1038 4601 1267 4675 qualche
1286 4600 1457 4668 bene,
1489 4601 1589 4655 che
1621 4599 1671 4656 lo
1696 4599 1852 4656 udira
1871 4607 1925 4655 et
1939 4601 2600 4672 acharezera’volentieri;
2629 4607 2848 4678 quando

206 4684 385 4744 venisse
410 4708 510 4763 per
536 4689 665 4747 sarii
694 4691 824 4746 dare
855 4691 906 4747 la
933 4690 1075 4746 volta
1102 4695 1291 4760 contra
1317 4688 1403 4744 del
1427 4688 1509 4744 Re
1536 4688 1841 4762 Alphonso‚
1883 4688 1983 4744 che
2017 4705 2125 4743 non
2158 4684 2209 4743 lo
2242 4688 2520 4762 uslirebbe,
2552 4698 2606 4749 et
2627 4692 2848 4751 subbito

202 4770 229 4824 li
250 4775 463 4835 darebbe
494 4779 752 4850 licentia;
792 4779 1111 4836 affirmando
1140 4797 1244 4836 con
1285 4777 1469 4852 parole
1497 4777 1875 4833 efficacissime
1906 4795 1938 4833 a
1961 4776 2152 4851 prefati
2195 4771 2397 4835 oratori
2427 4779 2528 4836 che
2555 4781 2730 4856 prima
2757 4801 2849 4840 era

204 4859 457 4925 diliberato
484 4870 693 4926 morire
720 4871 823 4926 che
851 4869 1199 4926 abandonare
1238 4887 1269 4925 o
1309 4868 1600 4924 manchare
1629 4865 1686 4922 di
1724 4867 1844 4922 l'ede
1883 4865 1935 4922 al
1984 4866 2064 4922 Re
2101 4864 2383 4940 Alphonso
2423 4868 2478 4925 in
2509 4878 2704 4945 questa
2746 4872 2845 4928 im-

204 4967 351 5020 presa.
384 4981 411 5008 ν
443 4959 643 5029 (Arch.
676 4962 913 5015 Fiorent.
936 4961 1142 5016 Leetere
1172 4962 1286 5030 αῃὶἰ
1314 4965 1421 5013 otto
1443 4959 1501 5012 di.
1524 4959 1765 5012 Pratica.
1800 4955 1946 5012 Clas.
1981 4956 2052 5025 X,
2071 4955 2202 5012 dist.
2233 4960 2288 5027 6,
2319 4975 2376 5012 n.
2407 4960 2442 5014 6
2485 4977 2518 5015 a
2545 4979 2594 5017 c.
2623 4963 2776 5034 562.)

264 5043 305 5099 1.
344 5045 507 5102 Cesar
534 5047 760 5120 Boi-gia,
796 5049 995 5105 durant
1022 5047 1102 5104 les
1138 5048 1487 5122 pourparlers
1525 5043 1817 5100 d’Ascanio
1848 5060 1979 5100 avec
2020 5043 2070 5100 le
2101 5045 2269 5118 Pape,
2298 5047 2558 5104 demeura
2585 5067 2654 5105 en
2685 5057 2848 5123 otage

206 5133 233 5182 a
266 5133 455 5191 Marino
504 5135 601 5210 qui
649 5137 781 5194 etait
816 5155 925 5194 aux
978 5138 1151 5194 mains
1202 5139 1299 5194 des
1340 5135 1606 5204 Colonna,
1642 5133 1918 5207 partisans
1960 5134 2033 5189 clu
2073 5133 2311 5194 cardinal
2345 5136 2598 5196 Ascanio,
2631 5138 2774 5214 Voy.
2816 5142 2851 5194 a

212 5217 351 5294 l'app.
380 5233 439 5279 n⁰
466 5227 559 5294 2⁷2,
583 5226 641 5280 la
668 5227 792 5300 dep.
825 5227 898 5284 du
929 5230 959 5282 3
992 5245 1114 5292 nov.
1136 5228 1294 5298 1494,
1318 5232 1389 5284 ou
1410 5232 1493 5282 est
1521 5225 1806 5297 rapportee
1832 5219 2125 5280 l'entrevue
2147 5225 2438 5282 d'Ascanio
2454 5245 2585 5284 avec
2605 5227 2653 5283 le
2675 5228 2844 5302 Pape.
