3625 6059
235 554 385 619 [Juin
416 556 571 618 1498]
926 553 1181 611 RERUM
1225 553 1679 612 URBANARUM
1720 553 2247 614 COMMENTARII.
2824 563 2934 620 489

334 707 617 782 Eadem
646 707 763 781 die
794 707 1167 799 mercurii,
1218 712 1303 783 13
1326 709 1541 805 junii,
1578 707 1651 782 in
1682 731 1925 802 mane,
1963 711 2266 786 recessit
2309 734 2397 787 ex
2440 713 2629 788 Urbe
2661 720 2923 791 Rmus.

239 841 322 912 D.
374 833 768 909 cardinalis
814 836 906 911 de
953 835 1219 933 Borgia
1261 833 1487 907 iturus
1526 834 1900 907 Perusiam
1942 833 2037 908 ad
2077 835 2520 931 legationem
2569 861 2804 930 suam,
2857 847 2930 915 et

237 985 403 1035 cum
442 983 537 1036 eo
597 963 683 1035 D.
727 959 1155 1034 Franciscus
1197 959 1523 1048 BreviuS‚
1576 957 1848 1033 electus
1889 960 2342 1052 cenetensiS,
2390 970 2464 1038 et
2511 963 2756 1060 plures
2809 965 2926 1040 alii

235 1087 518 1184 prelati,
551 1109 599 1160 a
627 1085 777 1160 suis
807 1091 1091 1161 tantum
1120 1084 1545 1160 associatus.

332 1211 548 1285 Feria
590 1211 864 1308 quinta,
921 1215 1011 1284 28
1056 1210 1226 1284 dicti
1268 1210 1541 1284 mensis
1576 1209 1789 1307 junii,
1841 1209 2028 1286 festo
2075 1213 2544 1290 sacratissimi
2595 1219 2922 1314 corporis

242 1335 534 1428 Christi,
587 1335 663 1409 in
702 1356 945 1425 mane,
994 1332 1188 1434 circa
1223 1334 1483 1407 horam
1519 1333 1984 1407 undecimam
2026 1334 2358 1410 ordinata
2398 1345 2508 1412 est
2553 1341 2928 1436 processio

244 1487 369 1560 per
416 1467 713 1536 Rmum.
767 1463 852 1535 D.
888 1459 1334 1535 cardinalem
1369 1483 1428 1533 s.
1474 1459 1791 1556 Georgii,
1846 1460 2349 1552 camerarium,
2385 1467 2588 1535 extra
2645 1472 2929 1561 portam

242 1588 511 1686 palatii,
566 1607 775 1658 more
828 1586 1081 1675 solito;
1140 1584 1470 1659 videlicet
1511 1585 1866 1684 precessit
1910 1585 2280 1684 processio
2330 1586 2503 1661 cleri
2547 1589 2783 1682 Urbis,
2837 1591 2928 1666 de

244 1713 583 1787 mandato
636 1717 856 1812 Pape,
905 1718 1227 1786 nostram
1277 1709 1724 1802 immediate,
1775 1710 1875 1785 ita
1923 1709 2116 1808 quod
2163 1710 2285 1784 illa
2328 1717 2401 1785 et
2445 1718 2692 1786 nostra
2734 1723 2930 1791 esset

250 1838 502 1913 eadem
536 1837 942 1936 processio.
987 1840 1161 1910 Post
1202 1834 1399 1909 illam
1432 1836 1862 1911 collectores
1891 1835 2193 1933 plumbi,
2228 1835 2736 1910 sollicitatores
2763 1838 2930 1916 lite-

250 1987 487 2039 rarum
530 1963 1124 2063 apostolicarum,
1174 1962 1435 2036 notarii
1478 1962 1848 2036 auditores
1888 1985 2205 2053 camere,
2257 1960 2513 2036 notarii
2565 1961 2929 2040 auditores

254 2096 426 2180 rote,
460 2096 979 2188 procuratores
1008 2088 1517 2186 penitentiarie
1549 2087 1970 2186 apostolice,
2011 2092 2521 2185 procuratores
2560 2089 2929 2167 audientie

257 2215 897 2304 contradictarum,
942 2213 1311 2290 auditores
1352 2213 1442 2288 de
1477 2214 1715 2311 prima
1746 2212 2020 2288 visione
2058 2220 2131 2288 et
2160 2236 2382 2311 parco
2427 2215 2688 2311 majori
2725 2239 2742 2289 ε
2780 2238 2924 2288 non

257 2344 602 2412 venerunt
642 2337 1032 2438 scriptores
1070 2338 1577 2436 penitentiarie
1622 2337 2044 2435 apostolice,
2091 2337 2480 2435 scriptores
2519 2340 2921 2437 apostolici,

261 2463 571 2562 magistri
603 2463 983 2562 utriusque
1023 2462 1345 2561 registri3
1390 2462 1480 2537 de
1520 2462 1863 2537 mandato
1893 2465 2022 2537 SS.
2067 2467 2155 2538 D.
2192 2466 2279 2538 N.
2314 2487 2500 2563 pape
2529 2488 2676 2538 non
2705 2464 2928 2541 inter-

266 2588 569 2663 fuerunt.
620 2592 791 2664 Post
836 2589 1229 2687 scriptores
1272 2589 1710 2687 apostolicos
1754 2589 2212 2664 incesserunt
2259 2589 2792 2665 abbreviatores
2835 2591 2926 2666 de

267 2735 471 2809 parco
508 2713 773 2812 maJori
808 2739 825 2787 :
859 2714 1509 2804 rescribendariuS,
1546 2720 1975 2811 procurator
2008 2721 2082 2788 et
2110 2722 2567 2813 computator
2602 2715 2925 2814 incesse-

271 2847 422 2912 runt
448 2845 611 2937 post
643 2839 1037 2938 scriptores
1070 2846 1144 2915 et
1172 2838 1709 2914 abbreviatores
1742 2841 2136 2936 predictoS,
2171 2863 2314 2915 non
2345 2839 2623 2916 laterali
2663 2847 2744 2915 ut
2773 2840 2919 2934 alii,

271 2964 387 3036 sed
425 2964 500 3037 in
544 2964 791 3040 medio
837 2965 974 3059 vie,
1029 2971 1109 3040 ut
1153 2966 1551 3040 bestialitas
1595 2987 1853 3041 eorum
1889 2966 2117 3064 possit
2155 2967 2415 3042 melius
2454 2966 2544 3042 ab
2592 2967 2749 3042 aliis
2797 2981 2925 3040 co-

270 3089 505 3184 gnosci
534 3096 608 3164 et
636 3088 973 3189 intelligi.
1002 3091 1561 3167 Abbreviatores
1590 3090 1955 3189 predictos
1985 3091 2268 3189 sequuti
2302 3099 2469 3167 sunt
2497 3089 2922 3179 bullatores,

273 3215 576 3311 magistri
624 3216 934 3313 plumbi,
985 3216 1355 3294 secretarii
1406 3223 1480 3291 et
1524 3216 1848 3292 advocati
1893 3216 2203 3309 mixtim,
2258 3215 2674 3293 cubicularii
2723 3223 2928 3291 extra

276 3361 619 3420 cameram
663 3351 734 3419 et
777 3345 925 3437 alii,
967 3345 1221 3420 ordine
1262 3369 1395 3419 suo
1436 3350 1811 3420 consueto.
1854 3345 2233 3420 Processio
2267 3344 2463 3418 venit
2500 3343 2592 3420 ad
2629 3343 2926 3417 domum

280 3468 448 3540 Rmi.
484 3474 567 3545 D.
614 3470 1004 3547 cardinalis
1046 3495 1104 3543 s.
1154 3467 1577 3562 Clementis,
1621 3476 1693 3546 et
1728 3495 1862 3569 per
1899 3471 2086 3546 viam
2126 3470 2324 3545 illam
2365 3471 2706 3544 Sanctam
2741 3468 2934 3542 venit

282 3591 361 3664 ad
396 3592 765 3670 basilicam
806 3619 866 3670 s.
914 3592 1129 3668 Petri.
1178 3597 1425 3667 Rmus.
1470 3598 1558 3669 D.
1604 3595 1986 3671 cardinalis
2027 3595 2548 3686 celebraturus,
2595 3593 2842 3669 nescio
2875 3595 2935 3667 si

282 3717 455 3791 venit
496 3743 627 3817 per
676 3719 993 3816 aliquam
1041 3726 1323 3816 partem
1372 3720 1898 3817 processionis3
1954 3721 2174 3796 credo
2223 3725 2468 3796 tamen
2517 3720 2711 3817 quod
2757 3744 2931 3811 non,

289 3841 399 3914 sed
424 3845 611 3939 quod
648 3848 844 3942 Papa
875 3843 969 3918 ad
1001 3843 1269 3941 palatio
1300 3842 1793 3918 descendente
1837 3844 1926 3916 ad
1955 3843 2530 3940 processionem,
2575 3843 2731 3941 ipse
2769 3842 2939 3917 des-

291 3966 507 4040 cendit
532 3969 623 4043 ad
656 3967 1031 4044 basilicam
1070 3968 1471 4065 predictam
1502 3974 1576 4043 et
1606 3967 1885 4064 accepit
1915 3974 2362 4065 paramenta.
2409 3971 2604 4065 Papa
2631 3951 2938 4065 portavit

293 4100 797 4168 sacramentum
828 4117 872 4169 a
900 4116 1118 4191 parva
1154 4093 1435 4191 capella
1469 4093 1544 4166 in
1584 4092 1853 4184 aulam,
1897 4091 2183 4166 detecto
2225 4092 2458 4190 capite
2499 4089 2668 4168 inde
2707 4090 2938 4168 bireto

295 4224 559 4313 recepto
587 4221 681 4293 ad
710 4220 933 4318 pedes
982 4219 1339 4293 scalarum
1373 4217 1520 4309 ubi,
1556 4224 1853 4315 recepta
1881 4217 2094 4292 mitra
2123 4216 2252 4291 t'uit
2283 4217 2355 4290 in
2396 4216 2570 4292 sede
2601 4241 2731 4292 sua
2761 4241 2938 4292 con-

297 4345 479 4413 sueta
510 4349 833 4441 portatus
865 4367 1093 4441 usque
1123 4343 1216 4418 ad
1247 4343 1621 4417 basilicam
1664 4342 2108 4442 predictam3
2144 4341 2294 4433 ubi,
2331 4365 2502 4417 cum
2545 4349 2741 4417 esset
2770 4348 2939 4417 ante

302 4460 502 4542 altare
550 4471 812 4567 majus,
870 4475 1263 4567 antequam
1320 4467 1408 4541 de
1463 4468 1636 4543 sede
1690 4475 2046 4566 surgeret,
2091 4467 2299 4542 finxit
2353 4491 2750 4566 syncopam
2801 4492 2935 4565 per

303 4607 491 4681 quam
538 4594 905 4671 videbatur
944 4593 1288 4669 deficere.
1337 4596 1693 4689 Aspersus
1742 4593 1879 4667 fuit
1925 4593 2000 4667 in
2047 4593 2307 4669 faciem
2346 4593 2510 4667 vino
2559 4600 2630 4668 et
2676 4616 2866 4691 aqua
2916 4618 2932 4667 :

304 4709 471 4787 visus
497 4729 603 4793 est
637 4721 879 4795 redire
908 4719 983 4794 in
1024 4742 1103 4795 se
1134 4719 1253 4815 qui
1283 4720 1373 4792 de
1406 4743 1484 4792 se
1522 4740 1669 4793 non
1698 4725 2138 4808 recesserat3
2190 4718 2526 4810 surrexit,
2559 4719 2732 4794 fecit
2761 4741 2939 4794 con-

307 4831 664 4918 sessionem
712 4866 881 4920 cum
931 4844 1410 4937 celebraturo,
1469 4850 1543 4919 et
1592 4843 1841 4918 omnia
1885 4866 2088 4919 more
2146 4844 2386 4919 solito.
2443 4844 2666 4918 Missa
2702 4843 2933 4934 finita,

310 4970 631 5044 concessit
661 4971 1262 5046 interessentibus
1304 4969 1787 5067 indulgentias
1819 4978 2100 5068 septem
2140 4993 2496 5044 annorum
2533 4978 2606 5044 et
2634 4969 2936 5044 totidem

311 5089 901 5191 quadragenarum
959 5121 1137 5195 quas
1191 5095 1581 5195 publicavit
1641 5100 1889 5169 Rmus.
1956 5098 2040 5170 D.
2104 5095 2489 5172 cardinalis
2544 5095 2932 5170 Perusinus

314 5209 653 5294 celebrans
677 5246 694 5312 3
729 5226 801 5297 et
829 5221 969 5296 alia
998 5229 1165 5296 sunt
1194 5244 1399 5297 more
1429 5222 1644 5298 solito
1676 5221 2075 5296 observata.
