3625 6059
719 582 826 637 592
1101 555 1114 566 '
1641 571 1987 628 JOHANNJS
2040 569 2481 637 unanimam,
2902 573 3196 632 [membro
3226 579 3331 640 um}

721 730 1050 806 ecclesiis
1095 728 1269 817 suis,
1319 725 1491 800 dum
1532 725 1768 823 major
1806 724 1979 798 inibi
2018 723 2261 822 populi
2297 721 2681 797 multitudo
2722 724 2813 797 ad
2849 724 3089 800 divina
3122 751 3330 804 couve-

721 857 936 943 nerit,
965 853 1386 927 solemniter
1405 850 1797 950 publicent,
1828 857 1901 925 et
1926 850 2018 924 ad
2042 849 2302 923 Christi
2334 848 2659 924 fidelium
2684 857 2972 925 mentes
2996 851 3327 933 deducant.

722 981 1062 1055 nuntient
1083 986 1156 1051 et
1181 976 1578 1052 declarent.

824 1104 1013 1178 Nulli
1066 1126 1240 1200 ergo
1295 1101 1596 1174 omnino
1649 1099 2029 1174 hominum
2077 1098 2293 1175 liceat
2338 1100 2530 1173 hanc
2577 1099 2919 1198 paginam
2968 1110 3203 1178 nostre
3242 1129 3335 1202 ap-

725 1229 1201 1329 probationiS,
1245 1225 1721 1300 innovationis
1777 1233 1845 1299 et
1899 1225 2417 1324 suspensioniS,
2453 1226 2861 1319 voluntatiS‚
2908 1227 3329 1308 inhibitionis.

723 1353 1257 1431 constitutionis
1319 1359 1388 1426 et
1438 1349 1755 1424 mandati
1811 1348 2201 1447 infringere
2257 1349 2371 1422 vel
2417 1349 2485 1424 ei
2536 1374 2717 1422 ausu
2778 1353 3162 1427 temerario
3202 1377 3335 1429 con-

725 1482 965 1556 traire.
1006 1481 1077 1554 Si
1111 1478 1272 1576 quis
1307 1485 1550 1551 autem
1582 1477 1725 1550 hoc
1755 1481 2187 1572 attemptare
2218 1476 2764 1573 presumpserit,
2800 1475 3330 1574 indignationem

721 1603 1237 1702 omnipotentis
1291 1602 1419 1675 Dei
1469 1625 1551 1676 ac
1592 1600 1968 1675 beatorum
2006 1600 2193 1674 Petri
2240 1607 2312 1674 et
2343 1600 2543 1674 Pauli
2572 1601 3070 1698 apostolorum
3106 1605 3243 1702 ejus
3270 1631 3329 1678 se

723 1729 998 1805 noverit
1054 1729 1543 1802 incursurum.
1601 1729 1859 1800 Datum
1911 1730 2139 1800 Rome
2183 1724 2375 1822 apud
2424 1749 2481 1797 s.
2542 1729 2867 1817 Petrum,
2915 1750 3106 1802 anno
3141 1729 3331 1804 incar·

719 1855 1030 1930 nationis
1099 1852 1460 1928 dominice
1527 1858 1737 1943 1499,
1787 1853 2017 1951 pridie
2068 1852 2231 1926 idus
2294 1851 2575 1950 apriliS,
2628 1853 3097 1948 pontificatus
3142 1859 3327 1930 nostri

716 2005 905 2055 anno
935 1982 1058 2054 Vl.

813 2104 974 2178 Fuit
1023 2105 1272 2196 etiam,
1323 2104 1514 2178 dicta
1555 2105 1672 2179 die
1723 2103 2113 2192 dominica,
2167 2125 2333 2178 cum
2377 2102 2860 2202 publicatione
2908 2105 3135 2203 prime
3174 2107 3326 2182 bulle

721 2229 1042 2329 predicte
1071 2229 1560 2334 publice,tper
1594 2229 1933 2304 eumdem
1965 2228 2350 2304 officialem
2392 2253 2526 2327 per
2553 2228 2821 2304 Urbem
2852 2233 3325 2329 proclamatum

720 2354 914 2450 quod
962 2354 1198 2428 omnis
1248 2354 1554 2428 clericus
1601 2356 1812 2430 Urbis
1857 2355 2118 2429 debeat
2160 2357 2251 2430 ad
2297 2355 2553 2429 horam
2598 2379 3091 2453 vesperarum,
3134 2359 3323 2456 vigilie

718 2479 1101 2553 nativitatis
1149 2479 1472 2576 predicte
1519 2480 1609 2554 ad
1653 2480 2025 2554 basilicam
2070 2506 2128 2555 s.
2180 2481 2400 2572 Petri,
2452 2482 3091 2579 processionaliter
3130 2484 3323 2557 venire

714 2612 787 2680 et
830 2613 1165 2704 apertura
1208 2615 1412 2703 porte
1459 2629 1677 2680 auree
1723 2607 1994 2681 ibidem
2032 2606 2427 2698 interesse3
2477 2607 2672 2703 quod
2712 2607 2787 2680 in
2831 2608 2956 2683 die
2994 2609 3323 2683 nativitatis

711 2736 1058 2827 sequente
1090 2738 1254 2828 post
1283 2730 1550 2805 dictam
1580 2756 1710 2829 per
1740 2734 1866 2807 SS.
1906 2735 1992 2804 D.
2030 2735 2114 2806 N.
2150 2731 2450 2805 missam
2480 2733 2835 2829 majorem
2868 2733 3323 2810 ostenderetur

709 2856 940 2932 vultus
971 2855 1287 2931 Domini.

805 2986 884 3056 ln
927 2990 1144 3057 nocte
1189 2983 1524 3081 sequenti
1564 2983 1929 3057 dominice
1970 2982 2359 3081 presentis,
2404 2981 2665 3057 nobilis
2704 2982 2806 3056 vir
2858 2987 2950 3058 D.
3000 2985 3317 3060 Johannes

709 3107 1061 3182 Cervillon
1116 3109 1520 3198 CatalanuS,
1574 3108 1809 3199 miles,
1870 3132 2103 3206 nuper
2158 3107 2577 3205 capitaneus
2632 3108 2960 3204 gentium
3008 3131 3317 3184 armorum

711 3234 838 3306 SS.
885 3236 971 3305 D.
1017 3234 1102 3307 N.
1154 3256 1363 3332 pape,
1413 3233 1535 3329 qui
1580 3256 1745 3306 cum
1791 3233 2035 3306 multis
2075 3231 2489 3308 inimicitias
2528 3233 2873 3324 habebat,
2920 3235 3319 3308 ordinaverat

708 3379 966 3431 cenam
1001 3358 1242 3433 facere
1271 3360 1348 3432 in
1375 3360 1593 3433 domo
1635 3357 1899 3432 nobilis
1936 3358 2066 3431 viri
2110 3362 2194 3431 D.
2232 3358 2451 3433 Elisei
2483 3358 2572 3434 de
2606 3359 3035 3457 Pignatello,
3083 3363 3319 3455 Neapo-

706 3479 936 3572 litani,
986 3482 1232 3557 militis
1279 3483 1550 3557 ordinis
1596 3509 1654 3557 S.
1702 3483 2055 3556 Johannis
2103 3483 2745 3573 Hierosolimitani,
2778 3508 2920 3581 que
2970 3485 3103 3558 sita
3135 3483 3315 3558 estin

705 3608 1037 3705 opposito
1069 3608 1324 3682 domus
1366 3609 1551 3683 Rmi.
1596 3613 1682 3682 D.
1728 3608 2325 3698 vicecancellarii,
2360 3608 2432 3680 in
2464 3608 2694 3683 viculo
2724 3633 2857 3707 per
2886 3633 3105 3706 quem
3128 3609 3207 3682 de
3232 3605 3317 3678 ria

703 3740 904 3807 recta
948 3733 1092 3807 itur
1145 3732 1238 3806 ad
1289 3736 1630 3832 plateam,
1679 3757 1821 3831 que
1876 3741 1987 3808 est
2034 3739 2200 3808 ante
2247 3732 2605 3806 stabulum
2652 3734 2985 3832 ejusdem
3033 3735 3315 3808 vicecan-

701 3857 998 3932 cellarii.
1037 3863 1299 3934 Fuerat
1329 3866 1568 3934 autem
1599 3859 1794 3932 idem
1828 3859 2195 3933 Johannes
2238 3858 2308 3931 in
2352 3882 2513 3934 sero
2554 3865 2721 3934 ante
2764 3859 3025 3935 horam
3064 3881 3223 3934 cene
3246 3852 3315 3928 ad

702 3983 999 4058 domum
1039 3985 1227 4059 Rmi.
1275 3990 1361 4061 D.
1409 3983 1795 4058 cardinalis
1836 4010 1895 4056 S.
1942 3983 2217 4074 Crucis,
2268 3982 2390 4079 qui
2428 3982 2843 4057 inimicitias
2885 3985 2972 4056 D.
3016 3977 3314 4058 Johannis

701 4133 848 4184 non
893 4111 1232 4208 ignorans
1275 4109 1649 4184 admonuit
1695 4110 1898 4183 illum
1946 4117 2247 4208 paterne
2293 4131 2382 4183 ne
2430 4108 2554 4184 illo
2598 4133 2761 4183 sero
2807 4109 3099 4183 domum
3144 4125 3311 4178 suam

705 4235 965 4326 exiret3
1009 4235 1371 4312 mandavit
1413 4235 1634 4309 etiam
1679 4235 2144 4310 servitoribus
2190 4235 2336 4308 suis
2375 4259 2467 4310 ne
2505 4235 2707 4308 illum
2746 4235 2943 4309 exire
2984 4230 3313 4331 permitte-

701 4367 888 4435 rent.
925 4361 1404 4435 Nihilominus
1436 4385 1602 4434 cum
1635 4384 1863 4456 usque
1896 4361 1986 4433 ad
2014 4358 2271 4432 horam
2313 4359 2595 4432 tertiam
2625 4358 2733 4432 vel
2773 4359 2963 4432 circa
2994 4353 3311 4454 predictus

701 4487 786 4561 D.
827 4485 1103 4590 Eliseus
1136 4486 1258 4585 qui
1291 4511 1454 4560 eum
1487 4488 1578 4560 ad
1608 4509 1865 4560 cenam
1899 4484 2327 4581 expectabat
2354 4508 2486 4581 per
2514 4485 2835 4558 diversos
2865 4481 3145 4556 nuntios
3176 4497 3309 4552 eum

695 4621 1097 4696 vocaverat,
1144 4611 1360 4686 exivit
1398 4607 1592 4686 circa
1624 4611 1882 4685 horam
1916 4609 2315 4707 predictam
2348 4612 2434 4683 D.
2470 4609 2840 4683 Johannes
2871 4631 2911 4681 e
2944 4606 3150 4680 domo
3184 4623 3311 4674 car-

693 4724 952 4810 dinalis
983 4762 1043 4808 s.
1081 4736 1330 4810 Crucis
1361 4743 1432 4810 et
1462 4734 1653 4808 venit
1682 4734 1773 4808 ad
1805 4734 2103 4806 domum
2135 4733 2303 4808 dicti
2335 4737 2424 4808 D.
2466 4733 2679 4808 Elisei
2714 4733 2834 4807 ubi
2866 4755 3115 4806 cenam
3144 4725 3303 4809 fecit.

691 4862 808 4936 cui
845 4861 1327 4935 interfuerunt
1358 4859 1490 4958 ipsi
1536 4860 1678 4933 duo
1721 4863 1808 4933 D.
1856 4859 2227 4934 Johannes
2268 4865 2341 4934 et
2382 4863 2468 4932 D.
2516 4859 2793 4933 Eliseus
2838 4880 3063 4953 nepos
3092 4859 3169 4928 D.
3210 4851 3307 4921 Jo-

688 4972 976 5078 hannis,
1015 4994 1090 5061 et
1128 4985 1420 5085 quidam
1461 4985 1642 5059 alius
1685 5008 1941 5059 eorum
1986 4985 2262 5060 amicus
2303 4992 2519 5082 atque
2561 5009 2707 5059 una
2742 4985 3003 5058 mulier
3030 4972 3303 5054 curialis.

691 5115 887 5188 Cena
911 5113 1127 5202 sacta,
1165 5111 1386 5185 voluit
1413 5111 1606 5185 idem
1633 5114 1719 5183 D.
1749 5111 2121 5186 Johannes
2148 5110 2446 5184 domum
2471 5110 2872 5209 predictam
2902 5109 3119 5192 exire,
3150 5092 3307 5196 quod

691 5238 1060 5334 predictus
1092 5241 1179 5310 D.
1215 5237 1496 5310 Eliseus
1527 5235 1823 5310 omnino
1857 5235 2131 5311 studuit
2160 5236 2224 5310 ei
2256 5235 2673 5333 prohibere.
2714 5234 2921 5323 Quod
2950 5255 3105 5308 cum
3132 5219 3305 5299 nullis
