3625 6059
265 544 474 607 [Favi-ier
500 544 638 605 1497]
897 543 1152 599 RERUM
1203 542 1652 601 URBANARUM
1699 541 2224 601 COMMENTARII.
2786 548 2893 605 355

265 704 326 769 et
371 695 504 769 alia
545 694 920 770 observata
961 706 1130 771 sunt
1177 722 1381 773 more
1427 707 1776 775 consueto
1813 725 1831 775 ε
1862 700 2163 775 missam
2201 698 2592 775 celebravit
2636 703 2887 771 RmuS.

265 824 338 895 D.
367 819 736 895 cardinalis
763 822 1291 897 Alexandrinus
1313 824 1460 920 qui,
1493 833 1792 923 recepta
1809 826 2139 916 candela,
2160 825 2281 901 ivit
2302 825 2389 899 ad
2410 822 2890 897 faldistorium

262 953 322 1021 et
349 944 611 1043 accepit
639 952 1088 1043 paramenta.

345 1067 726 1156 Dominica,
765 1076 808 1144 5
839 1070 1210 1161 februarii,
1246 1072 1382 1145 fuit
1421 1073 1763 1147 conclusa
1799 1098 1940 1172 pax
1978 1078 2237 1164 Rome,
2272 1075 2344 1147 in
2376 1074 2643 1173 palatio
2674 1096 2889 1169 apos-

254 1194 441 1269 tolico
489 1218 734 1268 coram
777 1197 904 1271 SS.
969 1201 1054 1269 D.
1104 1201 1189 1271 N.
1243 1222 1454 1295 papa,
1501 1199 1690 1273 inter
1741 1200 2083 1275 eumdem
2126 1203 2251 1277 SS.
2309 1204 2391 1274 D.
2442 1207 2771 1274 nostrum
2818 1205 2891 1273 et

259 1319 551 1407 Ursinus,
581 1342 716 1417 pro
764 1320 1027 1417 quibus
1065 1322 1503 1396 RRmi..DD.
1550 1324 2066 1421 Neapolitanus
2096 1331 2169 1398 et
2200 1350 2260 1397 s.
2302 1325 2625 1399 Severini
2664 1323 2894 1397 cardi-

257 1444 429 1517 nales
481 1466 780 1517 manum
837 1445 1220 1535 dederunt,
1275 1453 1370 1537 et,
1424 1448 1604 1521 feria
1655 1448 1891 1537 tertia,
1952 1455 1989 1521 7
2040 1449 2259 1546 hujus
2323 1450 2627 1539 mensis,
2688 1448 2883 1523 idem

255 1572 472 1641 Rmus.
515 1571 600 1642 D.
641 1569 1026 1643 cardinalis
1073 1596 1131 1642 s.
1179 1572 1498 1645 Severini
1532 1572 1875 1667 equitavit
1920 1574 2011 1645 ad
2059 1574 2359 1647 Ursinos
2390 1598 2639 1648 versus
2675 1577 2889 1648 Brac-

253 1692 536 1783 cianum‚
587 1703 662 1769 et
713 1695 818 1769 eis
869 1695 1211 1769 conclusa
1258 1695 1501 1770 retulit
1549 1705 1621 1769 et
1668 1699 1757 1771 ab
1820 1697 2099 1773 eisdem
2162 1699 2505 1773 conclusa
2558 1699 2885 1773 servandi

251 1819 779 1915 promissionem
813 1828 885 1895 et
915 1820 1455 1917 stipulationem
1481 1822 1781 1919 recepit.
1818 1822 2037 1897 Venit
2067 1846 2232 1895 cum
2267 1846 2355 1897 eo
2388 1824 2457 1897 in
2492 1825 2889 1899 Braeciano

254 1943 642 2040 capitaneus
694 1952 765 2019 et
814 1945 1167 2042 Georgius
1215 1946 1302 2019 de
1349 1949 1614 2021 Sancta
1661 1950 1887 2021 Cruce
1935 1955 2009 2020 et
2060 1948 2305 2046 plures
2363 1948 2508 2021 alii.
2562 1948 2894 2045 Capitula

254 2069 606 2144 concordie
639 2070 834 2144 inter
860 2070 1002 2144 alia
1039 2070 1506 2145 continebant
1537 2072 1834 2146 Ursinos
1865 2072 2135 2147 debere
2178 2072 2501 2169 pontifici
2535 2074 2891 2170 quinqua-

253 2192 421 2289 ginta
446 2194 673 2269 millia
699 2194 1130 2269 ducatorum
1159 2195 1568 2292 persolvere
1597 2196 1728 2295 (1).

329 2318 519 2395 Feria
554 2326 818 2417 quarta
859 2319 1214 2410 cinerum,
1251 2326 1468 2417 caput
1492 2321 1784 2417 jejunii,
1822 2327 1864 2394 8
1909 2322 2181 2396 mensis
2212 2322 2583 2409 februarii,
2628 2325 2754 2395 SS.
2797 2326 2883 2395 D.

251 2452 464 2519 noster
489 2444 690 2518 venit
731 2444 824 2517 ad
863 2443 1214 2541 capellam
1257 2444 1378 2517 ubi
1420 2444 1790 2521 benedixit
1832 2446 2113 2521 cineres
2154 2455 2227 2521 et
2271 2471 2395 2522 eas
2434 2471 2477 2521 a
2524 2446 2889 2520 cardinale

254 2592 302 2639 s.
341 2569 650 2669 Dionysii
686 2569 1140 2644 celebraturo
1175 2570 1474 2666 recepit,
1507 2570 1769 2645 deinde
1799 2572 1957 2645 aliis
1989 2571 2349 2646 distribuit
2386 2596 2399 2643 :
2432 2571 2505 2644 in
2531 2571 2890 2669 principio

255 2691 754 2769 benedictionis
791 2694 987 2769 dedit
1017 2695 1304 2792 signum
1338 2695 1753 2770 cantoribus
1789 2697 1982 2793 quod
2008 2703 2385 2772 cantarent
2416 2697 2891 2794 antiphonam

251 2817 696 2908 Exaudinos,
729 2819 1064 2909 Domine,
1102 2818 1266 2909 etc.‚'
1299 2826 1510 2915 prout
1539 2820 1612 2893 in
1645 2819 2047 2911 ordinari03
2098 2821 2227 2895 sed
2259 2846 2337 2893 re
2374 2844 2517 2894 non
2548 2820 2737 2895 bene
2776 2823 2890 2893 in-

253 2942 528 3031 tellecta,
573 2945 706 3018 illa
750 2944 1076 3023 dimissa.
1130 2950 1512 3017 cantarunt
1560 2968 1574 3017 :
1619 2944 2099 3017 Immutemm·
2144 2946 2492 3034 habitam,
2538 2956 2691 3034 eta,
2752 2968 2889 3040 que

249 3070 309 3141 in
355 3070 858 3145 distributione
923 3068 1234 3145 debebat
1291 3068 1684 3143 decantari.
1749 3074 1971 3143 Facta
2026 3070 2571 3159 distributione,
2641 3077 2895 3143 orator

253 3197 412 3292 regis
440 3194 894 3293 Neapolitani
922 3195 1120 3269 dedit
1139 3218 1400 3292 aquam
1431 3194 1766 3268 manibus
1794 3199 2025 3294 Pape;
2057 3195 2585 3269 illustrissimus
2606 3200 2693 3269 D.
2724 3219 2891 3269 car-

252 3316 480 3423 dinalis
527 3344 586 3393 s.
637 3318 971 3418 Dionysii
1021 3319 1408 3395 celebravit
1453 3320 1750 3393 missam
1797 3322 2155 3418 majorem
2193 3345 2209 3393 t
2248 3343 2663 3394 sermonem
2721 3322 2892 3395 fecit

259 3443 506 3539 quidam
558 3448 790 3521 frater
833 3446 1108 3519 ordinis
1158 3445 1721 3543 predicatorum.
1783 3449 2031 3518 Rmus.
2081 3448 2165 3516 D.
2218 3445 2306 3517 de
2351 3448 2653 3525 Lunate,
2712 3445 2889 3518 alias

254 3567 498 3667 legatus
541 3574 630 3648 de
681 3573 914 3647 latere
955 3570 1050 3645 ad
1104 3576 1342 3645 castra
1382 3570 1792 3669 deputatuS,
1842 3570 1926 3643 iis
1971 3569 2229 3643 diebus
2268 3570 2631 3667 preteritis
2664 3594 2707 3642 a
2732 3569 2889 3642 ‘suis

256 3697 495 3769 tantum
533 3695 970 3785 associatuS‚
1009 3694 1102 3769 ad
1137 3694 1406 3769 Urbem
1445 3694 1682 3785 rediit,
1719 3701 1792 3768 et
1820 3694 2037 3769 hodie
2068 3695 2381 3793 primum
2414 3694 2487 3766 in
2516 3693 2887 3791 publicam

255 3820 560 3914 capellam
589 3822 814 3896 venit.

331 3944 542 4019 Rediit
579 3946 801 4020 etiam
851 3944 1128 4019 eisdem
1165 3942 1444 4031 diebus,
1482 3942 2007 4017 illustrissimus
2054 3946 2141 4017 D.
2178 3943 2549 4017 Johannes
2596 3940 2881 4038 Borgia,

257 4062 372 4139 dux
409 4070 708 4161 (laodic,
744 4069 1074 4167 gentium
1117 4090 1483 4141 armorum
1518 4070 1591 4141 S.
1644 4070 1728 4139 R.
1779 4069 1859 4139 E.
1906 4066 2325 4163 capitaneus
2366 4063 2753 4160 generaliS,
2789 4064 2887 4135 si-

257 4189 482 4267 militer
507 4220 554 4269 a
579 4195 732 4269 suis
767 4200 1048 4269 tantum
1087 4192 1513 4282 associatuS,
1559 4194 1688 4266 sed
1715 4217 1863 4266 non
1903 4190 2099 4265 venit
2135 4188 2357 4263 hodie
2386 4188 2461 4261 in
2502 4187 2879 4285 capellam.

257 4313 320 4384 R.
352 4318 421 4389 P.
456 4321 540 4393 D.
577 4318 998 4393 Bonisacius
1027 4316 1118 4391 de
1158 4320 1406 4391 Castro
1449 4317 1736 4391 Lotario
1769 4341 1857 4390 ex
1898 4314 2285 4389 comitibus
2318 4312 2681 4403 Montorii‚
2712 4312 2885 4385 sub-

256 4432 556 4517 diaconus
611 4442 1056 4541 apostolicus
1108 4441 1182 4513 in
1223 4441 1466 4515 locum
1511 4444 1598 4513 R.
1645 4442 1720 4515 in
1762 4442 2047 4516 Christo
2098 4444 2179 4514 P.
2228 4442 2312 4511 D.
2361 4436 2745 4534 Augustini
2796 4435 2883 4509 de

259 4562 558 4659 Guarino,
625 4568 839 4644 electi
917 4567 1456 4659 TricaricensiS,
1519 4567 1692 4641 olim
1768 4564 2193 4640 subdiaconi
2252 4562 2657 4661 apostolici,
2716 4561 2883 4633 lune

259 4688 292 4756 6
317 4686 538 4788 hujus,
563 4696 656 4769 ab
700 4694 856 4769 aliis
897 4694 1358 4768 subdiaconis
1397 4698 1760 4791 receptus,
1794 4691 2013 4764 hodie
2051 4689 2366 4787 primum
2416 4687 2491 4759 in
2532 4685 2885 4783 capellam

265 4815 320 4883 et
353 4837 630 4894 crucem
672 4844 920 4895 coram
956 4819 1298 4917 pontifice
1343 4818 1676 4916 portavit.
1729 4816 1962 4890 Finita
2008 4814 2261 4903 missa,
2308 4816 2435 4887 SS.
2481 4816 2567 4885 D.
2608 4817 2881 4901 noster,

265 4955 358 5011 me
395 4944 862 5041 supplicante,
911 4944 1269 5019 concessit
1313 4942 1524 5017 nobis
1573 4942 1858 5016 clericis
1899 4939 2477 5015 ceremoniarum
2524 4945 2599 5013 et
2638 4944 2886 5011 canto-

319 5122 363 5179 1.
396 5124 494 5185 Les
540 5137 724 5189 autres
765 5130 984 5191 articles
1022 5130 1090 5187 de
1145 5134 1284 5187 cette
1329 5126 1456 5203 paix
1515 5132 1644 5185 sont
1685 5126 2035 5185 mentionnes
2085 5141 2186 5201 par
2228 5125 2459 5193 Sanum,
2509 5124 2713 5190 marii,
2756 5127 2797 5177 t.
2844 5121 2887 5185 1,

275 5208 362 5270 001.
383 5210 567 5289 506-7,
585 5226 640 5277 et
667 5236 763 5295 par
791 5218 1174 5288 Guicciardini,
1209 5218 1298 5274 liv.
1335 5218 1428 5288 III,
1457 5218 1548 5275 ch.
1579 5234 1770 5287 xxxix,
1803 5234 1895 5273 an.
1930 5216 2089 5275 1497.
