3625 6059
243 552 530 616 [Decembre
553 550 700 612 1494]
877 545 1130 605 RERUM
1177 547 1634 606 URBANARUM
1681 545 2201 607 COMMENTARH.
2572 629 2577 634 ἱ
2764 555 2875 610 205

249 702 695 780 intentionem
737 706 1059 776 nostram
1096 700 1172 775 in
1231 707 1577 798 quantum
1637 700 1769 776 sibi
1812 701 2277 801 promisimus
2322 701 2626 778 firmiter
2663 711 2871 780 tene-

247 832 479 920 bimuS,
511 836 584 905 et
613 850 982 927 nunquam
1012 827 1640 903 contraveniemus
1672 827 1747 902 in
1769 827 2011 927 aliqua
2039 852 2157 918 re;
2184 829 2331 903 imo
2354 835 2600 904 nostre
2630 828 2871 905 inten-

249 957 432 1030 tionis
459 961 566 1030 est
617 977 1038 1031 accrescere
1072 958 1143 1030 et
1175 953 1556 1030 meliorare
1585 959 1908 1030 nostram
1940 953 2205 1030 honam
2223 954 2652 1046 amicitiam;
2686 955 2874 1032 bene

246 1089 492 1180 gratum
523 1081 734 1156 nobis
755 1104 916 1156 esse
947 1088 1021 1157 et
1043 1080 1132 1156 de
1148 1080 1292 1156 hoc
1322 1081 1629 1155 multum
1651 1102 2035 1178 precamur
2054 1088 2129 1156 et
2147 1081 2877 1158 hortamurDomina·

246 1207 485 1280 tionem
515 1229 722 1281 suam
753 1205 948 1304 quod
989 1228 1121 1305 pro
1145 1205 1390 1303 aliquo
1424 1210 1751 1302 tempore
1808 1229 1953 1282 non
1984 1206 2329 1305 impediat
2376 1229 2613 1306 neque
2644 1208 2878 1307 impe-

249 1333 374 1408 dire
401 1332 766 1431 permittat
811 1331 1254 1430 Hungariam
1303 1355 1537 1430 neque
1587 1331 1659 1406 in
1701 1333 1941 1431 aliqua
1971 1341 2175 1432 parte
2206 1333 2771 1427 christianitatis,
2808 1343 2881 1409 et

247 1459 526 1536 maxime
549 1460 625 1532 in
649 1461 828 1534 Croa
841 1457 933 1532 tia
965 1464 1038 1534 et
1057 1457 1458 1534 civitatibus
1485 1458 1798 1554 Regusie
1831 1467 1905 1533 et
1926 1459 2195 1556 Legine
2226 1457 2422 1558 quod
2446 1458 2778 1536 faciendo
2812 1465 2883 1534 et

247 1586 660 1660 observando
702 1608 838 1660 nos
881 1585 1230 1660 faciemus
1261 1583 1454 1682 quod
1487 1587 1871 1681 Hungarus
1914 1607 2061 1660 non
2094 1584 2466 1660 interferet
2498 1585 2563 1659 ei
2595 1585 2881 1682 aliquod

247 1712 557 1786 damnum
596 1719 671 1786 et
723 1711 798 1785 in
841 1711 986 1784 hoc
1015 1710 1356 1809 Maiestas
1386 1733 1516 1784 sua
1541 1709 1837 1784 habebit
1871 1710 2333 1785 occasionem
2382 1709 2879 1808 complacendi

249 1837 450 1925 nobis,
473 1842 758 1912 attento
784 1836 1098 1911 maxime
1117 1842 1317 1912 motu
1333 1838 1775 1910 Francorum
1803 1841 1876 1910 et
1896 1834 2199 1912 aliorum
2219 1835 2651 1934 principum.
2674 1835 2883 1922 Quod

249 1962 294 2034 si
327 1961 390 2035 in
427 1961 764 2037 bellando
794 1969 1370 2060 perseverarent,
1402 1960 1670 2036 habeat
1699 1984 1829 2060 pro
1877 1967 2255 2059 comperto
2284 1984 2417 2038 sua
2456 1960 2879 2060 Magnitudo

251 2085 412 2184 quod
445 2086 518 2162 in
562 2111 822 2162 eorum
865 2085 1133 2163 auxilio
1172 2093 1418 2164 essent
1459 2109 1676 2187 quam
1713 2087 1959 2185 plures
1992 2085 2355 2187 principes
2392 2087 2763 2162 christiani
2810 2090 2883 2163 et

248 2211 488 2288 doleret
513 2221 780 2312 postea
811 2215 1154 2313 Majestas
1199 2237 1332 2288 sua
1359 2237 1507 2288 non
1536 2212 1830 2304 fecisse,
1862 2212 2264 2288 secundum
2296 2212 2677 2289 consilium
2710 2235 2880 2288 nos-

253 2344 406 2413 trum
434 2339 634 2436 quod
658 2341 914 2416 damus
943 2340 1075 2415 sibi
1096 2340 1334 2439 primo
1353 2361 1442 2415 ex
1465 2338 1735 2428 officio,
1754 2337 2041 2438 quando
2064 2359 2313 2413 sumus
2337 2341 2543 2435 pater
2560 2343 2633 2411 et
2650 2335 2883 2411 domi-

255 2485 364 2536 nus
391 2465 720 2539 omnium
737 2465 1324 2556 christianorum,
1345 2464 2124 2562 postea'desideramus
2149 2461 2468 2560 quietem
2490 2462 2883 2563 Majestatis

257 2607 358 2662 sue
385 2589 470 2664 ad
496 2590 776 2665 bonam
807 2597 878 2666 et
902 2596 1231 2665 mutuam
1252 2589 1642 2666 amicitiam
1668 2618 1683 2665 ε
1711 2590 2054 2689 quoniam
2079 2589 2135 2663 si
2159 2588 2499 2688 MaJestas
2522 2611 2657 2666 sua
2678 2589 2887 2664 aliter

255 2721 568 2792 statueret
605 2717 948 2814 prosequi
981 2723 1054 2792 et
1082 2717 1473 2793 molestare
1504 2715 1966 2807 christianoS,
1998 2737 2431 2813 cogeremur
2459 2716 2677 2790 rebus
2720 2735 2890 2791 con-

261 2839 490 2934 sulere,
541 2863 716 2918 cum
789 2843 998 2919 aliter
1047 2866 1194 2917 non
1263 2866 1646 2942 possemus
1705 2843 1994 2918 obviare
2058 2839 2388 2916 maximis
2428 2840 2887 2939 apparatibus

257 2967 352 3060 qui
389 2967 572 3044 fiunt
621 2973 875 3043 contra
915 2969 1373 3066 Majestatem
1425 2993 1654 3044 suam.
1711 2968 2055 3043 Dedimus
2100 2966 2230 3041 tibi
2280 2965 2423 3040 duo
2470 2965 2709 3042 brevia
2746 2989 2885 3062 que

253 3091 596 3168 exhibebis
625 3097 858 3168 Turce
891 3118 906 3169 ε
944 3094 1018 3168 in
1055 3116 1202 3169 uno
1233 3094 1647 3170 continetur
1673 3093 1869 3191 quod
1896 3093 2109 3168 faciat
2169 3089 2295 3166 tibi
2336 3090 2508 3166 dare
2543 3095 2615 3166 et
2644 3089 2885 3165 consi-

253 3235 440 3311 gnare
469 3218 954 3317 quadraginta
983 3217 1210 3294 millia
1241 3218 1669 3295 ducatorum
1705 3241 1837 3318 pro
1878 3225 2145 3293 annata
2170 3217 2522 3316 presenti,
2554 3215 2751 3292 aliud
2778 3223 2913 3326 est·

253 3344 663 3422 credentiale
695 3350 773 3420 ut
817 3352 1094 3445 prestet
1131 3345 1258 3419 tibi
1299 3345 1520 3420 fidem
1568 3344 1644 3418 in
1675 3343 2039 3436 omnibus,
2076 3363 2534 3440 quecumque
2589 3340 2885 3418 nomine

253 3475 470 3544 nostro
503 3467 638 3544 sibi
667 3471 1118 3568 exposueris
1151 3468 1432 3545 Habitis
1463 3485 1608 3542 xnm
1637 3467 1915 3544 ducatis
1944 3469 2019 3544 in
2046 3470 2211 3544 loco
2242 3475 2620 3558 consuet0‚
2666 3468 2889 3543 facies

253 3592 695 3686 quietantiam
760 3595 1160 3670 secundum
1214 3597 1846 3687 consuetudinem,
1912 3604 1984 3672 et
2040 3597 2286 3671 venies
2347 3602 2547 3670 recto
2604 3593 2890 3670 tramite

253 3719 598 3794 Anconam
643 3739 812 3796 cum
844 3721 998 3796 navi
1053 3727 1229 3813 tuta,
1281 3730 1382 3812 et,
1425 3743 1590 3797 cum
1631 3722 1800 3798 illuc
1840 3721 2337 3826 applicaveris,
2376 3721 2725 3798 certiores
2758 3743 2892 3795 nos

257 3841 488 3920 reddes
526 3852 598 3922 et
649 3847 1065 3944 expectabis
1119 3869 1551 3947 responsum
1600 3856 1957 3924 nostrum.
2008 3852 2317 3924 Presens
2358 3856 2483 3925 tua
2533 3847 2892 3924 itineratio

259 3969 556 4046 consistit
594 3969 672 4046 in
717 3972 1278 4065 acceleratione;
1315 3975 1537 4050 facies
1581 3997 1756 4073 ergo
1797 3975 2248 4074 diligentiam
2281 3975 2385 4074 sic
2417 3975 2492 4048 in
2522 3973 2762 4049 eundo
2802 3971 2894 4046 ad

259 4091 532 4169 'furcam
565 4095 752 4171 sicut
777 4096 850 4170 in
873 4097 1331 4196 expeditione
1365 4099 1540 4174 etin
1573 4099 1944 4175 redeundo
1972 4099 2329 4175 similiter.

343 4221 482 4318 Ego
508 4222 856 4319 Georgius
878 4224 1270 4315 BusarduS‚
1303 4225 1599 4300 nuntius
1626 4231 1695 4299 et
1729 4224 2101 4300 familiaris
2131 4225 2298 4324 pret*
2298 4231 2412 4299 ate
2446 4221 2890 4314 SanctitatiS,

265 4361 370 4440 per
393 4365 690 4444 presens
723 4348 1073 4448 scriptum
1102 4356 1176 4426 et
1209 4351 1647 4450 suscriptum
1682 4374 1900 4426 manu
1932 4373 2095 4425 mea
2139 4351 2430 4450 propria
2458 4349 2679 4426 fidem
2710 4351 2895 4426 facio

269 4477 326 4542 et
366 4473 708 4549 confiteor
749 4499 970 4575 supra
1012 4476 1202 4552 dicta
1241 4475 1588 4553 habuisse
1636 4477 1710 4552 in
1755 4477 2269 4552 commissione
2315 4476 2405 4552 ab
2453 4500 2578 4553 ore
2619 4475 2895 4574 prefate

271 4593 674 4688 sanctitatis,
707 4605 962 4692 Rome,
999 4602 1086 4677 de
1121 4618 1372 4680 mense
1395 4599 1558 4703 julii
1588 4603 2370 4693 MCCCCLXXXXHH,
2406 4609 2477 4678 et
2509 4609 2895 4678 executum

275 4713 462 4798 luisse
505 4721 596 4799 ad
650 4729 990 4825 Magnum
1042 4730 1352 4803 Turcam
1405 4728 1479 4802 in
1524 4735 1873 4826 quantum
1919 4729 2053 4804 fuit
2103 4729 2279 4803 mihi
2326 4726 2766 4822 ordinatum,
2824 4736 2901 4803 ut

279 4863 514 4944 snpra:
563 4859 635 4926 et
679 4861 1030 4949 quantum
1077 4853 1170 4928 ad
1208 4863 1572 4930 oratorem
1602 4879 1823 4953 quem
1852 4855 2221 4952 requisivit
2268 4853 2627 4930 Sanctitas
2676 4878 2808 4930 sua
2860 4879 2904 4928 a

274 4967 470 5048 Turca
507 4973 937 5052 mittendum
982 4981 1328 5059 venetias
1372 4990 1484 5058 est
1529 4981 1931 5070 obtentum,
1983 4979 2105 5078 qui
2151 5003 2191 5055 e
2236 4980 2537 5079 vestigio
2590 4979 2903 5055 debebat

281 5098 581 5177 recedere
611 5127 656 5177 a
687 5101 1310 5205 Constantinopoli
1340 5101 1432 5182 de
1471 5131 1724 5183 mense
1767 5105 2201 5206 septembris
2230 5110 2392 5205 post
2422 5129 2569 5195 me,
2605 5101 2698 5179 ad
2726 5127 2899 5180 exe-

279 5227 599 5315 quendum
631 5229 704 5304 in
735 5239 1082 5327 quantum
1127 5239 1282 5308 erat
1323 5233 1650 5308 voluntas
1698 5233 1974 5330 prefate
2021 5231 2433 5308 sanctitatis
2480 5253 2647 5303 cum
2692 5229 2900 5303 illus·
