3625 6059
295 606 556 668 [lanvisr
583 602 728 666 1499]
985 600 1236 657 RERUM
1285 597 1740 655 URBANARUM
1788 598 2311 657 COMMENTARH.
2873 605 2979 659 507

303 758 448 831 bus
492 755 670 843 suis,
709 776 956 829 coram
1007 775 1086 827 se
1135 775 1283 825 non
1329 750 1598 827 debere
1643 752 2053 849 protestari.
2101 754 2388 826 Dictum
2434 751 2571 827 fuit
2618 754 2806 828 inter
2847 755 2985 828 alia

305 879 542 953 dictos
575 882 902 951 oratores
931 876 1228 973 petiisse
1265 876 1460 973 quod
1504 879 1699 972 Papa
1727 882 2097 951 revocaret
2136 876 2365 951 filium
2409 901 2619 951 suum
2652 878 2985 953 cardina-

305 1005 456 1078 lem
481 1002 951 1078 Valentinum
979 1024 1070 1075 ex
1099 1002 1404 1075 Francia
1433 1008 1506 1076 et
1537 1022 1704 1074 eum
1730 1000 2035 1097 pristine
2062 1001 2417 1099 dignitati,
2450 1001 2727 1077 scilicet
2753 1004 2988 1077 cardi-

309 1128 560 1201 nalitie
590 1127 1008 1200 restitueret
1041 1126 1171 1217 (1)—.

401 1248 765 1339 Sabbat0,
835 1254 922 1321 19
987 1247 1259 1323 mensis
1321 1248 1674 1347 januarii,
1742 1248 2109 1347 predictus
2176 1248 2519 1345 magister
2583 1251 2990 1325 Alexander

311 1373 626 1449 extraxit
659 1372 837 1445 mihi
865 1372 1156 1446 dentem
1199 1372 1524 1467 quintam
1567 1374 1854 1447 maxille
1900 1374 2217 1463 sinistre,
2253 1374 2371 1471 qui
2410 1384 2791 1463 concavuS,
2834 1386 2985 1451 erat

315 1507 391 1571 et
409 1505 819 1594 corruptus,

415 1622 628 1695 Feria
653 1620 1002 1711 secunda,
1031 1626 1120 1695 28
1149 1620 1322 1697 dicti
1351 1624 1624 1697 mensis
1649 1624 1991 1722 januarii,
2027 1628 2113 1697 D.
2150 1624 2488 1697 Girardus
2526 1629 2984 1721 UsusMaris,

311 1746 704 1821 Januensis
747 1753 1136 1837 mercator,
1181 1748 1484 1821 maritus
1528 1742 2145 1839 D.'Theodorine,
2194 1748 2339 1821 filie
2381 1749 2611 1823 felicis
2654 1754 2989 1828 recorda-

321 1872 544 1945 tionis
573 1870 974 1945 Innocentii
1006 1893 1192 1968 pape
1220 1876 1409 1963 VllI,
1445 1875 1564 1970 qui
1605 1873 1762 1948 heri
1800 1896 2057 1947 cenam
2098 1874 2274 1947 fecit
2300 1896 2467 1945 cum
2508 1879 2717 1950 Rmo.
2754 1879 2989 1951 cardi-

319 1996 467 2071 nali
498 1999 1041 2087 BeneventanO,
1078 2020 1296 2069 sanus
1330 2004 1401 2071 et
1431 1996 1648 2089 letuS,
1681 1998 1752 2071 in
1786 2020 1999 2073 mane
2034 2005 2363 2095 repertus
2396 2004 2505 2071 est
2534 2000 2606 2072 in
2637 2002 2828 2076 lecto
2860 2027 2991 2077 suo

323 2128 654 2195 mortuus
684 2127 762 2193 et
785 2120 924 2194 vita
949 2122 1239 2196 functus
1267 2145 1353 2195 ex
1387 2123 1762 2221 apoplexia
1790 2130 1889 2213 et,
1919 2123 2103 2196 hora
2132 2145 2619 2220 vesperarum,
2659 2126 2729 2199 in
2762 2127 2995 2203 eccle-

325 2246 430 2321 sia
479 2246 552 2319 b.
605 2246 830 2320 Marie
880 2246 970 2319 de
1021 2246 1295 2344 Populo
1346 2247 1670 2345 sepultus
1719 2248 2447 2323 honorificentissime
2498 2274 2541 2323 a
2584 2252 2881 2347 prelatis
2920 2264 2989 2328 et

327 2371 616 2445 familiis
663 2370 1130 2445 cardinalium
1178 2380 1249 2447 et
1291 2371 1450 2445 aliis
1489 2372 1880 2447 curialibus
1918 2374 2321 2448 associatus
2361 2374 2451 2447 ad
2493 2373 2759 2449 dictam
2798 2378 2992 2453 basi-

327 2496 574 2571 licam.

425 2622 700 2695 Eadem
748 2622 892 2710 die,
941 2620 1014 2694 in
1067 2644 1308 2712 mane,
1349 2624 1471 2696 SS.
1526 2627 1610 2698 D.
1660 2629 1746 2698 N.
1793 2624 2133 2721 equitavit
2184 2624 2535 2711 Hostiam,
2578 2630 2651 2697 et
2694 2647 2861 2698 cum
2906 2650 2994 2699 eo

335 2749 580 2819 RmuS.
623 2749 706 2819 D.
743 2748 1126 2844 Capuanus
1175 2746 1440 2843 Boi-gia
1482 2748 1865 2821 cardinalis
1893 2774 1909 2833 ς
1942 2750 2311 2823 redierunt
2354 2746 2521 2823 inde
2560 2748 2648 2821 ad
2697 2752 2990 2841 Urbem,

331 2870 518 2966 jovis
551 2874 632 2945 31
669 2870 998 2967 eJusdem
1025 2872 1322 2962 mensis,
1360 2873 1552 2946 circa
1581 2874 1835 2947 horam
1868 2898 2035 2946 xxn.

429 2995 640 3069 Feria
677 2996 913 3085 tertia,
951 3000 1044 3069 29
1087 2996 1258 3071 dicti
1304 2998 1576 3071 mensis
1611 2998 1951 3094 januarii,
1989 3003 2237 3071 Rmus.
2276 3002 2363 3071 D.
2400 2997 2781 3071 cardinalis
2811 2998 2997 3073 Nea-

335 3120 692 3217 politanus
735 3143 826 3195 ex
874 3144 1102 3217 regno
1145 3121 1618 3219 Neapolitano
1657 3123 1973 3213 redienS,
2018 3130 2187 3197 ante
2236 3130 2306 3197 et
2346 3123 2540 3196 circa
2576 3121 2990 3213 horamxx,

331 3242 616 3317 intravit
645 3242 912 3317 Urbem
941 3267 1076 3343 per
1097 3250 1378 3342 portam
1409 3269 1468 3317 S.
1502 3244 1729 3318 Pauli.
1765 3246 2015 3319 RRmi.
2045 3248 2194 3318 DD.
2226 3245 2629 3321 cardinales
2656 3272 2717 3321 s,
2749 3248 2997 3322 Crucis

325 3375 399 3442 et
447 3368 791 3443 Senensis
832 3368 1024 3443 inter
1065 3393 1247 3443 xvm
1283 3377 1368 3447 ‚et
1405 3395 1606 3445 xxun
1639 3372 1899 3447 boram
1949 3371 2451 3468 equitaverunt
2496 3382 2567 3446 et
2608 3372 2889 3447 obviam
2929 3374 2997 3446 ei

328 3499 948 3589 venerunt-usque
990 3494 1082 3567 ad
1127 3495 1511 3569 ecclesiam
1553 3522 1612 3569 s.
1663 3496 1861 3571 Pauli
1902 3501 2105 3571 extra
2151 3497 2445 3590 Urbem,
2484 3500 2603 3573 ubi
2652 3522 2740 3573 ex
2783 3498 2996 3572 mulis

329 3617 868 3694 descenderunt
921 3626 994 3693 et
1055 3620 1438 3695 ecclesiam
1493 3622 1845 3696 intrantes
1907 3626 2465 3721 expectaverunt
2521 3625 2715 3698 circa
2769 3624 2998 3698 altare

327 3744 564 3843 majus
593 3744 686 3816 ad
723 3750 1054 3840 quartam
1085 3752 1364 3841 partem
1399 3747 1604 3819 unius
1635 3748 1812 3820 hore
1846 3747 1956 3819 vel
1986 3748 2203 3836 circa,
2236 3771 2613 3845 quousque
2644 3748 2785 3822 illis
2816 3773 2999 3823 nun-

328 3872 648 3943 ciaretur
685 3869 1132 3943 cardinalem
1179 3870 1732 3967 Neapolitanum
1771 3869 1863 3943 ad
1906 3869 2131 3943 voltas
2178 3894 2236 3944 s.
2278 3870 2478 3945 Pauli
2520 3872 2801 3967 galeam
2846 3874 3002 3945 exi-

331 3994 514 4068 visse
544 3992 918 4081 etmulam
959 3994 1402 4068 ascendisse.
1437 3998 1594 4081 Quo
1635 3994 1889 4068 nuntio
1919 3994 2196 4084 habito,
2232 3994 2716 4067 ascenderunt
2754 4001 2830 4068 et
2860 3996 2995 4093 ipsi

331 4120 564 4195 mulas
607 4118 1040 4207 cardinales,
1076 4124 1148 4193 et
1191 4120 1432 4217 ipsum
1471 4126 1676 4194 extra
1717 4096 1789 4193 et
1832 4119 2013 4193 citra
2048 4123 2332 4215 portam
2371 4116 2541 4192 dicti
2580 4120 3002 4193 monasterii

331 4268 388 4317 s.
415 4242 617 4321 Pauli
651 4247 1236 4339 expectaverunt.
1271 4246 1428 4329 Quo
1449 4241 1823 4315 cardinale
1855 4241 2325 4339 Neapolitano
2345 4240 2841 4340 perveniente,
2866 4243 3001 4315 ibi-

330 4368 496 4444 dem
538 4392 616 4441 se
656 4372 910 4445 mutuo
953 4366 1046 4441 ad
1074 4367 1274 4463 pacis
1305 4367 1634 4441 osculum
1666 4372 2097 4463 receperunt
2128 4374 2201 4441 et
2230 4367 2396 4440 inde
2438 4388 2689 4441 versus
2731 4368 3001 4441 Urbem

331 4494 746 4591 equitarunt
783 4513 1010 4589 prope
1051 4490 1440 4567 ecclesiam
1481 4517 1541 4566 s,
1579 4492 1793 4567 Sabe.
1830 4496 2205 4566 Venerunt
2246 4490 2313 4566 ei
2352 4490 2637 4566 obviam
2676 4500 3004 4567 oratores

337 4602 526 4716 regis
569 4616 1024 4713 Neapolitani
1065 4626 1138 4693 et
1177 4618 1477 4693 dominii
1516 4623 1993 4709 Venetorum,
2030 4641 2177 4693 non
2218 4617 2434 4713 longe
2480 4622 2687 4690 extra
2720 4626 3002 4714 portam

336 4767 392 4816 s.
430 4742 630 4817 Pauli
660 4770 678 4829 ;
713 4747 1068 4817 venerunt
1107 4742 1328 4816 etiam
1369 4742 1434 4815 ei
1481 4741 1764 4816 obviam
1814 4741 2218 4816 cardinales
2256 4742 2491 4816 Ursini
2536 4749 2613 4815 et
2653 4740 3000 4829 Medices,

405 5000 456 5056 1.
497 4998 574 5055 Le
603 5015 746 5072 pape
773 4996 882 5056 alla
909 4997 1138 5072 jusqu’a
1173 5013 1424 5055 menacer
1460 5014 1532 5053 un
1567 4998 1669 5053 des
1709 4994 2137 5055 ambassadeurs
2176 5018 2205 5047 «
2246 4996 2315 5052 de
2346 4994 2394 5053 le
2432 4992 2567 5053 faire
2598 4996 2741 5069 jeter
2776 4996 2917 5055 dans
2956 4994 3003 5051 le

337 5087 494 5149 Tibi-e
531 5106 606 5149 »2
647 5095 722 5157 et,
764 5091 1006 5161 emporte
1045 5104 1145 5163 par
1181 5086 1232 5143 la
1274 5087 1468 5155 colere,
1512 5086 1548 5140 il
1588 5086 1787 5161 injuria
1827 5084 1973 5141 leurs
2019 5083 2363 5153 sonveraim,
2405 5082 2592 5140 disant
2632 5101 2736 5157 que
2768 5082 2819 5139 la
2857 5082 3005 5141 rei’ne

342 5178 652 5251 d'Espagne
694 5200 722 5227 «
760 5176 949 5233 n’etait
985 5194 1085 5251 pas
1124 5183 1264 5232 cette
1293 5177 1482 5233 chaste
1520 5175 1676 5232 dame
1715 5172 1881 5247 qu'on
1922 5192 1981 5230 se
2017 5172 2235 5247 plaisait
2278 5176 2311 5230 a
2349 5172 2483 5231 dire.
2532 5195 2562 5226 »
2590 5170 2733 5247 Voy.
2768 5170 3001 5243 Sanum,

347 5270 386 5325 t.
417 5266 486 5335 11,
516 5267 622 5325 col.
647 5265 776 5326 385⁴
