3625 6059
294 513 428 571 [Mai
463 512 602 579 1497}
971 512 1221 569 RERUM
1274 512 1730 569 URBANARUM
1779 512 2302 573 COMMENTARII.
2866 522 2972 577 369

402 672 510 741 De
543 666 885 740 mandato
918 668 1044 739 SS.
1081 669 1164 738 D.
1193 670 1280 738 N.
1307 690 1517 763 pape,
1547 668 1933 740 mandatur
1963 669 2263 766 singulis
2294 644 2763 766 infrascriptis
2796 684 2987 767 qua-5

305 801 520 867 tenus
568 792 683 866 die
713 791 924 890 jovis,
970 796 1056 863 25
1096 790 1452 885 presentis
1499 791 1772 864 mensis
1813 793 2015 881 maii,
2058 794 2458 867 festivitatis
2500 797 2967 869 sacratissimi

302 918 630 1015 corporis
672 916 962 1004 Christi,
1010 917 1143 989 sub
1179 940 1368 1013 pena
1408 916 1726 1013 quinque
1769 918 2199 991 ducatorum
2242 922 2396 992 auri
2442 944 2729 995 camere
2763 946 2972 1019 apos-

304 1044 520 1118 tolice
557 1028 1169 1117 irremissabiliter
1207 1041 1826 1138 applicandorum,
1878 1044 2215 1135 debeant,
2252 1046 2436 1118 hora
2472 1070 2689 1137 nona,
2727 1048 2797 1118 in
2840 1071 2968 1144 pa—

297 1172 472 1245 latio
505 1169 900 1268 apostolico
931 1168 1124 1263 apud
1145 1174 1474 1239 sanctum
1504 1170 1823 1253 Petrum,
1849 1167 2034 1239 intra
2055 1169 2362 1265 primam
2384 1178 2665 1268 portam
2697 1171 2969 1245 ibidem

300 1298 370 1368 iu
422 1296 652 1385 curia,
696 1318 865 1368 cum
911 1293 1211 1389 singulis
1266 1292 1412 1363 suis
1461 1290 1843 1363 intorticiis
1890 1292 2220 1366 honestis
2265 1303 2643 1391 presentes
2691 1320 2851 1370 esse
2902 1305 2973 1370 et

304 1395 562 1511 exinde
605 1419 1242 1517 processionaliter
1285 1440 1373 1489 eo
1419 1415 1670 1489 ordine
1711 1416 2135 1512 procedere,
2172 1427 2387 1515 prout
2432 1426 2678 1494 Rmus,
2718 1425 2804 1494 D.
2848 1444 2971 1494 ca-

303 1521 658 1623 merarius
689 1544 1077 1635 ordinabit,
1113 1567 1196 1616 ac
1227 1540 1707 1639 personaliter
1747 1565 1879 1614 sua
1914 1542 2278 1617 intorticia
2307 1544 2593 1619 deferre
2636 1551 2708 1620 et
2742 1569 2967 1642 usque

305 1672 391 1745 ad
419 1671 971 1770 processionem
1002 1669 1074 1741 in
1108 1692 1195 1741 ea
1221 1689 1678 1764 permanere,
1717 1666 1851 1738 sub
1880 1666 2135 1741 eadem
2165 1674 2377 1765 pena.

399 1796 1038 1871 Abbreviatoribus
1071 1794 1160 1867 de
1191 1815 1408 1890 parco
1441 1791 1724 1889 maj0ri,

399 1922 892 2019 Scriptoribus
921 1917 1367 2017 apostoliciS,

397 2046 1039 2122 Abbreviatoribus
1071 2045 1160 2117 de
1193 2064 1412 2141 parco
1445 2041 1708 2114 minori
1740 2050 1810 2116 et
1846 2066 2062 2138 parva
2090 2044 2392 2134 visione,

402 2172 1007 2249 Sollicitatoribus
1035 2171 1414 2244 literarum
1443 2169 2031 2268 apostolicarum,
2134 2266 2137 2269 ⁴

401 2284 765 2394 Mag'istris
798 2296 1099 2394 plumbi,

401 2422 918 2511 Bullatoribus,

412 2548 936 2623 Collectoribus
968 2546 1270 2645 plumbi,

403 2674 772 2771 §Iagistris
807 2674 1182 2769 utriusque
1215 2670 1533 2768 registri,

404 2802 892 2898 Scriptoribus
921 2799 1450 2898 penitentiarie,

409 2926 722 3001 Notariis
757 2933 938 3015 rote,

415 3052 722 3126 Notariis
753 3048 1102 3125 auditoris
1137 3073 1454 3123 camere.

421 3179 518 3249 De
571 3176 936 3271 mandato·
971 3178 1096 3248 SS.
1163 3178 1247 3247 D.
1314 3179 1397 3249 N.
1466 3200 1678 3273 pape,
1745 3176 2118 3249 intimatur
2177 3175 2700 3249 loculnteneuti
2768 3182 2850 3249 R.
2906 3178 2977 3248 in

299 3300 594 3375 Christo
637 3306 716 3373 P.
763 3299 1037 3374 domini
1081 3300 1498 3374 Sanctitatis
1541 3324 1668 3373 sue
1715 3300 1788 3371 in
1845 3301 2035 3373 alma
2080 3300 2270 3374 Urbe
2318 3310 2386 3373 et
2442 3302 2601 3397 ejus
2646 3300 2977 3373 districtu

303 3424 554 3499 vicarii
585 3424 970 3521 generaliS,
1008 3425 1201 3520 quod
1240 3424 1352 3498 die
1390 3426 1576 3522 jovis
1623 3431 1711 3499 25
1754 3427 2114 3523 presentis
2158 3426 2427 3499 mensis
2473 3428 2669 3517 maii,
2708 3426 2979 3499 festivi-

303 3550 484 3622 tatis
523 3549 986 3623 sacratissimi
1027 3549 1350 3646 corporis
1397 3550 1685 3640 Christi,
1729 3551 1909 3624 hora
1958 3576 2175 3638 nona,
2212 3552 2760 3649 processionem
2806 3550 2980 3625 cleri

309 3675 531 3747 Urbis
559 3674 628 3746 in
673 3674 914 3771 platea
961 3674 1304 3770 principis
1348 3674 1842 3770 apostolorum
1892 3700 2023 3772 per
2064 3677 2247 3748 viam
2291 3676 2693 3750 ordinatam
2742 3684 2810 3749 et
2852 3701 2981 3772 pa-

305 3807 550 3872 ratam
597 3800 688 3873 ad
741 3798 1110 3872 basilicam
1161 3799 1559 3896 predictam
1611 3823 1738 3872 suo
1790 3799 2039 3872 ordine
2090 3800 2487 3897 procedere
2544 3803 2779 3892 saciat,
2837 3826 2980 3873 non

307 3924 767 4020 expectando
797 3925 1344 4020 processionem
1378 3928 1502 3998 SS.
1536 3927 1621 3997 D.
1661 3928 1742 3997 N.
1777 3949 1988 4021 pape,
2024 3925 2133 3997 vel
2179 3926 2278 3998 illi
2327 3951 2403 4001 se
2445 3926 2923 3999 immiscendo
2962 3951 2974 3994 ε

311 4051 704 4125 mandatur
734 4052 955 4126 etiam
994 4051 1392 4125 camerario
1438 4049 1613 4124 cleri
1645 4048 1978 4146 predicti,
2014 4051 2145 4123 sub
2177 4074 2366 4146 pena
2396 4050 2652 4123 decem
2685 4050 2981 4122 ducato—

313 4198 489 4247 rum
530 4200 815 4250 camere
860 4177 1256 4273 apostolice
1308 4175 1901 4250 irremissibiliter
1955 4175 2576 4273 applicandorum,
2632 4182 2983 4271 quatenus

319 4303 860 4397 processionem
900 4302 1072 4376 cleri
1117 4304 1518 4400 prescripta
1561 4304 1736 4378 hora
1776 4310 1845 4377 et
1882 4302 2136 4376 ordine
2180 4301 2583 4397 prescripto
2617 4300 2977 4385 sollicitet,

334 4434 404 4498 et
431 4429 636 4503 faciat
665 4428 1020 4527 premissa
1050 4428 1445 4502 observari.

434 4554 525 4627 De
549 4553 889 4627 mandato
922 4555 1046 4626 SS.
1085 4556 1170 4625 D.
1209 4556 1292 4625 N.
1330 4542 1540 4650 papo,
1588 4554 1969 4627 mandatur
2001 4552 2301 4651 singulis
2331 4552 2803 4648 infrascriptis
2831 4575 2986 4623 cur-

342 4679 604 4753 soribus
636 4678 1051 4753 Sanctitatis
1085 4700 1210 4751 sue
1256 4678 1447 4775 quod
1481 4679 1612 4752 sub
1645 4704 1834 4776 pena
1864 4681 2180 4776 quinque
2214 4679 2641 4751 ducatorum
2674 4677 2828 4749 auri
2858 4700 2987 4774 per

342 4805 720 4895 quemlibet
760 4803 1399 4877 contrafacientem
1445 4806 1881 4878 incurrenda
1920 4811 1989 4879 et
2038 4828 2327 4878 camere
2368 4801 2767 4900 apostolice
2807 4802 2988 4875 irre-

339 4928 773 5005 missibiliter
830 4928 1447 5026 applicandorum,
1507 4929 1821 5003 debeant
1870 4929 2317 5026 processioni
2384 4928 2522 5002 diei
2588 4926 2985 5001 festivitatis

327 5055 796 5129 sacratissimi
838 5054 1162 5150 corporis
1206 5053 1467 5127 Christi
1523 5052 1848 5149 proxime
1896 5052 2136 5127 future
2189 5052 2673 5148 personaliter
2716 5075 2759 5121 a
2786 5049 2990 5145 prin-

333 5171 514 5272 cipio
559 5204 786 5279 usque
825 5180 918 5253 ad
959 5178 1180 5254 finem
1229 5178 1606 5267 interesse,
1659 5184 1730 5251 et
1780 5177 2085 5273 quilibet
2142 5200 2397 5251 eorum
2450 5175 2781 5250 officialis
2832 5173 2990 5245 illos

611 5353 662 5391 ϊ.
705 5350 760 5388 ιι.
1365 5340 1368 5343 “
2642 5326 2712 5380 ‘2⁷1
