3625 6059
684 560 791 617 150
1588 556 1618 613 J
1626 552 1944 614 OHANNIS
1995 552 2442 627 BURCHARDI,
3059 554 3190 617 [Mai
3219 554 3376 615 149⁴]

682 711 1017 809 impediri
1048 736 1191 787 non
1220 718 1493 811 posset,
1518 736 1651 811 per
1676 709 2022 786 nuncium
2054 717 2175 786 aut
2199 709 2448 786 literas
2471 710 2576 785 eis
2599 710 3012 809 significare
3043 709 3366 797 cui-abe,

692 837 800 914 vel
839 837 937 911 illi
979 862 1109 936 per
1159 860 1379 936 quem
1425 836 1635 912 citius
1687 836 1780 910 ad
1843 859 2097 914 eorum
2139 836 2472 911 notitiam
2527 836 2949 912 deducatur.
3003 841 3375 932 Papatum

690 986 1098 1055 romanum,
1132 972 1206 1040 et
1244 964 1517 1059 regalia
1550 961 1781 1037 sancti
1823 960 2046 1052 Petri,
2075 985 2160 1036 ac
2191 962 2436 1037 omnia
2462 964 2634 1061 jura
2665 984 2962 1038 romane
2995 960 3372 1044 Ecclesia,

691 1112 831 1188 que
862 1089 1107 1179 habet,
1145 1089 1411 1186 ubique
1442 1087 1954 1163 manutenebo
1977 1088 2146 1161 totis
2173 1088 2438 1161 viribus
2459 1094 2535 1163 et
2559 1087 2944 1163 defendam
2977 1094 3045 1160 et
3071 1086 3384 1184 adjutor

694 1238 819 1291 ero
865 1239 880 1288 ε
918 1215 1210 1311 negotia
1248 1215 1427 1289 mihi
1467 1239 1507 1289 a
1550 1218 1635 1289 D.
1682 1217 1769 1288 N.
1817 1237 2005 1312 papa
2044 1214 2436 1290 commissa
2475 1214 2590 1290 vel
2627 1212 3148 1289 committenda
3187 1210 3382 1284 flde-

694 1341 859 1414 liter
886 1363 1137 1438 geram
1184 1348 1257 1415 et
1298 1340 1603 1415 sollicite
1644 1341 2074 1438 procurabo.
2109 1340 2520 1417 Notariatus
2550 1340 2795 1416 officia
2833 1338 3136 1437 predicti
3179 1336 3378 1411 flde-

696 1465 863 1539 liter
904 1466 1288 1559 exerceb0,
1336 1465 1519 1540 nihil
1561 1465 1896 1541 addendo
1933 1466 2044 1541 vel
2089 1468 2483 1542 minuendo
2537 1466 2693 1541 sine
2731 1465 3098 1539 voluntate
3143 1468 3241 1537 D.
3287 1466 3376 1537 N.

698 1594 893 1690 quod
947 1592 1284 1667 immutet
1352 1592 1830 1666 substantiam
1895 1599 2100 1665 actus
2157 1591 2334 1665 mihi
2389 1590 2817 1689 compositi3
2865 1586 3383 1663 attestationes

699 1742 918 1817 super
956 1718 1272 1815 negotiis
1310 1717 1817 1813 inquisitiones
1859 1717 2524 1792 canonizandorum
2560 1714 3143 1814 respicientibus,
3181 1712 3380 1787 fide·

697 1844 864 1918 liter
902 1844 974 1916 in
1026 1843 1312 1941 scriptis
1350 1842 1826 1939 imponendas
1863 1843 2044 1916 mihi
2093 1842 2168 1916 in
2219 1841 2652 1917 consistorio
2691 1847 2765 1915 et
2810 1839 3260 1937 redigendas
3309 1839 3380 1914 in

702 1968 1066 2069 publicam
1123 1968 1429 2043 formam
1484 1967 1796 2043 fideliter
1852 1968 2208 2067 redigam,
2263 1978 2336 2042 et
2394 1969 2638 2043 omnia
2693 1968 2834 2043 alia
2899 1990 3042 2065 que
3097 1966 3382 2064 ubique

702 2093 1169 2189 imponentur
1201 2115 1334 2190 per
1361 2097 1449 2167 D.
1488 2096 1570 2167 N.
1608 2093 1925 2169 fideliter
1961 2118 2346 2193 peragam;
2383 2094 2631 2169 dolum
2663 2118 2790 2169 seu
2829 2093 3158 2167 fraudem
3189 2114 3384 2165 con-

702 2226 812 2292 tra
838 2216 1076 2314 ipsum
1113 2216 1439 2292 officium
1472 2242 1616 2293 non
1644 2220 2097 2294 committam
2129 2243 2361 2318 neque
2397 2221 2750 2296 committi
2779 2218 3272 2308 consentiam,
3309 2226 3382 2290 et

706 2342 765 2415 si
814 2342 1041 2417 sciam
1096 2342 1411 2440 aliquem
1466 2344 1715 2419 dolum
1768 2368 1900 2420 seu
1949 2346 2275 2421 fraudem
2325 2353 2581 2422 contra
2625 2346 2800 2420 illud
2843 2343 3236 2435 committi,
3287 2347 3375 2417 D.

704 2490 898 2558 meo,
933 2474 1203 2565 quanto
1234 2469 1447 2543 citius
1478 2472 1866 2547 commode
1896 2479 2154 2570 potero
2187 2472 2560 2563 revelab03
2591 2472 2841 2547 literas
2871 2479 3009 2567 qu'e
3039 2468 3378 2566 expediri

701 2594 969 2668 debent
1013 2594 1087 2666 in
1136 2597 1569 2671 cancellaria
1613 2620 1761 2670 non
1803 2597 2225 2694 impediam,
2283 2620 2419 2673 nec
2471 2597 2802 2697 impediri
2857 2594 3376 2677 consentiam:

630 2778 641 2791 .
714 2720 1221 2816 impugnantes
1259 2744 1432 2796 vero
1478 2722 1725 2796 literas
1766 2722 1840 2795 in
1873 2723 2305 2797 cancellaria
2344 2723 2694 2822 predicta,
2726 2722 3079 2822 partibus,
3107 2742 3382 2817 procu·

716 2845 1075 2920 ratoribus
1124 2846 1234 2921 vel
1285 2846 1615 2943 personis
1658 2846 1818 2919 altis
1873 2870 2004 2945 per
2044 2871 2223 2945 quas
2277 2849 2502 2946 possit
2549 2849 2922 2947 pervenire
2971 2846 3064 2920 ad
3111 2868 3378 2920 eorum

705 2970 1064 3062 notitiam,
1108 2972 1379 3049 nemini
1438 2971 1773 3045 revelabo
1819 2996 1835 3045 z
1887 2979 2166 3047 secreta
2207 2974 2428 3048 etiam
2480 2973 2620 3047 alia
2659 2972 2886 3071 ipsius
2933 2970 3377 3045 cancellarie

704 3120 845 3193 que
879 3104 1163 3173 secreta
1188 3120 1351 3172 esse
1382 3120 1791 3193 cognovero
1833 3107 2116 3173 secrete
2155 3100 2419 3175 tenebo
2463 3121 2696 3197 eaque
2741 3097 3057 3173 scienter
3085 3097 3374 3172 nemini

702 3221 1041 3319 pandam.
1070 3222 1497 3319 Supradicta
1519 3222 1765 3319 itaque
1794 3224 2043 3297 omnia
2067 3228 2140 3298 et
2171 3224 2454 3320 singula
2481 3226 2825 3323 promitto
2853 3231 2928 3298 et
2941 3224 3110 3320 juro
3139 3229 3378 3296 atten-

704 3346 874 3421 dere
921 3355 993 3422 et
1034 3347 1417 3422 observare
1460 3347 1617 3421 sine
1665 3347 1864 3420 omni
1911 3346 2078 3421 dolo
2127 3354 2199 3423 et
2245 3348 2522 3441 fraude,
2571 3350 2726 3426 sine
2757 3348 3072 3436 malitia;
3109 3348 3224 3423 sic
3257 3370 3375 3421 me

706 3473 899 3545 Deus
922 3471 1206 3569 adjuvet
1233 3476 1305 3543 et
1332 3470 1471 3543 hec
1502 3477 1757 3545 sancta
1784 3469 1918 3543 Dei
1951 3472 2342 3569 evangelia.
2391 3506 2425 3543 »

802 3596 965 3671 Fuit
993 3596 1109 3669 his
1141 3594 1397 3669 diebus
1425 3594 1616 3669 inter
1641 3597 1723 3668 R.
1759 3600 1848 3669 D.
1881 3596 2278 3672 Jordanum
2309 3598 2795 3697 patriarcham
2823 3598 3376 3673 Antiochenam

702 3721 1329 3822 archiepiscopum
1362 3724 1781 3818 Capuanum
1812 3729 1888 3797 et
1914 3723 2406 3799 Alexandrum
2430 3724 3060 3823 archiepiscopum
3091 3726 3380 3824 Neapo-

704 3846 1011 3921 litanum
1069 3850 1537 3946 precedentia
1585 3874 1854 3949 magna
1899 3850 2306 3925 differentia
2360 3842 2656 3938 exorta3
2701 3872 2874 3923 nam
2925 3847 3375 3947 patriarcba,

704 3972 1094 4072 privilegiis
1144 3974 1275 4049 sibi
1325 3998 1371 4049 a
1414 3976 1581 4073 jure
1629 3977 2028 4052 concessis‘
2059 3978 2160 4051 uti
2208 3978 2482 4069 volenS,
2529 3976 2815 4051 dicebat
2873 3974 3007 4048 sibi
3057 3974 3378 4073 primum

707 4098 947 4172 locum
984 4100 1269 4193 deberi;
1306 4100 1900 4201 archiepiscopus
1929 4101 2200 4177 veroin
2231 4126 2362 4177 sua
2389 4102 2726 4193 ecclesia,
2755 4100 3068 4191 civitate,
3099 4096 3378 4175 diecesi

708 4233 782 4300 et
812 4226 1199 4322 provincia,
1238 4226 1533 4324 dempto
1563 4227 1807 4326 legato
1839 4229 1928 4302 de
1959 4228 2214 4321 latere,
2251 4229 2514 4303 cedere
2551 4228 2826 4302 nemini
2867 4226 3138 4301 debere
3171 4248 3378 4301 asse-

556 4398 565 4403 ·
706 4350 940 4438 rebat,
976 4357 1043 4423 et
1083 4350 1267 4425 adeo
1304 4375 1421 4426 res
1451 4352 1591 4427 hec
1630 4360 1742 4427 est
1784 4352 2173 4451 divulgata,
2205 4355 2400 4452 quod
2433 4378 2560 4429 rex
2589 4378 2718 4429 eos
2752 4356 3140 4454 pacificare
3175 4352 3372 4428 desi-

706 4475 969 4549 derans
1011 4481 1086 4549 et
1142 4476 1397 4574 cuique
1441 4476 1685 4553 locum
1730 4502 1942 4553 suum
1990 4479 2284 4553 attribui
2331 4504 2488 4555 rem
2536 4481 2726 4557 hanc
2771 4480 2952 4555 mihi
3003 4478 3373 4556 commisit

706 4598 1261 4675 terminandam.
1298 4604 1479 4700 EgO,
1514 4603 1899 4678 attendens
1935 4605 2280 4681 ecclesias
2311 4606 2830 4704 patriarchales
2871 4608 3030 4681 illas
3061 4614 3378 4703 quatuor

704 4746 747 4795 a
774 4726 933 4820 jure
965 4726 1451 4823 privilegiatas
1480 4728 1555 4803 in
1584 4730 1918 4805 manibus
1946 4730 2347 4807 infidelium
2389 4734 2846 4825 constitutas,
2885 4740 2957 4808 et
2985 4738 3378 4832 propterea

704 4868 954 4931 eorum
998 4849 1315 4943 prelatos
1358 4855 1713 4950 titulareS,
1770 4881 2145 4956 nunquam
2175 4883 2636 4957 possessores
2667 4860 3006 4952 effectos3
3041 4865 3116 4933 et
3157 4858 3378 4933 etiam

704 4966 901 5064 quod
938 4977 1323 5066 propterea
1367 4977 1437 5050 in
1478 5002 1781 5054 romana
1822 4981 2021 5055 curia
2067 4981 2443 5079 privilegia
2486 5005 2740 5057 eorum
2777 4986 2932 5082 jam
2981 4985 3104 5059 diu
3155 4983 3380 5058 oblita

702 5092 846 5167 sint
877 5092 1051 5167 etin
1084 5096 1363 5192 capella
1388 5122 1537 5174 non
1568 5102 1803 5177 solum
1835 5104 2024 5180 inter
2053 5104 2486 5197 cardinales,
2523 5105 2653 5181 sed
2681 5129 2917 5203 neque
2947 5113 3111 5206 post
3141 5105 3379 5180 cardi-

702 5218 903 5293 nales
952 5219 1025 5293 in
1077 5219 1313 5297 banco
1359 5224 1835 5303 cardinalium
1895 5230 2148 5305 sedere
2207 5233 2472 5306 nostris
2530 5232 2982 5329 temporibus
3033 5230 3371 5329 permissi
