3625 6059
759 582 865 636 608
1858 579 2287 638 APPENDICE.

771 733 1007 811 Borgia
1031 737 1245 796 ortum
1275 731 1528 794 habens
1551 749 1632 794 ex
1656 733 1953 795 Valentia
1983 733 2241 795 civitate
2262 730 2671 795 nobilissima
2703 749 2775 794 re
2805 738 2869 795 et
2902 733 3225 812 opinione
3252 735 3417 796 miles

767 833 1116 911 egregius:
1149 830 1526 894 Ilelisabeth
1559 830 1784 892 matris
1805 835 2177 893 maternum
2202 845 2417 910 genus
2444 846 2523 891 ex
2552 830 2929 893 Porciorum
2958 830 3219 894 familia
3246 833 3419 896 Rome

763 935 1024 992 vetusta
1056 946 1132 992 ac
1156 930 1462 1008 precipua
1495 931 1686 1009 cujus
1714 929 1934 1008 gentis
1964 927 2207 991 familia
2238 933 2339 989 est
2369 943 2515 990 mea
2526 973 2672 990 ......

845 1053 1030 1090 ......
1067 1028 1318 1090 Creavit
1352 1028 1664 1108 (calixtus
1707 1027 1813 1107 lli)
1843 1025 2237 1090 Ludovicum
2272 1025 2507 1088 Milano
2538 1031 2604 1089 et
2632 1027 3025 1098 Rodericum
3067 1030 3306 1109 Borgia
3328 1047 3419 1092 ne-

759 1131 948 1203 potes
977 1126 1341 1188 cardinales
1375 1126 1638 1188 demum
1663 1124 2162 1205 magistratibus
2192 1140 2269 1186 ac
2298 1125 2513 1187 Cincio
2541 1125 2762 1187 Porcio
2796 1132 3035 1204 patruo
3072 1145 3229 1190 meo
3262 1129 3423 1190 urbis

756 1230 911 1284 tunc
941 1227 1256 1301 perpetuo
1301 1221 1687 1284 cancellario
1725 1221 2081 1300 reliquisve
2112 1221 2351 1283 Porciis
2390 1223 2878 1301 expetentibus.
2928 1225 3299 1288 Rodericus
3324 1227 3422 1306 ju-

753 1322 898 1382 nior
912 1320 1272 1383 Cardinalis
1289 1325 1526 1382 sanctae
1548 1322 1855 1382 Romanae
1868 1318 2161 1381 ecclesiae
2178 1319 2769 1397 vicecancellarius,
2790 1323 3175 1400 postposito
3190 1325 3423 1403 majore
3530 1375 3532 1386 .

753 1423 991 1496 nepote
1021 1436 1055 1480 a
1092 1419 1338 1482 Calixto
1363 1419 1710 1494 avunculo,
1745 1419 2135 1497 designatur
2166 1417 2359 1497 cujus
2384 1418 2791 1481 cancellariae
2816 1420 3313 1499 amplissimum
3348 1421 3421 1483 of·
3530 1417 3532 1474 ἕ

751 1515 970 1578 licium
993 1517 1186 1580 annis
1213 1519 1462 1579 XXXVI
1496 1517 1673 1580 omni
1713 1533 1863 1579 cum
1908 1515 2229 1596 dignitate
2279 1517 2563 1579 servavit
2614 1522 2678 1579 et
2716 1519 2929 1592 auxit,
2966 1519 3268 1581 honores
3304 1537 3417 1581 non

752 1613 948 1676 modo
977 1615 1214 1677 nimios
1237 1615 1356 1678 sed
1379 1615 1746 1695 legationes
1775 1634 1788 1674 :
1818 1615 2276 1691 Hispaniarum
2307 1615 2675 1692 praesertim
2704 1620 2769 1677 et
2790 1633 3023 1678 curam
3046 1623 3415 1696 perpetuam

752 1712 1024 1792 recepit,
1056 1729 1258 1792 quam
1283 1713 1370 1775 ob
1389 1731 1527 1775 rem
1553 1707 1945 1776 Ferdinandi
1969 1711 2228 1774 illarum
2248 1713 2427 1792 regis
2456 1713 2865 1774 invictissimi
2888 1715 3413 1777 benevolentiam

750 1827 1013 1872 omnem
1036 1816 1100 1873 et
1118 1809 1452 1872 affinitatis
1477 1811 1810 1873 vinculum
1833 1809 2211 1888 reportavit.
2244 1809 2487 1872 Prefuit
2508 1827 2640 1872 una
2664 1811 2861 1873 simul
2884 1812 3265 1889 valentine,
3288 1814 3415 1876 Car·

749 1907 1082 1988 tiginensi,
1113 1909 1206 1970 Ma
1208 1909 1237 1988 j
1245 1910 1546 1984 oricensi‚
1570 1909 1875 1988 Agriensi
1896 1912 1961 1970 et
1985 1908 2331 1970 Portuensi
2358 1908 2623 1970 demum
2646 1909 3151 1987 episcopatibus
3174 1913 3421 1993 illisque

747 2006 1102 2084 plurimum
1135 2007 1520 2069 restauratis
1542 2025 1579 2068 a
1609 2005 2072 2068 Cardinalibus
2092 2005 2383 2068 Pontifex
2404 2007 2732 2068 maximus
2756 2006 3149 2088 deputatur,
3174 2011 3415 2093 eligitur

747 2104 1164 2181 unanimiter,
1191 2105 1590 2167 unanimiter
1617 2103 2045 2168 confirmatur
2052 2147 2283 2166 .........
2322 2149 2335 2164 .

833 2227 862 2258 «
1056 2205 1244 2266 Extat
1285 2203 1653 2265 Alexander
1697 2207 1948 2265 statura
1996 2218 2331 2280 proceruS‚
2382 2202 2599 2265 colore
2638 2203 2877 2278 medio,
2910 2204 3133 2284 nigris
3182 2207 3409 2270 oculis:
3533 2209 3534 2220 ³

748 2302 872 2363 Ore
901 2303 1241 2380 paululum
1291 2301 1581 2380 pleniore
1617 2321 1632 2363 :
1681 2301 2072 2364 valetudine
2100 2316 2418 2379 prospera
2446 2301 2691 2364 laboris
2714 2301 2879 2364 altra
2902 2303 3059 2384 (sic)
3090 2303 3295 2368 fidem
3316 2323 3407 2384 pa·

751 2399 917 2461 tiens
939 2399 944 2404 ’
965 2417 1084 2463 seu
1134 2401 1230 2462 sol
1273 2419 1288 2461 ε
1347 2400 1476 2462 Seu
1517 2400 1601 2462 sit
1643 2399 1875 2461 imber.
1938 2399 2322 2478 Eloquentia
2372 2398 2669 2477 preditus
2718 2400 3067 2481 singulari,
3119 2419 3161 2464 a
3208 2405 3407 2465 sevitia

746 2499 921 2558 omni
950 2499 1212 2578 penitus
1243 2496 1523 2573 alienu8‚
1546 2499 1842 2560 omnium
1872 2513 2105 2577 expers
2127 2514 2259 2577 que
2284 2497 2373 2560 ad
2390 2498 2895 2578 gubernandam
2920 2515 3067 2562 rem
3092 2501 3407 2578 publicam

749 2594 1101 2672 pertinent.
1137 2597 1506 2675 Principum
1544 2612 1620 2658 ac
1669 2611 1905 2676 regum
1940 2596 2260 2658 amicitias
2299 2597 2721 2674 potissimum
2752 2597 2954 2659 coluit
2987 2617 3003 2659 z
3048 2599 3412 2662 Delectatur

747 2693 1070 2755 immensa
1102 2693 1390 2756 virorum
1421 2693 1664 2756 familia
1697 2695 2100 2772 prelatorum
2132 2699 2197 2756 et
2218 2694 2447 2757 ordine
2485 2694 2687 2774 longo
2716 2712 2730 2754 :
2766 2694 2939 2758 Varii
2977 2699 3257 2776 generis
3284 2697 3403 2759 edi-

745 2787 888 2851 ficia
929 2789 1149 2853 divino
1198 2807 1272 2853 ac
1308 2791 1599 2855 humano
1643 2792 1792 2854 usui
1831 2791 2207 2854 necessaria
2254 2793 2617 2855 construxit
2662 2812 2676 2852 :
2724 2793 3052 2858 Habitavit
3096 2796 3305 2874 primo
3347 2796 3401 2856 in

745 2889 1014 2969 regione
1044 2889 1265 2952 Pontis
1298 2889 1535 2952 edibus
1556 2890 1837 2968 propriis
1866 2889 2052 2969 juxta
2077 2889 2209 2952 divi
2234 2890 2431 2953 Blasii
2461 2890 2801 2952 basilicam
2824 2894 3125 2956 maximo
3160 2897 3403 2972 sumptu

745 2987 1126 3067 compositis
1148 3004 1268 3050 nec
1299 2987 1674 3050 carentibus
1694 3006 1891 3065 auro;
1922 2994 2070 3069 post
2098 2995 2321 3052 autem
2344 2987 2793 3068 pontificatum
2826 2991 3197 3055 maximum
3220 2991 3283 3054 in
3302 3009 3397 3070 pa-

741 3085 896 3148 latio
927 3085 1058 3148 divi
1078 3086 1248 3149 Petri
1271 3087 1542 3150 Basilice
1561 3088 1628 3148 in
1647 3088 1955 3150 Vaticano
1977 3088 2328 3168 conjuncto
2356 3086 2536 3165 quod
2557 3104 2731 3166 pape
2759 3093 3019 3150 tantum
3044 3089 3396 3152 inhabitare

744 3183 1164 3260 permittitur.
1197 3186 1382 3247 Nunc
1412 3185 1589 3247 illius
1620 3185 2116 3248 coronationem
2146 3201 2225 3247 eo
2255 3201 2388 3264 quo
2426 3189 2617 3265 gesta
2664 3189 2768 3248 est
2791 3185 3024 3249 ordine
3054 3187 3392 3268 depingas·

743 3299 891 3343 mus
925 3302 939 3343 ε
974 3287 1200 3344 octavo
1230 3281 1380 3345 idus
1407 3284 1675 3363 augusti
1694 3300 1874 3346 anno
1893 3288 2088 3346 antea
2120 3283 2466 3364 designato
2490 3284 2850 3346 Hostiensis
2880 3285 3241 3363 episcopus
3266 3286 3395 3347 Car·

743 3379 977 3441 dinalis
1023 3396 1323 3442 summus
1371 3379 1871 3459 penitentiarius
1916 3381 2198 3460 Spiritus
2250 3382 2469 3444 Sancti
2512 3381 2925 3444 invocatione
2964 3398 3284 3462 sacraque
3320 3381 3391 3443 de

743 3493 924 3538 more
955 3476 1227 3556 peregit.
1261 3478 1619 3558 Episcopus
1651 3478 1967 3542 Pacensis
1990 3478 2384 3542 Ferdinandi
2422 3485 2485 3541 et
2528 3479 2909 3541 Helisabetb
2952 3479 3393 3559 Hispaniarum

740 3578 804 3635 et
833 3574 1137 3636 Granatae
1162 3590 1394 3654 regum
1418 3581 1642 3639 orator
1668 3577 1841 3640 bene
1860 3578 2134 3639 meritus
2156 3577 2367 3640 multa
2394 3576 2477 3639 de
2507 3579 2755 3655 optimo
2784 3575 3099 3640 Pontifice
3128 3579 3390 3642 maximo

739 3669 1044 3751 eligendo
1073 3673 1448 3736 acutissime
1487 3691 1607 3737 nec
1647 3672 1891 3738 frustra
1940 3675 2274 3738 disseruit.
2310 3677 2463 3738 Post
2496 3675 2637 3738 haec
2676 3673 3067 3738 Cardinales
3106 3674 3391 3738 conclave

739 3769 1112 3833 subintrant
1137 3790 1151 3831 :
1175 3770 1356 3834 locus
1379 3776 1480 3834 est
1509 3773 1576 3834 in
1608 3789 1794 3836 sacro
1824 3773 2067 3852 palatio
2092 3773 2209 3836 ubi
2236 3773 2416 3836 nullo
2441 3774 2713 3852 pariete,
2738 3773 2921 3836 tenui
2943 3778 3203 3837 tantum
3222 3769 3389 3834 viridi

749 3869 1074 3931 velamine
1096 3869 1471 3950 ‘interjectm
1506 3869 1833 3949 pontificis
1862 3872 2247 3934 electionem
2279 3870 2399 3934 soli
2428 3869 2802 3934 conficiunt.

822 4180 852 4210 «
906 4156 1108 4218 Valde
1133 4173 1324 4219 mane
1348 4157 1452 4219 die
1477 4175 1674 4237 quem
1706 4158 1992 4220 diximus
2021 4159 2326 4239 Augusti,
2350 4162 2489 4220 erat
2511 4161 2737 4220 autem
2758 4156 2901 4220 dies
2930 4157 3215 4234 sabbati,
3240 4157 3380 4218 Pon·

739 4254 892 4316 tifex
922 4253 1294 4316 Alexander
1322 4271 1401 4316 ex
1440 4256 1747 4318 conclave
1776 4257 2115 4320 electionis
2143 4256 2287 4320 loco
2318 4261 2471 4318 ante
2501 4255 2723 4318 omnia
2746 4257 2955 4318 altare
2982 4257 3201 4337 majus
3224 4251 3383 4332 quod

733 4351 940 4414 sancti
968 4351 1138 4414 Petri
1167 4353 1441 4416 Basilice
1469 4357 1691 4432 preest
1717 4355 1999 4417 :cunctis
2021 4357 2222 4417 Deum
2246 4353 2637 4433 appollinari
2660 4354 2949 4416 carmine
2972 4351 3381 4416 laudantibus

731 4449 1154 4512 devotissime
1194 4450 1550 4514 salutavit:
1601 4452 1855 4514 Atrium
1883 4451 2121 4515 deinde
2166 4452 2552 4531 pontificum
2582 4451 2761 4531 quod
2803 4451 3045 4530 papale
3084 4449 3379 4532 palatium

729 4548 905 4610 curia
935 4553 1125 4611 vocat
1144 4548 1514 4629 ingreditur
1539 4567 1749 4629 eoque
1774 4551 2019 4630 quievit
2045 4557 2265 4613 :sexto
2286 4567 2441 4614 vero
2464 4548 2774 4614 calendas
2801 4550 3195 4628 septembris
3220 4561 3381 4610 coro—

732 4646 909 4707 natio
939 4646 1062 4708 hoc
1085 4647 1315 4710 ordine
1341 4648 1729 4711 celebratur.

813 4767 844 4799 «
889 4744 1162 4806 Ministri
1192 4745 1480 4825 primum
1511 4748 1737 4809 sericis
1763 4748 2063 4810 vestibus
2092 4748 2379 4827 cooperti
2410 4752 2765 4828 argenteos
2794 4747 3069 4811 baculos
3092 4745 3377 4809 manibus

722 4847 1060 4923 gestantes
1093 4860 1292 4924 puras
1323 4846 1893 4924 vias·apertasque
1923 4846 2348 4925 prestabant:
2381 4847 2665 4926 singulis
2694 4846 2868 4907 binis
2892 4843 3374 4925 magistratibus

720 4944 1104 5021 purpuratis
1128 4943 1636 5006 succedentibus
1657 4943 1951 5006 seriatim
1979 4945 2431 5024 sequebantur
2451 4943 2741 5023 episcopi
2770 4959 2971 5005 aurea
3004 4943 3369 5006 vestimenta

720 5042 1061 5111 portantes
1091 5035 1262 5103 albis
1295 5043 1505 5104 mitris
1553 5042 1875 5121 impositis
1916 5042 2155 5122 capiti:
2196 5042 2305 5103 His
2347 5041 2683 5122 proximus
2725 5045 2829 5103 est
2874 5057 3063 5104 sacer
3088 5037 3369 5104 cardina·

719 5130 884 5196 lium
934 5141 1232 5215 senatus,
1276 5138 1691 5203 dalmaticam
1736 5157 2007 5203 auream
2052 5139 2307 5203 diaconi
2345 5139 2538 5218 primi
2582 5155 2781 5218 super
2827 5155 3037 5218 equos
3078 5137 3365 5202 sedentes

717 5229 887 5292 albis
937 5239 1182 5298 stratos
1223 5239 1646 5316 operimentis
1688 5235 2081 5309 deferenteS‚
2118 5239 2198 5300 de
2228 5254 2513 5316 quorum
2553 5237 2969 5299 institutione
3014 5231 3357 5299 necessaria
