3625 6059
703 538 811 595 310
1634 531 1986 589 JOHANNIS
2035 530 2481 601 BURCHARDI,
3036 536 3198 599 [Aont
3228 540 3351 603 1496]

702 690 840 767 fuit
867 690 1322 766 incensatum
1363 691 1530 760 ante
1558 684 1931 759 introitum
1967 708 1983 755 z
2018 687 2421 779 incensum,
2460 712 2591 763 suo
2622 694 2981 787 tempore,
3019 688 3349 788 imposuit

700 817 1008 914 legatus,
1041 815 1382 912 episcopo
1413 810 1901 907 Fulginatensi
1928 812 2330 887 naviculam
2351 813 2833 905 ministrante,
2860 815 2981 911 qui
3010 821 3081 889 et
3100 816 3349 890 librum

704 943 1240 1039 evangeliorum
1286 944 1450 1037 post
1498 936 1944 1034 evangelium
1985 937 2118 1011 sibi
2148 938 2470 1035 porrexit
2518 946 2590 1013 et
2625 964 2883 1038 pacem
2926 942 3061 1015 sibi
3112 943 3349 1016 minis-

699 1067 937 1143 travit.
978 1068 1274 1141 Missam
1314 1062 1703 1138 celebravit
1743 1062 1863 1136 ille
1913 1065 2302 1138 canonicus
2342 1065 2462 1162 qui
2500 1065 2662 1140 heri
2703 1066 3199 1165 indulgentias
3233 1094 3351 1167 po-

701 1193 872 1290 pulo
894 1191 1314 1290 publicavit3
1342 1213 1485 1287 qua
1502 1189 1731 1278 finita,
1750 1188 2037 1285 legatus
2068 1190 2265 1263 dedit
2295 1190 2876 1267 benedictionem
2908 1198 2980 1266 et
3005 1196 3349 1269 concessit

701 1316 1186 1415 indulgentias
1227 1316 1441 1391 trium
1472 1337 1831 1388 annorum
1862 1320 1934 1388 et
1963 1316 2261 1390 totidem
2295 1315 2921 1413 quadragenarum
2958 1342 3143 1413 quas
3174 1318 3349 1392 idem

702 1440 1077 1515 celebrans
1103 1438 1511 1538 publicavit.
1545 1440 1706 1515 Alia
1735 1440 2113 1517 observata
2141 1449 2306 1514 sunt
2339 1464 2542 1516 more
2570 1441 2807 1516 solit0.

799 1565 1194 1641 Videbatur
1231 1564 1462 1661 magis
1507 1564 1865 1663 placuisse
1909 1565 2151 1663 legato
2193 1566 2390 1664 quod
2433 1568 2816 1665 episcopus
2866 1565 3345 1661 Placentinus„

699 1694 844 1769 loci
877 1692 1308 1783 ordinariuS,
1345 1690 1661 1765 stetisset
1695 1692 1903 1789 juxta
1946 1715 2113 1767 eum
2154 1716 2318 1766 cum
2357 1692 2517 1767 aliis
2549 1693 2847 1789 prelatis
2878 1694 2953 1768 in
3000 1694 3179 1767 sede
3210 1719 3355 1793 pre·

703 1819 894 1894 dic-ta
929 1845 945 1893 :
983 1841 1120 1915 ego
1151 1823 1396 1892 autem
1431 1816 1576 1890 dixi
1617 1816 1867 1893 sedem
1900 1818 2302 1915 predictam
2345 1820 2503 1916 ipso
2549 1820 2894 1917 episcopo
2936 1819 3161 1917 longe
3194 1844 3353 1893 con-

702 1943 1108 2017 venientius
1149 1942 1465 2015 debitam
1499 1941 1620 2037 qui
1653 1940 1953 2015 deberet
1988 1942 2062 2014 in
2095 1966 2224 2016 sua
2247 1943 2556 2018 ecclesia
2584 1943 2930 2019 honorari
2957 1945 3121 2043 plus
3152 1971 3351 2045 quam

700 2068 1021 2166 prelatus
1051 2067 1387 2159 forensiS,
1423 2067 1618 2163 quod
1645 2065 1924 2163 legatus
1957 2066 2199 2143 facere
2225 2070 2580 2166 promisit.

798 2193 1010 2267 Feria
1039 2192 1380 2282 secunda,
1421 2196 1510 2265 22
1543 2192 1853 2288 augusti,
1887 2196 2138 2269 Rmus,
2171 2198 2255 2267 D.
2280 2194 2564 2292 legatus
2596 2197 2900 2270 recessit
2923 2198 3121 2271 bono
3154 2222 3351 2274 mane

699 2321 789 2393 de
821 2318 1214 2410 Placentia,
1251 2325 1325 2392 et
1353 2316 1654 2414 prandio
1689 2318 1764 2390 in
1797 2318 2026 2393 Casali
2059 2318 2277 2410 facte,
2308 2321 2501 2395 venit
2528 2322 2853 2395 Laudum
2898 2322 3021 2396 ubi
3060 2323 3197 2397 suit
3236 2326 3353 2417 sub

698 2450 909 2541 porta
957 2442 1288 2533 civitatiS,
1342 2464 1480 2538 que
1526 2447 1637 2514 est
1691 2442 2030 2534 secunda,
2079 2445 2717 2540 processionaliter
2764 2453 3153 2545 receptus:
3194 2472 3351 2523 nam

699 2569 899 2667 prior
924 2574 1136 2664 porta
1165 2572 1276 2639 est
1310 2565 1531 2661 Burgi
1561 2566 1652 2637 ad
1685 2588 1904 2662 quam
1945 2566 2178 2641 aditus
2218 2576 2369 2643 erat
2406 2570 2738 2645 lutuosus
2763 2571 3015 2664 nimis;
3052 2595 3350 2648 consue-

698 2699 951 2767 verant
985 2690 1204 2787 legati
1245 2690 1321 2761 in
1359 2688 1480 2762 illa
1523 2691 1843 2763 secunda
1875 2697 2089 2788 porta
2128 2694 2376 2790 recipi.
2423 2696 2945 2769 Baldachinum
2982 2703 3349 2794 portarunt

697 2819 1063 2907 doctoreS,
1111 2822 1178 2891 et
1219 2816 1571 2914 capellani
1617 2824 2043 2893 recusantes
2085 2818 2595 2893 baldachinum
2634 2826 2953 2918 portare,
2988 2845 3082 2895 ne
3126 2821 3345 2918 ipsum

695 2941 1086 3039 perderent
1123 2966 1138 3013 :
1177 2942 1306 3015 sed
1332 2942 1875 3017 commissarius
1908 2943 2110 3017 ducis
2132 2945 2519 3019 Mediolani
2552 2945 2646 3020 ibi
2682 2945 2999 3020 existens
3031 2946 3347 3044 promisit

700 3067 1010 3163 capitulo
1049 3066 1560 3142 baldachinum
1595 3068 1975 3144 restituere
2015 3070 2327 3160 illesum,
2356 3074 2426 3143 et
2453 3070 2694 3166 ipsum
2725 3094 2815 3145 ex
2850 3072 3347 3169 parafrenariis

697 3192 914 3287 legati
939 3191 1172 3289 pretio
1196 3193 1582 3267 redimere.
1601 3196 1688 3267 R.
1707 3194 1780 3265 in
1799 3193 2085 3269 Christo
2104 3199 2183 3268 P.
2209 3198 2293 3268 D.
2315 3196 2572 3286 Julius,
2595 3196 2982 3293 episcopus
3004 3196 3351 3271 Stilonen·

701 3315 798 3387 sis
829 3316 1133 3389 vicarius
1175 3316 1246 3388 in
1283 3316 1842 3413 pontificialibus
1874 3320 2193 3416 episcopi
2233 3321 2689 3394 Novariensis
2733 3322 2825 3394 ad
2859 3322 3343 3417 recipiendum

699 3439 1044 3536 legatum,
1091 3441 1183 3513 ob
1215 3440 1557 3538 episcopo
1593 3443 1952 3517 Laudensi
1979 3444 2306 3535 absente,
2336 3444 2456 3517 hic
2486 3451 2808 3540 rogatuS,
2836 3446 3007 3519 fecit
3032 3445 3341 3519 officium

701 3572 847 3638 tam
879 3565 1010 3638 sub
1035 3571 1245 3661 porta
1275 3589 1488 3663 quam
1518 3566 1595 3638 in
1625 3568 1963 3643 ecclesia.
2003 3572 2311 3665 Legatus
2342 3568 2519 3643 dixit
2548 3570 2951 3644 orationem
2982 3571 3073 3645 de
3102 3594 3161 3644 S.
3194 3574 3348 3644 Bas-

701 3691 898 3764 tiano
921 3689 1365 3783 confessore,
1390 3692 1759 3790 episcope,
1780 3700 2087 3790 patrono
2111 3692 2420 3791 ecclesie
2445 3719 2460 3767 :
2488 3694 2851 3769 concessit
2871 3694 3342 3793 indulgentias

699 3816 1005 3890 duorum
1042 3838 1369 3889 amorum
1403 3823 1472 3891 et
1503 3817 1804 3893 totidem
1841 3820 2467 3916 quadragenarum
2498 3844 2676 3917 quas
2706 3820 3096 3917 publicavit
3124 3823 3346 3918 presa-

698 3949 814 4017 tus
849 3940 1259 4039 episcopus.
1296 3942 1454 4015 Alia
1483 3942 1729 4017 omnia
1756 3967 1962 4018 more
1995 3944 2205 4019 solito
2239 3952 2536 4042 peracta
2578 3954 2771 4019 sunt.
2806 3948 3342 4021 Commissarius

698 4072 771 4141 et
799 4064 918 4139 alii
946 4066 1296 4142 officiales
1321 4068 1524 4143 ducis
1553 4068 1968 4160 Mediolani,
1998 4070 2223 4143 Laudi
2256 4072 2672 4159 existenteS‚
2696 4078 3051 4145 venerunt
3076 4074 3341 4148 obviam

695 4193 964 4290 legatO,
1001 4202 1206 4269 extra
1230 4195 1588 4269 civitatem
1617 4218 1750 4291 per
1782 4195 1926 4268 duo
1958 4194 2290 4269 milliaria
2318 4197 2428 4270 vel
2450 4195 2667 4270 circa.
2708 4200 3016 4294 Legatus
3040 4198 3341 4296 hospita-

703 4326 816 4393 tus
848 4318 1061 4393 estin
1099 4319 1365 4417 palatio
1408 4319 1828 4417 episcopali,
1867 4344 2003 4417 ego
2035 4327 2108 4395 et
2148 4322 2391 4418 plures
2430 4322 2657 4396 alii‘in
2697 4322 3015 4421 hospitio
3050 4324 3337 4422 Angeli;

697 4442 922 4517 ceteri
954 4442 1124 4517 alibi
1155 4449 1228 4519 et
1255 4467 1510 4518 omnes
1543 4444 1880 4541 expensis
1909 4445 2154 4544 legati.

798 4569 1008 4645 Feria
1032 4569 1270 4663 tertia,
1301 4574 1389 4645 23
1423 4572 1734 4669 augusti,
1771 4595 1861 4646 ex
1891 4573 2406 4647 commissione
2440 4572 2626 4647 Rmi.
2661 4580 2748 4649 D.
2784 4574 3037 4673 legati,
3063 4576 3337 4676 perveni

695 4694 1212 4787 Mediolanum,
1251 4697 1455 4795 cujus
1492 4696 1867 4770 introitum
1909 4704 1981 4771 et
2018 4698 2513 4794 receptionem
2552 4696 2823 4772 ibidem
2863 4700 3333 4775 ordinaturus,

697 4814 1230 4891 Illustrissimus
1285 4819 1430 4893 dux
1483 4822 1896 4913 Mediolani,
1951 4822 2261 4897 adventu
2320 4846 2483 4896 meo
2536 4822 2934 4916 intellectO,
2988 4824 3335 4923 deputavit

698 4946 1008 5039 quatuor
1065 4965 1236 5016 suos
1303 4944 1781 5021 cubicularios
1849 4947 1970 5045 qui
2038 4949 2333 5022 modum
2390 4956 2460 5023 et
2522 4948 2851 5023 ordinem
2918 4951 3337 5049 receptionis

695 5066 914 5165 legati
962 5090 1004 5140 a
1050 5090 1168 5141 me
1221 5068 1732 5167 intelligerent,
1780 5080 2212 5148 annotarent
2266 5081 2339 5147 et
2388 5072 2523 5147 sibi
2584 5074 2937 5149 referrent
2997 5100 3130 5174 per
3180 5098 3333 5151 eum

695 5191 891 5291 quod
931 5192 1063 5266 sibi
1112 5192 1523 5270 conducere
1565 5198 1929 5273 videretur
1972 5199 2577 5274 concludendum.
2616 5200 2849 5275 Retuli
2893 5199 3033 5274 illis
3070 5199 3333 5297 singula
