3625 6059
676 554 748 611 38
1558 550 1590 608 J
1595 550 1909 609 OHANNIS
1957 548 2400 623 BURCHARDL
2940 555 3169 621 [Fevrier
3196 558 3325 619 1493]

679 706 868 783 ticiis
895 708 1088 782 circa
1118 707 1538 783 defunctum
1573 707 1648 780 in
1680 707 1847 781 aula
1882 707 2166 806 positia,
2217 709 2387 805 quia
2425 731 2596 784 cera
2634 706 2967 785 ordinata
3011 712 3325 786 nundum

676 840 970 909 venerat
1003 856 1020 908 ε
1057 834 1180 931 qui
1211 834 1444 931 primo
1467 839 1821 907 venerunt
1837 834 2042 931 jussu
2072 833 2241 908 dicti
2267 835 2413 908 mei
2442 835 2623 909 socii
2643 837 2863 910 etiam
2884 840 3049 910 ante
3080 836 3327 913 adven-

681 964 832 1033 tum
863 959 1336 1033 cardinalium
1367 963 1839 1034 executorum
1880 962 1954 1033 et
1990 959 2297 1033 aliorum
2328 961 2663 1037 dixerunt
2692 962 3009 1060 primum
3040 968 3327 1038 noctur-

680 1106 855 1158 num
877 1106 1006 1181 pro
1028 1084 1386 1159 defunctis
1411 1108 1426 1158 ε
1457 1107 1600 1181 quo
1629 1084 1822 1158 dicto
1847 1087 1971 1179 (1),
1990 1092 2343 1160 venerunt
2364 1084 2877 1183 Neapolitanus
2900 1090 2972 1159 et
2996 1086 3328 1161 Senensis

679 1210 1078 1285 cardinales
1133 1214 1586 1301 executoreS,
1637 1208 1899 1284 deiude
1962 1236 2023 1285 s.
2072 1211 2466 1287 Clementis
2524 1235 2691 1285 cum
2745 1210 3215 1287 Ulixbonensi
3266 1217 3331 1285 et

681 1335 1238 1427 Rechanatensi,
1273 1341 1436 1433 post
1475 1358 1603 1409 eos
1640 1360 1700 1410 s,
1747 1337 2125 1411 Anastasie
2164 1336 2430 1411 Montis
2468 1336 2757 1433 Regalis
2788 1342 2862 1411 et
2894 1337 3333 1411 vicecancel-

679 1462 934 1552 larius;
968 1462 1146 1536 item
1189 1462 1629 1552 Parmensis,
1662 1462 1753 1535 de
1786 1462 2091 1537 Sabellis
2117 1462 2307 1537 etde
2342 1486 2403 1535 s·
2440 1462 2785 1536 Severino
2817 1462 3217 1537 cardinales
3248 1462 3329 1561 (2)

683 1608 772 1663 ex
798 1587 1048 1661 infima
1076 1610 1364 1661 camera
1397 1589 1600 1686 juxta
1629 1587 1870 1662 aulam
1901 1588 1975 1661 in
2007 1612 2151 1685 qua
2183 1589 2503 1685 prefatus
2542 1587 2927 1662 cardinalis
2951 1587 3331 1663 Aleriensis

683 1713 1015 1811 spiritum
1055 1712 1421 1803 emiserat,
1470 1712 1710 1812 ipsum
1762 1712 2331 1787 considerantes,
2379 1716 2755 1788 Venerunt
2798 1712 3019 1786 etiam
3056 1735 3333 1787 succes-

683 1838 830 1910 sive
865 1834 1249 1910 comitatus
1295 1835 1599 1932 predicti
1657 1836 1975 1911 Minerve
2020 1836 2140 1933 qui
2186 1836 2520 1912 dixerunt
2567 1837 2853 1912 tertiam
2900 1846 2972 1913 et
3012 1862 3072 1913 a.
3122 1837 3332 1911 Marie

682 1960 1180 2058 transpontine
1226 1960 1346 2056 qui
1389 1961 1724 2036 dixerunt
1770 1971 1917 2037 tres
1968 1963 2287 2060 psalmos
2328 1969 2636 2055 tantum,
2700 1969 2943 2039 tamen
2987 1987 3156 2037 cum
3192 1986 3337 2037 ora-

685 2086 882 2160 tione
937 2083 1174 2175 solita,
1226 2084 1512 2159 omissis
1553 2087 1833 2162 duobus
1885 2088 2183 2187 psalmis
2231 2088 2500 2162 ultimis
2542 2096 2616 2164 et
2648 2088 3078 2162 Benedictus
3124 2113 3333 2186 quare

683 2212 772 2285 de
811 2232 955 2285 uno
993 2214 1354 2284 nocturno
1395 2211 1488 2285 ad
1538 2211 1733 2287 aliud
1779 2214 2019 2311 aliqua
2068 2214 2311 2289 media
2356 2214 2538 2287 hora
2589 2211 3007 2287 intermissa
3048 2224 3337 2312 propter

683 2338 971 2413 tardum
1027 2339 1414 2415 adventum
1469 2337 1978 2413 comitatorum
2030 2342 2100 2412 et
2150 2338 2327 2412 socii
2376 2338 2521 2412 mei
2564 2338 3161 2413 inadvertentiam
3201 2360 3333 2412 non

683 2463 1021 2557 ordinati,
1071 2465 1289 2562 quod·
1321 2462 1536 2561 primi
1586 2463 1847 2537 fratres
1890 2461 2013 2559 qui
2058 2471 2413 2539 venerunt
2460 2469 2693 2538 totum
2734 2463 3059 2537 officium
3114 2464 3334 2537 conti-

682 2597 1015 2665 nuarent.
1048 2593 1341 2687 Incepto
1371 2588 1587 2663 tertio
1612 2594 2002 2680 nocturno,
2035 2588 2363 2663 misimus
2394 2612 2525 2687 pro
2558 2589 2873 2686 capitulo
2902 2614 2961 2663 S.
2998 2589 3195 2664 Petri
3220 2570 3331 2686 qui

684 2719 1034 2788 venerunt
1091 2715 1263 2788 dum
1323 2712 1577 2787 tertius
1647 2711 1971 2809 psalmus
2035 2712 2267 2787 laudis
2340 2713 2726 2803 diceretur,
2799 2718 3192 2812 propterea
3248 2713 3334 2786 ibi

685 2836 1011 2911 officium
1048 2835 1544 2911 terminatum.
1596 2839 2069 2934 Deportatum
2117 2838 2253 2913 fuit
2304 2840 2518 2913 funus
2570 2863 2659 2913 ex
2710 2840 2875 2914 aula
2922 2862 3057 2937 per
3094 2840 3335 2913 fratres

685 2989 744 3039 s,
807 2964 1032 3038 Marie
1069 2964 1572 3063 transpontine
1614 2986 1843 3062 usque
1881 2965 1975 3041 ad
2014 2965 2290 3040 curiam
2334 2964 2654 3039 defuncti
2695 2965 2814 3038 ubi
2860 2971 3161 3062 paratus
3196 2970 3335 3037 erat

683 3090 1076 3168 catalectus
1119 3100 1193 3168 et
1236 3092 1403 3166 inde
1445 3092 1666 3168 etiam
1707 3100 1935 3187 usque
1982 3091 2075 3165 ad
2115 3088 2492 3164 basilicam
2539 3112 2598 3162 s.
2641 3089 2835 3163 Petri
2873 3111 3006 3187 per
3044 3087 3337 3164 eosdem

685 3215 852 3311 quia
891 3214 1302 3288 beneficiati
1355 3216 1680 3312 predicte
1734 3213 2031 3288 basilice
2085 3212 2205 3309 qui
2258 3211 2577 3310 primum
2632 3218 2927 3307 portare
2985 3212 3338 3287 debebant

681 3341 755 3414 id
803 3340 1043 3415 facere
1091 3347 1522 3415 recusarunt
1569 3341 1708 3415 nisi
1767 3337 2045 3412 eisdem
2098 3336 2355 3411 decem
2426 3336 2667 3411 ducati
2723 3337 3332 3434 persolverentur.

685 3467 978 3539 Portata
1011 3465 1302 3539 fuerunt
1337 3471 1504 3540 ante
1553 3463 1975 3540 defunctum
2020 3467 2330 3559 quatuor
2373 3461 2744 3538 intorticia
2780 3461 2953 3558 quia
2989 3461 3131 3536 illis
3170 3484 3339 3558 qua-

685 3599 854 3666 tuor
886 3590 960 3664 in
987 3589 1154 3665 aula
1201 3591 1456 3689 positis
1499 3592 1691 3665 circa
1736 3589 2029 3665 tertium
2059 3594 2497 3663 nocturnum
2530 3588 2775 3665 addita
2818 3588 3112 3664 fuerunt
3146 3595 3332 3675 octo,

685 3716 946 3791 deinde
977 3716 1212 3791 adhuc
1242 3716 1539 3814 triginta
1555 3718 1700 3791 duo
1732 3738 1874 3813 que
1902 3714 2147 3789 omnia
2175 3720 2555 3812 portarunt
2581 3713 2972 3789 familiares
2994 3712 3337 3788 defuncti.

685 3842 936 3916 Nullus
994 3840 1374 3917 cardinalis
1425 3842 1622 3917 venit
1688 3841 1781 3917 ad
1828 3842 2095 3915 dictam
2143 3840 2544 3929 basilicam,
2586 3840 2717 3914 sed
2754 3838 3008 3936 prelati
3068 3845 3341 3913 tantum

685 3966 978 4064 palatini
1009 3966 1238 4041 secuti
1281 3971 1444 4039 sunt
1479 3967 1725 4056 fuum,
1759 3966 1996 4063 primo
2041 3963 2300 4064 prelati
2343 3964 2585 4062 palatii
2627 3963 2749 4060 qui
2791 3961 2947 4037 sine
2976 3962 3343 4037 vocatione

685 4097 1057 4181 venerant,
1109 4114 1292 4188 quos
1350 4091 1579 4165 secuti
1633 4095 1800 4165 sunt
1851 4089 2109 4186 prelati
2164 4096 2489 4165 oratores
2548 4094 2701 4164 tum
2758 4086 2877 4161 alii
2932 4087 3007 4160 in
3053 4086 3342 4161 basilica

683 4214 1010 4312 predicta
1063 4221 1413 4305 oratoreS,
1474 4214 1758 4313 prelati,
1832 4216 2176 4313 episcopo
2246 4214 2745 4290 Lombariensi
2808 4217 3093 4288 oratore
3158 4212 3339 4310 regis

685 4344 1129 4414 Francorum
1161 4339 1502 4437 loquente
1544 4348 1618 4416 et
1648 4341 2254 4438 Carthaginiensi,
2308 4340 2636 4430 Pacensi,
2672 4338 3119 4414 Astoricensi
3150 4338 3339 4435 epis·-

686 4466 888 4564 copis
909 4466 1104 4563 regis
1127 4466 1638 4563 Hispaniarum
1660 4466 2067 4541 oratoribus
2094 4466 2230 4540 sibi
2256 4465 2757 4541 assistentibus
2780 4489 2795 4555 3
2818 4462 3001 4537 mihi
3018 4463 3342 4537 dixerunt

687 4590 1002 4687 prelatos
1032 4591 1386 4689 palatinos
1421 4590 1740 4667 indebite
1769 4592 1965 4690 ipsos
1995 4591 2466 4689 precessisse,
2504 4591 2659 4680 sed,
2694 4589 2905 4663 sicuti
2934 4588 3009 4661 in
3034 4588 3340 4665 adventu

693 4719 1060 4787 oratorum
1088 4715 1195 4805 fit,
1231 4739 1400 4789 cum
1430 4715 1536 4789 eis
1563 4714 1671 4791 ire
1702 4715 2042 4792 debuisse
2068 4726 2452 4815 propterea
2470 4716 2666 4813 quod
2679 4714 3135 4812 providerem
3154 4737 3245 4788 ne
3274 4714 3339 4785 in

691 4838 808 4913 die
839 4840 1306 4934 exequiarum
1336 4841 1531 4916 idem
1561 4842 1952 4917 accideret.
1984 4842 2349 4940 Respondi
2374 4841 2687 4940 prelatos
2720 4840 3077 4939 palatinos
3107 4844 3345 4937 preter

689 4961 1292 5039 consuetudinem
1320 4966 1632 5058 venisse,
1664 4966 1895 5042 sedin
1938 4968 2261 5065 exequiis
2306 4990 2432 5042 eos
2462 4966 2640 5040 alios
2669 4964 2988 5064 prelatos
3020 4970 3341 5039 oratores

760 5150 810 5207 1.
935 5148 1138 5225 quibus
1166 5150 1496 5210 dicentibus.
1529 5152 1666 5211 Mss.
1703 5156 1827 5223 149,
1860 5154 1898 5211 f.
1921 5156 2011 5211 28.

757 5240 810 5296 2.
937 5239 1258 5310 cardinaleS,
1291 5247 1346 5298 et
1373 5240 1428 5297 in
1457 5240 1632 5315 prima
1659 5259 1938 5301 camera...
1970 5242 2243 5313 emiserat,
2269 5242 2662 5301 consederunt.
2698 5244 2837 5302 Mea.
2874 5243 2998 5308 149,
3032 5241 3069 5299 f.
3102 5241 3191 5297 28.
