3625 6059
262 556 565 620 [Decembre
594 556 737 619 ¹494]
906 555 1164 613 RERUM
1220 550 1681 612 URBANARUM
1726 552 2254 613 COMMENTARH.
2813 554 2922 609 203

262 718 329 783 et
394 731 721 782 amorem
792 706 1159 796 excitam,
1224 706 1359 780 sibi
1419 705 1863 801 significahis
1938 707 2231 781 nomine
2307 714 2554 781 nostro
2613 703 2920 803 qualiter

264 859 378 908 rex
420 834 725 908 Francie
763 841 1105 932 properat
1140 855 1305 907 cum
1348 832 1663 906 maxima
1696 831 2025 928 potentia
2067 832 2388 907 terrestri
2431 839 2506 906 et
2547 831 2914 905 maritima

261 982 417 1033 cum
472 959 743 1033 auxilio
786 966 1015 1035 status
1060 958 1741 1047 Mediolanensium‚
1787 956 2192 1048 Britonum‚
2229 954 2908 1054 Portugallensium,

260 1084 831 1159 Normandorum
882 1092 953 1158 et
996 1107 1160 1159 cum
1198 1082 1353 1157 aliis
1395 1082 1756 1180 gentibus,
1803 1082 1948 1155 huc
1987 1086 2292 1157 Romam
2338 1082 2635 1157 veniens
2677 1080 2913 1155 levare

258 1233 293 1283 e
330 1208 667 1283 manibus
706 1209 973 1282 nostris
1021 1212 1227 1299 Gem,
1258 1208 1496 1283 sultan
1538 1208 1838 1283 fratrem
1871 1208 2330 1283 celsitudinis
2361 1232 2516 1297 sue,
2565 1213 2635 1281 et
2666 1204 2915 1302 acqui-

259 1356 407 1409 rere
472 1356 789 1431 regnum
858 1334 1411 1431 Neapolitanum
1468 1340 1541 1409 et
1608 1334 1876 1431 ejicere
1927 1356 2174 1431 regem
2239 1333 2696 1431 Alphonsum
2743 1354 2912 1407 curn

256 1485 387 1558 quo
434 1482 693 1533 sumus
723 1458 797 1533 in
844 1458 1301 1533 strictissimo
1344 1459 1713 1557 sanguinis
1759 1461 1984 1557 gradu
2031 1466 2103 1535 et
2155 1458 2472 1532 amicitia
2509 1456 2906 1553 conjuncti,

258 1592 323 1661 et
364 1592 705 1661 tenemur
756 1607 924 1659 eum
974 1584 1397 1675 defendere,
1452 1607 1619 1659 cum
1662 1585 1751 1659 sit
1776 1586 2218 1662 feudatarius
2247 1590 2501 1660 noster
2526 1590 2600 1658 et
2635 1605 2916 1658 annua-

260 1710 373 1783 tim
428 1708 665 1789 sleat
716 1707 929 1784 nobis
974 1731 1277 1784 censum
1320 1733 1337 1783 :
1396 1715 1468 1783 et
1521 1716 1687 1784 sunt
1736 1710 1904 1783 anni
1965 1710 2339 1807 sexaginta
2388 1716 2536 1784 tres
2593 1715 2668 1783 et
2729 1707 2918 1782 ultra

259 1834 439 1929 quod
496 1832 635 1906 fuit
686 1832 1060 1907 investitus
1106 1856 1233 1907 rex
1287 1833 1729 1931 AlphonsuS,
1782 1857 1952 1908 avus
1997 1834 2351 1933 ejusdem,
2401 1834 2514 1907 cui
2563 1832 2914 1907 successit

260 1982 375 2033 rex
446 1958 983 2047 FerdinanduS‚
1060 1959 1210 2057 qui,
1290 1982 1425 2057 per
1488 1959 2046 2057 predecessores
2108 1966 2396 2035 nostros
2459 1964 2532 2033 et
2591 1981 2722 2056 per
2775 1980 2912 2031 nos

260 2084 535 2157 fuerunt
564 2084 883 2158 investiti
912 2090 983 2159 et
1012 2084 1415 2158 incoronati
1454 2084 1543 2159 de
1576 2083 1771 2159 dicto
1802 2109 2030 2183 regno
2062 2111 2078 2179 3
2115 2093 2188 2162 et
2214 2085 2380 2161 ideo
2410 2085 2550 2161 hac
2577 2084 2670 2159 de
2701 2104 2922 2158 causa

261 2211 569 2309 prefatus
600 2232 737 2284 rex
772 2210 1073 2285 Francie
1104 2211 1404 2285 effectus
1428 2211 1767 2288 inimicus
1806 2219 2082 2306 noster,
2123 2212 2245 2312 qui
2281 2213 2548 2287 nedum
2577 2215 2922 2309 properat

266 2336 626 2411 utdiotum
648 2339 829 2410 Gem
862 2336 1093 2410 sultan
1124 2337 1361 2435 capiat
1389 2344 1463 2412 et
1490 2338 1729 2435 ipsum
1759 2362 2066 2437 regnum
2083 2337 2429 2436 acquirat,
2454 2335 2584 2410 sed
2609 2335 2824 2409 etiam
2847 2334 2918 2407 in

264 2462 573 2536 Greciam
608 2461 1085 2536 transfretare
1119 2469 1194 2535 et
1222 2462 1527 2558 patriam
1570 2462 2053 2538 Celsitudinus
2093 2486 2222 2537 sue
2259 2461 2624 2537 debellare
2671 2468 2914 2556 queat,

270 2595 462 2684 prout
513 2610 655 2661 sue
704 2585 1063 2684 MaJestati
1107 2586 1564 2661 innotescere
1622 2587 1932 2663 debeat:
1969 2595 2042 2664 et
2089 2588 2336 2662 dicunt
2379 2585 2576 2684 quod
2631 2585 2922 2661 mittent

268 2711 521 2786 dictum
546 2715 745 2785 Gem
778 2710 1015 2785 sultan
1053 2734 1221 2785 cum
1262 2711 1492 2787 classe
1532 2712 1604 2785 in
1635 2713 2046 2804 Turchiam‚
2082 2718 2154 2787 et
2187 2735 2352 2787 cum
2384 2718 2563 2808 opu‘s
2591 2708 2802 2784 nobis
2831 2708 2922 2784 sit

267 2836 583 2912 resistere
640 2844 717 2911 et
744 2858 877 2909 nos
920 2834 1315 2910 defendere
1354 2860 1399 2910 a
1435 2843 1635 2910 tanta
1685 2839 1878 2934 regis
1922 2837 2224 2913 Francie
2271 2836 2621 2933 potentia,
2665 2856 2921 2907 omnes

268 2968 541 3037 conatus
576 2967 873 3036 nostros
918 2982 1279 3058 exponere
1312 2967 1594 3059 oportet
1636 2967 1708 3037 et
1746 2986 1826 3037 se
1855 2962 2040 3037 bene
2071 2983 2495 3059 preparare3
2529 2956 2723 3054 quod
2753 2978 2920 3029 cum

259 3088 395 3183 jam
414 3088 809 3163 fecerimus
834 3108 1157 3184 opusque
1180 3087 1269 3161 sit
1296 3087 1536 3162 facere
1554 3086 1906 3162 maximas
1925 3086 2318 3183 impensas,
2338 3084 2666 3181 cogimur
2687 3104 2926 3155 recur-

268 3234 411 3285 rere
441 3212 529 3287 ad
552 3209 963 3286 subsidium
993 3211 1251 3310 prefati
1272 3212 1509 3287 sultan
1540 3213 1854 3309 Bajazet‚
1883 3217 2256 3309 sperantes
2283 3210 2356 3283 in
2387 3207 2705 3283 amicitia
2732 3206 2922 3281 bona

270 3358 465 3431 quam
492 3338 813 3411 invicem
834 3336 1215 3427 habemus,
1248 3338 1443 3434 quod
1470 3339 1543 3411 in
1566 3338 1687 3411 tali
1712 3337 2148 3411 necessitate
2170 3333 2448 3434 juvabit
2475 3356 2609 3407 nos
2646 3360 2660 3405 ε
2697 3352 2916 3429 quem

272 3462 540 3563 rogabis
590 3468 671 3536 et
699 3462 994 3537 nomine
1019 3468 1270 3538 nostro
1314 3462 1813 3538 exhortaberis
1871 3487 1956 3537 ac
1994 3488 2084 3539 ex
2129 3471 2199 3539 te
2229 3458 2704 3561 persuadebis
2747 3482 2916 3533 cum

272 3588 449 3660 omni
530 3585 879 3661 instantia
946 3592 1020 3661 ut
1080 3588 1361 3685 placeat
1433 3611 1652 3685 quam
1720 3587 1930 3663 citius
1989 3588 2276 3663 mittere
2343 3586 2550 3662 nobis
2613 3587 2916 3661 ducatos

276 3712 739 3809 quadraginta
776 3712 1003 3786 millia
1041 3712 1115 3786 in
1148 3735 1325 3787 auro
1360 3721 1659 3789 venetos
1687 3736 1822 3811 pro
1859 3722 2124 3790 annata
2153 3714 2324 3789 anni
2359 3712 2742 3810 presentiS,
2776 3733 2917 3807 que

272 3834 455 3912 finiet
499 3838 759 3913 ultimo
800 3837 1208 3911 novembris
1266 3837 1570 3927 venturi,
1604 3844 1681 3912 ut
1712 3862 1880 3911 cum
1925 3846 2255 3937 tempore
2303 3838 2666 3934 possimus
2709 3835 2918 3909 nobis

274 3960 665 4051 subvenire,
727 3962 800 4033 in
855 3983 1001 4058 quo
1043 3963 1386 4058 Majestas
1436 3984 1567 4035 sua
1632 3962 1849 4037 faciet
1912 3962 2124 4037 nobis
2184 3984 2340 4035 rem
2399 3959 2913 4057 gratissimam,

272 4086 373 4159 cui
430 4087 503 4161 in
563 4086 1099 4185 presentiarum
1156 4086 1496 4161 nolumus
1558 4086 1935 4184 imponere
1984 4086 2180 4162 aliud
2223 4107 2648 4184 gravamen;
2699 4090 2770 4158 et
2817 4083 2920 4157 sic

276 4232 703 4307 exponemus
759 4212 949 4286 vires
1004 4218 1073 4285 et
1125 4217 1425 4286 conatus
1475 4219 1765 4286 nostros
1817 4213 1892 4287 in
1941 4213 2350 4288 resistentia
2415 4210 2772 4301 facienda,
2825 4234 2918 4285 ne

276 4334 493 4411 dictus
524 4362 655 4413 rex
690 4338 989 4413 Franoie
1024 4337 1340 4436 aliquam
1358 4336 1733 4412 victoriam
1765 4344 2020 4412 contra
2047 4360 2180 4411 nos
2223 4336 2538 4435 potiatur
2565 4343 2639 4411 et
2669 4343 2921 4412 contra

280 4458 557 4536 fratrem
584 4486 713 4537 suo
740 4463 1161 4560 Maiestatis,
1196 4467 1374 4537 Cum
1402 4488 1489 4536 au
1502 4470 1646 4537 tem
1675 4486 1803 4537 rex
1833 4463 1985 4560 ipse
2018 4462 2344 4553 Francie‚
2380 4469 2571 4538 terra
2593 4464 2918 4560 marique

282 4586 359 4660 sit
385 4586 595 4687 longe
618 4590 987 4685 potentior
1000 4588 1239 4677 nobis,
1264 4589 1673 4685 indigemus
1688 4587 1952 4663 auxilio
1973 4593 2422 4665 Venetorum
2435 4590 2557 4685 qui
2579 4587 2918 4663 obsidunt

282 4732 399 4784 nec
420 4712 665 4787 volunt
684 4712 895 4787 nobis
921 4737 1081 4793 esse
1100 4714 1391 4803 auxilio,
1416 4714 1560 4787 imo
1588 4715 1860 4788 habent
1887 4713 2372 4788 arctissimum
2395 4714 2916 4790 commercium

284 4856 429 4909 cum
458 4838 769 4913 inimicis
812 4840 1081 4914 nostris
1114 4846 1186 4914 et
1216 4838 1631 4914 dubitamus
1665 4840 1862 4935 quod
1891 4838 2032 4913 sint
2060 4840 2268 4915 nobis
2297 4841 2666 4929 contrarii,
2725 4842 2918 4940 quod

285 4968 451 5035 esset
480 4962 687 5037 nobis
718 4974 1227 5059 argumentum
1246 4988 1511 5061 magne
1540 4963 1989 5055 offensionis,
2011 4971 2080 5041 et
2104 4988 2238 5040 nos
2271 4967 2676 5064 reperimus
2703 4966 2917 5041 aliam

286 5084 447 5159 viam
479 5087 947 5164 convertendi
980 5090 1073 5164 ad
1110 5096 1351 5188 partes
1382 5096 1669 5163 nostras
1696 5090 2030 5180 tuendas,
2060 5115 2274 5190 quam
2307 5116 2438 5191 per
2473 5092 2659 5166 viam
2690 5092 2912 5190 ipsius

289 5212 521 5305 Tui-ce,
547 5216 659 5288 cui
686 5214 1090 5305 denotabis,
1117 5224 1189 5291 ut
1222 5240 1465 5313 supra,
1494 5222 1563 5289 et
1586 5216 1777 5314 quod
1802 5216 1860 5289 si
1886 5218 2138 5292 Franci
2165 5219 2472 5294 victores
2495 5207 2757 5311 forent,
2785 5242 2914 5291 sua
