3625 6059
707 552 815 611 ⁴06
1617 534 1971 617 JoHANle
2018 531 2463 606 nuacnaam,
2952 534 3203 598 [octobre
3228 538 3367 601 tm]

711 705 883 778 dam
927 722 1016 775 ex
1064 696 1168 771 eis
1214 718 1346 794 per
1393 692 1626 768 dictos
1682 690 2065 766 servitores
2112 687 2481 765 secretarii
2520 688 2905 767 sollicitata
2950 715 3145 785 esse,
3184 694 3371 769 inter

719 852 859 927 que
895 824 1030 899 fuit
1070 844 1296 897 unum
1327 816 1887 917 dispensationis
1922 816 2118 914 quod
2154 816 2465 913 quedam
2504 816 2841 891 monialis
2882 819 3085 917 regni
3116 824 3372 895 Portu-

720 952 963 1053 gallie‚
997 972 1165 1023 vera
1201 947 1420 1021 heres
1448 950 1521 1020 et
1563 943 1839 1041 regina,
1875 940 2413 1016 matrimonium
2461 942 2893 1019 contrahere
2934 950 3207 1042 posset,
3246 946 3375 1019 ha-

719 1070 1290 1169 bitu'religionis
1335 1070 1632 1144 dimisso
1674 1075 1746 1143 et
1782 1068 1963 1142 votis
2002 1067 2289 1143 emissis
2326 1090 2475 1151 non
2514 1067 2994 1159 obstantibus,
3030 1093 3193 1145 cum
3230 1071 3375 1144 filio

721 1173 1028 1278 naturali
1081 1204 1154 1272 et
1201 1196 1578 1293 illegitimo
1628 1193 1821 1291 regis
1862 1192 2096 1270 ultimi
2142 1192 2499 1283 defuncti3
2533 1192 2705 1267 item
2747 1197 2941 1292 quod
2984 1196 3274 1293 quidam
3306 1196 3373 1270 in

723 1330 1243 1405 subdiaconatu
1271 1325 1702 1399 constitutus
1723 1325 1971 1419 posset
1997 1318 2327 1397 similiter
2344 1320 2891 1395 matrimonium
2914 1322 3371 1409 conti-aheim

725 1460 901 1533 item
961 1453 1398 1529 mutationes
1455 1449 1920 1524 collationum
1976 1444 2619 1545 expectativarum,
2668 1446 3235 1546 dispensationes
3292 1447 3377 1522 ad

727 1584 870 1657 duo
901 1551 1496 1676 incompatibilia,
1529 1572 2029 1672 exemptiones
2058 1596 2101 1647 a
2124 1571 2587 1670 juridictione
2619 1572 3147 1649 ordinariorum
3184 1580 3250 1648 et
3276 1578 3373 1648 tot

728 1709 894 1799 alia,
930 1728 1071 1805 que
1120 1703 1366 1779 omnia
1404 1701 1497 1778 ad
1533 1722 1916 1775 numerum
1957 1698 2245 1774 circiter
2280 1697 2499 1773 trium
2536 1696 2764 1773 millia
2790 1696 3115 1772 brevium
3144 1720 3377 1773 ascen-

730 1835 904 1908 dere
941 1830 1391 1905 dicebantur.
1424 1831 1512 1901 Et
1540 1849 1758 1923 super
1795 1823 2195 1923 premissiS,
2232 1822 2425 1897 idem
2460 1824 2588 1897 SS.
2625 1827 2711 1898 D.
2747 1830 3001 1899 noster
3032 1822 3375 1899 commisit

731 1952 1195 2055 gubernatori
1245 1950 1458 2025 Urbis
1502 1956 1574 2025 et
1625 1945 1935 2024 auditori
1985 1968 2275 2023 camere
2322 1956 2577 2023 contra
2622 1948 3051 2047 episcopum
3096 1932 3168 2025 et
3208 1947 3373 2022 alios

732 2077 1273 2177 inquisitionem
1323 2075 1479 2151 fieri
1531 2080 1604 2149 et
1647 2080 1866 2172 prout
1914 2072 2003 2147 de
2040 2073 2207 2171 jure
2256 2073 2581 2172 procedi,
2624 2075 2821 2171 quod
2860 2082 2973 2149 est
3012 2074 3271 2151 factum
3306 2080 3369 2147 et

731 2227 1159 2306 processum
1189 2207 1402 2301 prout
1431 2200 1622 2274 infra·
1645 2223 1777 2274 suo
1807 2206 2135 2297 tempore
2168 2188 2473 2275 dicetur.

831 2336 1152 2407 Fuerunt
1183 2328 1402 2404 etiam
1434 2324 1764 2423 sequenti
1797 2324 1943 2416 die,
1971 2330 2314 2422 tanquam
2346 2323 2851 2401 sollicitatores
2874 2325 3195 2403 brevium
3218 2346 3371 2422 pre-

735 2459 1121 2548 dictorum,
1150 2453 1334 2552 capti
1367 2459 1439 2528 et
1466 2450 1891 2528 incarcerati
1917 2453 2069 2524 DD.
2094 2450 2461 2525 Johannes
2490 2450 2772 2542 Galves,
2794 2452 3167 2527 literarum
3186 2474 3371 2549 apos-

739 2583 1114 2659 tolicarum
1142 2577 1450 2676 scriptor
1477 2583 1552 2651 et
1579 2574 2059 2666 abbreviator,
2088 2574 2505 2672 Alphonsus
2532 2575 2623 2650 de
2655 2579 2943 2667 Lerma,
2976 2575 3369 2652 earumdem

733 2708 1111 2782 literarum
1154 2702 1460 2800 scriptor
1507 2707 1580 2777 et
1627 2700 1966 2775 Silvester
2008 2699 2318 2799 Zapeda,
2365 2722 2671 2798 quorum
2716 2702 3022 2799 primus,
3068 2699 3371 2776 videlicet

737 2834 976 2908 dictus
1003 2831 1372 2905 Johannes
1401 2826 1532 2902 fuit
1568 2833 1734 2925 post
1771 2848 2041 2924 paucos
2073 2823 2225 2900 dies
2268 2825 2629 2901 relaxatus
2672 2832 2745 2903 et
2790 2826 2908 2902 alii
2945 2827 3091 2903 duo
3128 2824 3369 2903 diutius

741 2955 1014 3033 detenti
1045 2954 1173 3051 (t).

733 3100 742 3109 ·
843 3081 1182 3173 Sabbato,
1215 3085 1304 3155 23
1340 3078 1798 3178 septembriS,
1836 3079 1911 3153 in
1935 3100 2177 3173 mane,
2204 3082 2455 3155 Rmus.
2494 3081 2577 3154 D.
2604 3079 2991 3157 cardinalis
3018 3079 3365 3165 Ascanius,

746 3236 807 3284 S.
854 3235 917 3283 r.
961 3207 1286 3282 Ecclesie
1329 3204 1987 3299 vicecancellariuS,
2032 3207 2335 3284 recessit
2372 3230 2461 3282 ex
2506 3208 2725 3300 Urbe,
2768 3185 3002 3284 iturus
3040 3206 3133 3282 ad
3164 3204 3367 3281 eecle-

745 3335 930 3409 siam
959 3335 1171 3408 beate
1198 3330 1422 3409 Marie
1455 3331 1544 3405 de
1571 3335 1860 3422 Loreto,
1898 3354 1988 3405 ex
2010 3338 2203 3407 voto.

845 3456 1054 3533 Feria
1083 3463 1366 3554 quarta,
1403 3461 1446 3529 4
1475 3455 1748 3531 mensis
1779 3457 2119 3548 octobriS,
2152 3458 2279 3533 SS.
2313 3461 2400 3532 D.
2432 3465 2707 3550 noster,
2742 3458 2815 3533 in
2844 3482 3087 3553 mane,
3114 3466 3365 3559 paratus

745 3587 820 3659 in
865 3605 1155 3658 camera
1204 3605 1332 3657 sua
1380 3592 1663 3657 secreta
1708 3582 2007 3673 amictu,
2050 3581 2237 3673 alba,
2282 3581 2602 3680 cingulo,
2646 3582 2855 3675 stola,
2890 3584 3055 3660 alba
3094 3584 3369 3678 pretiosa

749 3732 915 3785 cum
959 3707 1178 3806 perlis
1226 3712 1298 3783 et
1340 3707 1652 3806 desuper
1698 3707 2052 3806 capucino
2101 3708 2289 3799 albo,
2332 3708 2661 3783 ascendit
2708 3733 2977 3807 equum
3020 3711 3251 3786 album
3284 3714 3363 3797 et,

746 3832 1306 3934 precedentibus
1359 3832 1596 3930 ipsum
1646 3856 1863 3908 cruce
1913 3838 1988 3909 et
2032 3832 2543 3925 cardinalibus,
2584 3858 2719 3933 per
2764 3838 3114 3936 Qampum
3162 3836 3365 3921 Flore,

729 3967 1050 4062 pontem
1082 3984 1140 4033 s.
1177 3958 1670 4034 Bartholomei
1707 3959 1853 4033 sive
1890 3959 2131 4033 Insule
2163 3960 2505 4057 equitavit
2540 3961 2634 4037 ad
2672 3927 3061 4037 ecclesiam
3096 3982 3371 4038 conven-

749 4094 867 4163 tus
897 4112 958 4164 s.
991 4084 1357 4163 Francisci
1392 4082 1663 4160 ordinis
1703 4084 2067 4159 minorum
2104 4083 2193 4160 de
2234 4084 2691 4163 observantia
2730 4086 2805 4161 in
2842 4086 3364 4191 Transtyberim.

823 4347 876 4404 1.
919 4367 950 4397 <c
979 4346 1057 4402 La
1085 4344 1404 4403 executione
1432 4340 1578 4401 dello
1612 4342 1969 4401 Areicescovo
2004 4342 2061 4399 di
2090 4342 2335 4401 Cosenza
2369 4360 2399 4401 e
2428 4342 2665 4402 rimessa
2692 4344 2799 4403 alla
2822 4345 3056 4422 ragione
3082 4345 3135 4405 al
3164 4345 3371 4405 Ghorer-

749 4440 941 4493 natore
970 4433 1111 4492 della
1139 4434 1366 4493 Camera
1393 4453 1424 4491 e
1451 4433 1600 4508 quali
1633 4432 1940 4491 havendolo
1970 4432 2277 4493 examinato
2304 4432 2401 4508 piu
2427 4432 2593 4507 volte,
2624 4436 2923 4495 attendono
2950 4438 3091 4495 hora
3114 4456 3147 4496 a
3172 4430 3371 4493 formai-li

750 4525 802 4583 el
829 4542 1092 4601 processo
1118 4531 1324 4584 contra.
1357 4524 1424 4581 El
1452 4525 1607 4599 Papa
1633 4524 1705 4580 ha
1729 4529 1893 4598 posto
1921 4521 1971 4580 Ie
2000 4524 2146 4579 mani
2175 4522 2232 4579 in
2262 4540 2330 4579 su
2355 4524 2491 4582 tucti
2519 4523 2558 4580 li
2587 4524 2708 4583 suoi
2736 4525 2928 4584 danari
2956 4534 3014 4586 et
3038 4526 3243 4601 argenti
3268 4530 3315 4580 et
3335 4519 3375 4576 lt

752 4615 983 4674 Camere.
1003 4632 1105 4673 sua
1130 4622 1328 4673 teneva
1357 4614 1414 4671 in
1441 4613 1639 4672 Palazo
1667 4630 1770 4669 con
1799 4612 1935 4671 tucti
1962 4612 1999 4668 li
2024 4612 2145 4670 suoi
2164 4612 2477 4670 fornimenti
2504 4621 2560 4671 et
2576 4616 2865 4690 tapezerie,
2895 4616 2969 4675 ha
2997 4617 3181 4675 donati
3204 4632 3235 4672 a
3259 4614 3374 4671 Mar-

751 4706 914 4763 rades
944 4711 1000 4763 et
1024 4724 1156 4781 pare
1183 4706 1284 4764 che
1308 4722 1411 4764 sua
1437 4703 1654 4763 Santita
1680 4701 1849 4759 habbi
1876 4702 2170 4776 disegnato
2194 4703 2325 4761 dare
2354 4701 2407 4759 lo
2432 4704 2909 4765 Arciveschovado
2932 4723 2969 4763 a
2996 4724 3107 4764 uno
3126 4720 3222 4763 suo
3244 4698 3375 4759 Cubi·

753 4792 958 4851 culario
998 4794 1199 4865 anticO,
1246 4792 1578 4871 spagnuolo,
1616 4792 1886 4851 chiamato
1933 4791 2076 4849 Casa
2120 4790 2292 4851 Nova.
2333 4814 2363 4845 >›
2404 4792 2479 4849 Le
2514 4795 2859 4869 paragraphe
2898 4795 3117 4853 suivant
3152 4794 3215 4849 de
3258 4794 3373 4847 cette

751 4883 997 4958 depeche
1024 4884 1095 4939 de
1123 4884 1312 4940 Bracci
1341 4891 1428 4943 est
1455 4882 1638 4941 relatis
1649 4900 1720 4939 au
1750 4882 1968 4938 divoree
1988 4882 2057 4938 de
2086 4882 2273 4939 Sl’orza
2298 4886 2353 4939 et
2372 4880 2441 4939 de
2466 4882 2726 4942 Lucrece.
2752 4905 2781 4936 «
2803 4883 2883 4940 Fu
2909 4884 3039 4941 data
3062 4882 3116 4939 la
3142 4876 3375 4939 sententia

753 4971 844 5028 del
871 4970 1102 5029 divortio
1131 4971 1276 5029 intra
1311 4972 1350 5028 il
1377 4974 1614 5048 Signore
1641 4973 1700 5029 di
1727 4972 1933 5031 Pesaro
1962 4979 2018 5029 et
2045 4972 2321 5031 Madonna
2346 4972 2599 5031 Lucretia
2632 4992 2645 5030 z
2676 4978 2731 5031 et
2760 4974 2915 5030 sonsi
2950 4972 3157 5031 fondati
3194 4971 3243 5027 in
3268 4982 3373 5043 pro-

749 5078 880 5118 vare
919 5062 1020 5117 che
1059 5060 1096 5116 il
1135 5061 1370 5136 Signore
1405 5062 1478 5119 sit
1511 5063 1782 5137 impotens
1828 5068 1883 5120 et
1918 5061 2153 5136 frigidus
2190 5068 2405 5120 natura.
2448 5086 2477 5115 »
2622 5062 2817 5131 Rome,
2847 5061 3043 5137 XXVI]
3082 5051 3367 5134 septembris

753 5148 1358 5225 MCCCCLxxxxvlj.
1398 5150 1661 5222 Servitor,
1709 5150 2018 5209 Alexander
2063 5152 2343 5214 Bracoius.
2394 5152 2586 5225 (Arch.
2633 5154 2875 5210 Fiorent.
2923 5152 3129 5209 Iacuere
3166 5147 3223 5204 ai
3252 5144 3295 5200 X
3317 5140 3368 5195 di

755 5238 932 5303 Bolia,
965 5239 1132 5299 class.
1165 5240 1237 5311 X,
1271 5239 1415 5298 Dist.
1447 5240 1503 5311 4,
1532 5258 1590 5299 n.
1620 5242 1714 5311 54,
1737 5257 1774 5297 a
1802 5257 1850 5300 c.
1886 5241 2035 5312 144.)
2247 5248 2265 5269 ⁰
