3625 6059
336 563 665 625 [Novemhre
693 565 837 625 1499]
1020 563 1274 621 RERUM
1328 565 1777 622 URBANARUM
1825 565 2350 628 COMMENTARII.
2891 573 2998 628 577

337 721 665 814 portanS,
700 716 821 813 qui
852 724 1241 813 coopertus
1279 723 1432 792 erat
1460 726 1805 816 cooperta
1834 719 2224 793 infantibus
2263 720 2705 818 baptizandis
2745 746 3001 820 super-

338 841 509 938 poni
562 840 805 929 solita‚
862 841 953 915 de
1003 841 1344 917 hroccato
1403 843 1592 931 auri,
1646 843 2094 918 hermellinis
2147 869 2276 942 per
2327 851 2556 920 totum
2611 847 2999 936 subducta,

342 966 627 1039 medius
688 966 878 1040 inter
934 967 1496 1064 gubernatorem
1556 968 1767 1042 Urbis
1826 993 1871 1042 a
1924 969 2192 1043 dextris
2250 976 2323 1044 et
2381 974 2468 1044 D.
2531 971 3002 1046 Philibertum

342 1099 710 1166 oratorem
757 1091 949 1189 regis
1002 1096 1493 1168 Romanorum
1545 1117 1587 1167 a
1635 1093 1968 1183 sinistriS,
2025 1094 2170 1168 bini
2216 1103 2289 1170 et
2335 1094 2485 1169 bini
2537 1095 2996 1186 incedebant,

340 1240 527 1312 quos
580 1217 699 1289 alii
758 1217 1275 1315 Sequebantur,
1335 1220 1408 1292 in
1460 1219 1920 1292 multitudine
1971 1221 2288 1318 copiosa.
2347 1224 2696 1296 Pet-vento
2753 1222 2844 1296 ad
2894 1246 3006 1297 os-

334 1341 519 1414 tium
552 1342 827 1438 capelle
870 1343 1075 1434 Sixti,
1119 1343 1489 1418 lohannes
1521 1344 1877 1418 Cervillon
1905 1343 2178 1418 dimisit
2208 1344 2738 1442 baptizandum,
2782 1369 3002 1444 quem

334 1470 418 1538 R.
460 1469 541 1538 P.
582 1470 667 1538 D.
718 1468 1143 1541 Franciscus
1185 1469 1445 1567 Borgia
1486 1468 2080 1567 archiepiscopus
2116 1470 2574 1562 ensentium,
2624 1470 3006 1568 episcopus

334 1590 765 1680 TeanensiS,
817 1615 1037 1689 super
1102 1591 1485 1666 brachium
1550 1617 1759 1668 suum
1825 1595 2202 1670 dexterum
2253 1597 2526 1694 recepit
2582 1619 2746 1671 cum
2803 1597 3007 1670 toba-

334 1715 455 1790 lea
516 1719 833 1806 sericea,
908 1741 1082 1791 auro
1133 1715 1457 1792 laborata
1506 1719 1944 1815 perpulchre
2007 1722 2099 1794 ad
2153 1721 2458 1812 collum,
2511 1744 2729 1819 quam
2791 1722 3008 1795 etiam

340 1840 435 1914 ad
497 1843 759 1916 collum
819 1843 1189 1940 predictus
1248 1843 1619 1918 lohannes
1673 1845 2038 1919 attulerat.
2103 1845 2318 1922 Venit
2372 1845 2758 1920 cardinalis
2819 1848 3008 1920 Nea-

335 1964 709 2061 politanus
762 1967 853 2040 ad
906 1967 1099 2041 idem
1158 1967 1423 2040 ostium
1485 1975 1557 2042 et
1612 1968 1960 2044 infantem
2023 1970 2520 2061 catechizavit,
2592 1970 2850 2044 deinde
2916 1970 3011 2044 ad

336 2087 578 2185 ipsam
621 2091 973 2186 capellam
1021 2091 1415 2166 introduxit
1454 2119 1683 2191 usque
1726 2095 1914 2169 inter
1953 2095 2178 2171 altare
2225 2104 2296 2170 et
2345 2096 2786 2194 sepulturam
2831 2094 3008 2170 Sixti

340 2235 535 2308 pape
569 2216 719 2302 IIII,
767 2213 885 2286 ubi
929 2213 1171 2287 medio
1212 2239 1430 2313 super
1471 2220 1785 2315 quodam
1819 2219 2136 2294 scabello
2165 2219 2437 2295 ibidem
2465 2221 2729 2319 posito,
2766 2226 3010 2317 tapete

348 2346 731 2436 cooperto,
790 2340 1023 2436 posita
1076 2340 1208 2414 fuit
1261 2343 1544 2417 concha
1595 2368 1858 2442 magna
1899 2352 2244 2442 argentea
2271 2345 2343 2417 in
2392 2352 2595 2443 parte
2635 2345 3005 2435 deaurata,

349 2465 685 2561 ejusdem
729 2466 902 2540 Sixti
942 2490 1155 2564 pape,
1195 2451 1326 2565 pro
1355 2470 1791 2567 baptismate
1834 2470 2005 2545 dicti
2055 2472 2372 2546 infantis,
2431 2475 2585 2556 Quo
2633 2476 3006 2568 perventO,

351 2589 916 2688 superimposita
982 2591 1114 2666 fuit
1180 2593 1639 2689 gubernatori
1700 2596 1914 2670 Urbis
1991 2596 2276 2672 tobalea
2330 2597 2612 2672 sericea
2682 2595 3013 2692 superius

346 2719 759 2816 designata,
824 2721 901 2792 in
960 2722 1258 2819 spatulis
1320 2721 1513 2812 suis3
1562 2721 1683 2818 qui
1744 2721 2024 2818 accepit
2087 2721 2178 2796 de
2222 2721 2556 2796 manibus
2616 2719 3015 2817 archiepis-

342 2844 515 2941 copi
561 2845 932 2919 Cusentini
975 2845 1280 2943 predicti
1330 2846 1832 2942 baptizandum
1883 2869 2100 2942 super
2150 2844 2525 2919 brachium
2573 2868 2785 2918 suum
2835 2844 3012 2918 dex-

342 2974 617 3058 terum,
675 2989 891 3063 quem
939 2967 1321 3042 cardinalis
1370 2969 1589 3059 idem,
1644 2969 1880 3044 infuso
1930 2994 2149 3066 super
2201 2975 2418 3066 caput
2465 2968 2760 3042 infantis
2813 2967 3012 3042 fonte

342 3091 758 3187 baptizavit,
807 3098 881 3166 et
922 3092 1063 3166 alia
1098 3093 1267 3168 fecit
1310 3098 1521 3191 prout
1562 3094 1639 3166 in
1682 3094 2073 3185 ordinariO,
2111 3096 2658 3192 Caputaquense
2691 3097 3012 3166 secreta-

344 3215 463 3288 rio
497 3221 570 3289 et
599 3215 1005 3291 Mutinense
1039 3217 1315 3291 datario
1357 3218 1717 3315 episcopis
1754 3241 1983 3316 super
2018 3218 2366 3292 infantem
2407 3219 2643 3314 ipsum
2677 3222 3018 3312 tanquam

340 3340 679 3438 patronis
714 3363 969 3416 manus
1010 3343 1453 3418 tenentibus,
1502 3342 1783 3417 Infante
1814 3343 2170 3440 baptizato
2213 3349 2282 3418 et
2317 3340 2482 3417 lotis
2512 3362 2644 3437 per
2682 3338 3017 3413 cardina-

341 3465 503 3540 lem
544 3467 1098 3564 Neapolitanum
1141 3474 1213 3542 et
1249 3475 1595 3567 patronos
1638 3491 1842 3544 more
1883 3469 2094 3543 solito
2135 3466 2495 3556 manibus,
2530 3463 2873 3562 imposita
2912 3469 3024 3536 est

348 3591 547 3666 collo
576 3592 941 3688 Magnifici
974 3592 1172 3665 Pauli
1201 3591 1290 3667 de
1323 3592 1599 3667 Ursinis
1628 3593 1916 3668 tobalea
1945 3593 2223 3668 sericea
2253 3590 2582 3689 superius
2613 3587 3018 3686 designata,

350 3713 480 3810 qui
514 3715 943 3814 baptizatum
984 3716 1073 3791 de
1113 3717 1410 3792 brachio
1452 3717 1952 3814 gubernatoris
1992 3717 2352 3814 recipiens
2393 3737 2610 3812 super
2643 3712 3022 3787 brachium

352 3863 574 3914 suum
616 3841 993 3915 dexterum
1032 3843 1276 3940 posuit
1318 3866 1521 3916 more
1560 3849 1909 3918 consueto
1950 3848 2022 3915 et
2064 3865 2288 3938 usque
2330 3839 2421 3913 ad
2460 3838 2758 3913 domum
2797 3836 3027 3912 cardi·

354 3943 545 4038 nalis
577 3992 635 4038 s.
670 3967 895 4042 Marie
923 3967 997 4040 in
1024 3967 1314 4042 Porticu
1346 3967 1755 4065 reportavit,
1794 3972 1866 4040 et
1892 3964 2165 4040 nemini
2192 3962 2641 4060 consignavit
2669 3961 3023 4034 infantem

355 4113 579 4187 quam
620 4091 934 4189 primum
979 4093 1048 4165 in
1092 4093 1425 4166 manibus
1468 4093 1638 4166 dicti
1681 4090 1878 4166 Pauli
1922 4089 2160 4164 Ursini
2203 4094 2422 4163 esset.
2475 4089 2885 4182 Antequam
2934 4082 3026 4158 ad

360 4216 633 4289 ostium
667 4217 859 4292 dicte
903 4217 1176 4314 capelle
1208 4217 1645 4316 perveniret,
1691 4217 1960 4315 incepit
2003 4216 2180 4288 flere
2221 4236 2504 4303 amare;
2551 4209 2668 4307 qui
2708 4209 2933 4307 priuS,
2983 4233 3028 4280 a

366 4341 565 4416 lecto
611 4350 969 4432 materu0,
1025 4367 1250 4439 usque
1300 4343 1393 4416 ad
1441 4341 1708 4417 dietam
1758 4341 2110 4438 capellam
2157 4346 2229 4414 et
2280 4338 2351 4412 in
2401 4359 2514 4427 ea,
2561 4333 2907 4432 quidquid
2949 4332 3024 4406 in

360 4465 933 4540 catechizatione
966 4474 1036 4542 et
1062 4467 1493 4565 baptismate
1527 4467 2006 4562 omnibusque
2039 4464 2196 4540 aliis
2225 4462 2506 4538 actibus
2535 4460 2602 4535 ei
2633 4459 3020 4548 acciderat,

361 4590 893 4688 patientissime
936 4593 1325 4667 sustulerat
1366 4592 1522 4667 sine
1558 4592 1702 4667 ulla
1738 4589 2218 4695 displicentia.
2261 4588 2538 4662 Infante
2579 4591 2822 4659 autem
2866 4583 3024 4680 ipso

363 4715 750 4790 ecclesiam
808 4726 1151 4808 exeunte,
1210 4724 1452 4792 tantus
1504 4717 1632 4792 fuit
1691 4717 2029 4792 tubarum
2085 4721 2158 4789 et
2212 4713 2658 4818 musicorum
2716 4709 3024 4783 aliorum

369 4840 649 4915 sonitus
681 4841 876 4938 quod
910 4841 1023 4914 vix
1056 4843 1357 4941 quisque
1391 4866 1603 4916 suum
1643 4841 1940 4917 verbum
1980 4839 2285 4914 audiret.
2335 4842 2505 4912 Post
2534 4836 2740 4933 cujus
2779 4855 3026 4908 reces-

374 4989 563 5056 sum,
610 4967 729 5063 qui
771 4989 859 5042 eo
901 4969 1151 5042 ordine
1192 4991 1335 5067 quo
1376 4969 1470 5044 ad
1508 4967 1894 5043 ecclesiam
1940 4967 2136 5042 venit
2174 4964 2474 5038 domum
2511 4983 2842 5037 reversus
2883 4965 3021 5050 est,

369 5091 775 5167 cardinales
808 5092 1101 5169 tandem
1132 5095 1350 5169 etiam
1383 5093 1765 5169 ecclesiam
1796 5093 2172 5168 exiverunt
2194 5098 2266 5165 et
2295 5089 2385 5164 ad
2410 5089 2634 5187 pedes
2666 5086 3026 5160 scalarum

383 5215 681 5292 basilice
723 5219 955 5295 mulas
1013 5221 1488 5296 ascendentes
1541 5218 1632 5294 ad
1686 5219 1944 5294 domos
1989 5241 2153 5294 suas
2213 5215 2610 5291 redierunt.
2664 5211 3024 5286 Infantem

654 5385 705 5424 τ.
748 5387 805 5426 n.
2612 5363 2684 5419 37
