3625 6059
687 591 791 647 103
1608 581 1961 640 JOHANNIS
2009 579 2454 652 BURCHARDI,
2493 577 2502 594 ⁵
3015 579 3180 642 [An-n
3206 581 3334 640 μοι]

697 767 821 818 rex
852 742 1151 816 Francie
1192 741 1631 840 pretendens
1675 737 1766 811 ad
1797 704 2104 836 regnum
2134 740 2373 835 ipsum
2407 737 2648 812 Sicilie
2683 735 2864 810 citra
2905 734 3214 808 Pharum
3235 735 3338 830 jus

696 869 997 957 habere,
1059 892 1192 964 per
1242 875 1568 940 oratores
1618 887 1787 937 suos
1852 864 2104 937 institit
2158 887 2251 938 ne
2301 863 2496 937 idem
2554 861 2968 960 Alphonsus
3016 859 3089 932 in
3133 883 3341 956 regno

702 994 1121 1091 hujusmodi
1168 1017 1300 1090 per
1344 990 1883 1064 sanctissimum
1932 994 2016 1063 D.
2081 993 2165 1062 N.
2223 989 2682 1063 investiretur
2731 994 2857 1060 aut
2897 992 3345 1060 coronaretur

698 1121 769 1192 in
807 1143 1055 1216 regem
1085 1120 1195 1192 vel
1231 1118 1426 1216 quod
1454 1115 1649 1190 aliud
1696 1115 1890 1189 circa
1929 1115 2256 1212 ejusdem
2291 1115 2497 1212 regni
2540 1111 3088 1209 dispositionem
3121 1109 3346 1185 decer·

694 1251 1025 1329 neretum
1063 1269 1151 1319 ex
1178 1267 1321 1340 quo
1350 1242 1724 1316 coronatio
1756 1240 2084 1337 ejusdem
2111 1242 2305 1338 regis
2328 1240 2681 1338 Alphonsi
2712 1239 2985 1312 diutius
3013 1244 3124 1311 est
3151 1244 3346 1311 retar-
3405 1317 3412 1324 ,

694 1373 895 1458 data3
934 1369 1226 1444 tandem
1261 1371 1386 1442 SS.
1424 1371 1632 1443 D.-N.
1678 1368 2090 1442 Alexander
2117 1392 2305 1465 papa
2343 1375 2616 1454 sextus,
2652 1365 2900 1440 volens
2937 1365 3153 1439 statui
3194 1363 3344 1437 dicti

699 1497 891 1594 regis
915 1494 1267 1592 Alphonsi
1296 1501 1701 1590 opportune
1727 1493 2130 1588 providere,
2153 1492 2243 1565 de
2272 1497 2708 1565 RRmorum.
2727 1495 2878 1564 DD.
2899 1489 3346 1563 cardinalium

699 1619 1032 1709 consilio,
1079 1618 1195 1692 die
1236 1617 1517 1692 veneris
1565 1621 1649 1690 18
1694 1617 1966 1690 mensis
1995 1616 2265 1713 apriliS,
2313 1617 2385 1687 in
2429 1639 2562 1689 suo
2594 1624 2878 1690 secreto
2903 1613 3344 1702 consistorio,

699 1745 895 1842 quod
943 1743 1221 1816 duravit
1267 1742 1355 1816 ab
1399 1743 1580 1815 hora
1620 1765 1721 1814 xn
1769 1765 1998 1838 usque
2038 1740 2130 1814 ad
2177 1740 2492 1815 mediam
2545 1740 2802 1814 horam
2847 1741 2922 1812 in
2971 1739 3162 1812 circa
3205 1747 3350 1812 ante

696 1895 789 1942 xx
819 1878 892 1944 et
920 1895 1041 1942 xxi
1084 1867 1345 1942 creavit
1380 1867 1699 1964 legatum
1745 1866 1834 1940 de
1871 1867 2094 1942 latere
2132 1890 2264 1940 suo
2293 1871 2578 1940 Rmum.
2619 1871 2706 1940 D.
2736 1866 3151 1940 Johannem
3189 1864 3354 1938 tituli

698 2001 946 2068 sancte
981 1998 1309 2068 Susanne
1341 1993 1849 2091 presbyterum
1881 1992 2323 2066 cardinalem
2355 1991 2622 2065 Montis
2655 1988 2942 2086 Regalis
2982 1987 3356 2085 vulgariter

698 2122 1224 2214 nuncupatum,
1260 2116 1352 2188 ad
1381 2117 1910 2190 investiendum
1943 2116 2212 2190 dictum
2252 2114 2705 2213 Alphonsum
2738 2135 2986 2209 regem
3022 2111 3116 2186 de
3152 2133 3356 2207 regno

701 2242 941 2317 Sicilie
1005 2242 1188 2316 citra
1243 2243 1555 2316 Pharum
1610 2250 1681 2315 et
1744 2242 1979 2331 terriS,
2044 2241 2428 2337 ipsumque
2486 2261 2736 2336 regem
2793 2239 2868 2311 in
2929 2236 3354 2312 catholicum

701 2367 1198 2465 inungendum
1224 2373 1297 2441 et
1324 2367 1819 2440 coronandum
1843 2393 1859 2454 3
1890 2372 1962 2440 et
1987 2366 2158 2461 quia
2183 2365 2566 2440 cardinalis
2588 2366 2662 2438 in
2689 2365 2954 2462 palatio
2977 2362 3358 2461 apostolico

698 2495 772 2566 in
832 2492 1139 2568 cameris
1208 2515 1427 2589 supra
1492 2491 1908 2589 dispensam
1976 2494 2167 2587 Pape
2234 2491 2624 2582 residebat,
2687 2491 2822 2564 fuit
2885 2492 2975 2564 ab
3037 2489 3357 2563 omnibus

702 2617 989 2691 RRmis.
1038 2616 1527 2690 cardinalibus
1566 2641 1700 2714 per
1742 2617 1944 2690 aulas
1986 2626 2059 2691 et
2096 2619 2360 2715 gradus
2401 2617 2797 2692 descensus
2828 2616 2918 2690 de
2947 2615 3218 2712 palatio
3246 2637 3362 2711 per

701 2739 977 2814 curiam
1032 2739 1229 2837 putei
1285 2761 1513 2835 usque
1567 2737 1659 2811 ad
1704 2740 2067 2815 lumacam
2119 2742 2417 2816 ferrerie
2472 2765 2699 2839 prope
2750 2741 3198 2838 dispensam,
3248 2761 3363 2836 per

701 2887 915 2960 quam
976 2864 1336 2938 lumacam
1386 2865 1478 2940 ad
1523 2865 2049 2940 habitationem
2107 2867 2436 2966 ejusdem
2495 2866 2875 2940 cardinalis
2928 2865 3358 2946 ascenditur,

705 2987 1141 3077 associatus;
1194 2995 1269 3063 et
1314 2988 1703 3063 licentiatis
1744 2988 2015 3063 ibidem
2060 2991 2135 3062 in
2174 2990 2388 3086 plano
2434 2999 2602 3064 ante
2640 2991 3000 3064 lumacam
3049 2989 3364 3064 cardina-

701 3112 918 3202 libus,
966 3113 1249 3210 legatus
1292 3115 1447 3212 ipse
1498 3115 1691 3188 solus
1736 3116 2063 3188 ascendit
2111 3137 2278 3187 cum
2325 3114 2499 3188 suis.
2551 3120 2803 3189 RmuS.
2848 3119 2936 3188 D.
2991 3111 3364 3188 cardinalis

706 3236 1049 3310 Senensis
1100 3237 1413 3311 eundem
1460 3237 1784 3334 legatum
1835 3261 2002 3311 cum
2046 3237 2204 3312 aliis
2242 3236 2728 3311 cardinalibus
2767 3260 2915 3311 non
2956 3235 3361 3320 associavit3

706 3362 833 3436 sed
866 3362 1075 3434 finito
1106 3362 1541 3435 consistorio
1570 3363 1847 3460 primus
1879 3370 1949 3436 et
1982 3363 2176 3437 solus
2208 3363 2511 3438 recessit
2541 3370 2613 3436 et
2644 3362 2940 3436 domum
2970 3360 3215 3434 rediit.

798 3485 1205 3576 Dominica,
1258 3492 1349 3560 20
1376 3489 1648 3561 mensis
1680 3489 1924 3586 aprilis
1950 3488 2285 3587 predicti,
2317 3511 2455 3585 ego
2483 3489 2851 3562 Johannes
2884 3485 3361 3572 BurcharduS‚

702 3612 1053 3709 magister
1090 3613 1671 3687 ceremoniarum
1711 3614 1990 3711 capelle
2032 3617 2159 3688 SS.
2206 3618 2293 3687 D.
2341 3616 2427 3686 N.
2473 3635 2683 3710 pape,
2732 3636 2868 3709 per
2907 3612 3366 3709 magnificum

700 3742 787 3813 D.
824 3737 1187 3812 Gentilem
1215 3737 1619 3834 Virginium
1647 3739 1733 3812 de
1763 3740 2067 3830 Ursinis,
2101 3739 2394 3813 nomine
2435 3738 2880 3811 serenissimi
2910 3742 2994 3811 D.
3027 3733 3365 3835 Alphonsi

696 3863 995 3938 secundi
1036 3863 1125 3937 de
1156 3863 1517 3960 Aragonia
1550 3865 1789 3939 Sicilie
1822 3867 2014 3962 regis
2059 3864 2448 3961 requisitus
2481 3871 2553 3939 et
2601 3871 2919 3960 rogatuS,
2955 3863 3046 3936 de
3077 3860 3365 3961 speciali

694 3989 989 4064 licentia
1031 3990 1157 4062 SS.
1206 3992 1291 4062 D.
1342 3991 1423 4062 N.
1473 4013 1655 4087 pape
1696 3997 1767 4064 et
1800 3992 1958 4090 ejus
1993 3990 2508 4066 commissione
2539 3994 2810 4067 recessi
2843 4017 2931 4067 ex
2965 3991 3160 4067 Urbe
3193 3992 3366 4065 circa

697 4114 957 4188 horam
1004 4137 1099 4186 xx
1150 4137 1319 4188 cum
1370 4114 1836 4189 servitoribus
1887 4115 2342 4213 equestribus
2392 4093 3032 4217 quatuor⁸(quibus
3078 4113 3370 4214 singulis

701 4239 1067 4330 rochetoe,
1106 4240 1393 4314 calceos
1426 4248 1497 4314 et
1530 4241 1876 4314 birretam
1922 4241 2012 4316 de
2057 4241 2364 4317 scarlato
2400 4267 2660 4317 novam
2693 4242 2950 4318 donavi
2990 4255 3063 4316 et
3096 4241 3369 4316 calceos

696 4365 943 4462 novos)
986 4388 1070 4439 ac
1112 4388 1257 4439 uno
1302 4388 1490 4461 equo
1533 4365 1839 4440 salmam
1880 4373 2241 4463 portante,
2291 4375 2364 4443 et
2406 4369 2632 4442 tribus
2672 4365 3160 4465 pedestribus,
3195 4367 3370 4438 Nea-

695 4490 921 4588 polim
954 4491 1185 4566 iturus
1218 4515 1351 4588 pro
1384 4491 1856 4566 coronatione
1889 4493 2279 4589 supradicti
2310 4493 2502 4590 regis
2535 4490 2962 4566 ordinanda.

793 4619 1147 4695 Venimus
1198 4617 1575 4716 Neapolim
1606 4618 1796 4716 jovis
1847 4623 1938 4690 24
1987 4619 2161 4692 dicti
2211 4619 2511 4710 mensiS,
2545 4614 2758 4691 'circa
2800 4618 3058 4691 horam
3109 4637 3208 4687 xx
3259 4609 3367 4685 ubi

702 4766 791 4817 ex
834 4743 1347 4816 commissione
1388 4743 1579 4840 regis
1618 4742 2025 4839 hospitatus
2066 4743 2166 4816 fui
2206 4745 2279 4817 in
2325 4743 2542 4818 domo
2587 4742 2966 4840 cujusdam
3013 4733 3367 4814 Francisci

701 4867 1041 4942 Senensis
1094 4875 1166 4940 et
1212 4872 1400 4940 Rose
1454 4870 1611 4967 ejus
1663 4870 1934 4959 uxoriS,
1986 4877 2060 4943 et
2107 4894 2240 4966 per
2285 4870 2828 4944 commissarios
2881 4868 3075 4965 regis
3130 4862 3370 4940 omnia

703 4991 1118 5067 necessaria
1147 4991 1602 5068 abundanter
1630 4995 2036 5068 ministrata
2065 4995 2383 5070 fuerunt.
2432 5001 2533 5069 Ex
2567 4995 2744 5070 urbe
2785 4993 3116 5092 predicta
3147 5011 3368 5086 usque

698 5117 1076 5215 Neapolim
1131 5117 1533 5191 associatus
1585 5143 1717 5216 per
1769 5125 1856 5193 D.
1903 5120 2313 5195 Johannem
2369 5123 2457 5195 de
2516 5120 2770 5194 Bibbia
2820 5115 3126 5217 predicti
3187 5113 3373 5212 regis

705 5243 1250 5334 cancellarium,
1289 5243 1406 5316 cui
1440 5250 1511 5317 et
1542 5243 1877 5318 familiari
1921 5269 2080 5334 suo,
2129 5267 2297 5342 ego,
2345 5246 2504 5345 ipso
2537 5255 2780 5320 tamen
2818 5244 3128 5318 honeste
3177 5262 3376 5315 recu-
