3625 6059
242 500 494 611 [aazia
525 548 672 608 αρε]
949 544 1200 601 RERUM
1250 542 1708 601 URBANARUM
1759 542 2285 601 COMMENTARII.
2886 548 2955 602 33

250 704 670 790 RomanuS,
701 698 1076 795 utriusque
1103 698 1286 795 juris
1317 696 1600 788 doctor,
1639 705 1710 771 et
1740 720 1873 795 pro
1905 718 1994 771 ea
2018 697 2135 770 die
2158 696 2343 770 sedit
2362 697 2435 770 in
2460 720 2689 795 cappa
2708 720 2837 771 sua
2864 698 2957 770 ad

259 825 640 901 sinistram
674 830 772 899 R.
829 828 921 897 D.
967 821 1389 921 Hieronymi
1433 822 1522 895 de
1565 822 1951 912 Porcariis,
1999 822 2416 897 vicedecani
2452 830 2653 911 rote3
2692 822 2953 897 deinde

269 950 646 1041 mercurii,
684 956 728 1025 9
761 950 1118 1049 ejusdem,
1161 949 1348 1024 sedit
1397 950 1472 1022 in
1499 949 1664 1023 loco
1711 973 1843 1022 suo
1884 956 1958 1023 et
2010 948 2481 1047 reassumpsit
2530 972 2787 1024 causas
2827 974 2959 1049 per

267 1076 554 1151 obitum
584 1078 780 1151 bone
822 1076 1176 1151 memorie
1209 1074 1562 1149 Johannis
1607 1074 1931 1172 episcopi
1974 1075 2318 1149 Nucerini
2363 1076 2433 1149 in
2476 1077 2681 1175 cujus
2711 1076 2956 1152 locum

263 1203 628 1277 successit
663 1201 802 1275 sibi
827 1202 1287 1277 commissas,

371 1329 590 1401 Feria
641 1328 882 1420 tertia,
947 1333 989 1401 8
1035 1327 1380 1424 januarii,
1442 1329 1627 1401 hora
1675 1327 2057 1425 vigesima,
2110 1328 2243 1401 suit
2286 1331 2757 1427 congregatio
2812 1332 2955 1405 sive

278 1455 714 1530 convocatio
766 1454 1096 1528 omnium
1143 1453 1617 1528 cardinalium
1666 1454 1755 1527 ab
1810 1477 1900 1529 ea
1942 1478 2169 1551 usque
2224 1455 2315 1528 ad
2360 1454 2651 1527 tertiam
2701 1455 2959 1529 horam

276 1582 550 1670 noctiS,
585 1581 660 1653 in
691 1579 936 1678 quain
967 1580 1332 1679 pontificis
1361 1580 1730 1676 presentia
1757 1580 1889 1654 fuit
1911 1581 2391 1678 disceptatum
2424 1604 2641 1677 super
2675 1580 2962 1675 dispen-

279 1708 612 1781 sationes
653 1730 830 1803 quas
873 1706 1386 1781 serenissimus
1428 1705 1869 1781 Wladislaus
1916 1706 2229 1804 Ungarie
2272 1712 2345 1781 et
2394 1706 2749 1779 Bohemie
2798 1728 2953 1795 rex,

281 1832 412 1928 qui
445 1832 624 1905 alias
655 1832 746 1905 ad
771 1854 1076 1929 regnum
1108 1831 1488 1923 Bohemie,
1518 1831 1710 1928 quod
1735 1838 1907 1906 tunc
1932 1834 2257 1906 nondum
2288 1832 2523 1907 fuerat
2553 1838 2952 1921 assecutUS,

275 1960 646 2055 aspirans»,
679 1968 756 2033 ut
784 1958 964 2032 illud
985 1958 1268 2032 facilius
1315 1964 1858 2054 assequeretur,
1901 1981 2068 2033 cum
2106 1958 2303 2032 lllus.
2344 1961 2428 2030 D.
2466 1956 2783 2031 Barbara
2815 1957 2961 2029 filia

273 2086 658 2181 quondam
713 2080 991 2157 Alherti
1045 2082 1488 2157 marchionis
1548 2082 2223 2181 Brandeburgensis
2282 2084 2536 2159 relicta
2596 2084 2957 2181 quondam

271 2210 492 2284 ducis
525 2210 897 2285 Schelesie
929 2232 1061 2307 per
1099 2210 1344 2307 legum
1386 2217 1936 2307 procuratorem
1984 2210 2340 2283 contraxit
2384 2210 2953 2303 matrimonium,

271 2360 418 2434 per
443 2337 666 2411 verba
691 2336 1020 2435 legitime
1057 2335 1150 2411 de
1185 2336 1508 2433 presenti
1539 2335 1613 2408 in
1643 2334 1832 2409 facie
1866 2334 2191 2411 Ecclesie
2240 2336 2665 2410 solemniter
2688 2342 2955 2425 ratum,

269 2486 364 2536 ac
421 2461 685 2537 deinde
722 2460 914 2535 dicto
956 2484 1181 2558 regno
1223 2460 1576 2535 Bohemie
1606 2469 2022 2557 assequuto,
2058 2468 2359 2535 vacante
2392 2484 2616 2559 regno
2650 2460 2960 2557 Ungarie

271 2612 420 2685 per
443 2586 722 2661 obitum
763 2586 885 2685 pie
925 2586 1281 2661 memorie
1321 2586 1593 2660 Mathie
1630 2586 1825 2683 regis
1871 2586 2214 2684 Ungarie,
2266 2593 2347 2663 ut
2386 2592 2455 2662 et
2497 2586 2589 2661 ad
2626 2585 2803 2659 illud
2832 2610 2964 2683 per

273 2712 647 2810 principes
701 2714 906 2811 regni
953 2713 1372 2810 eligeretur,
1422 2712 1966 2786 matrimonium
2016 2737 2183 2789 cum
2235 2714 2435 2789 Inus.
2497 2712 2792 2788 domina
2844 2738 2960 2787 se-

280 2839 654 2913 renissimi
685 2838 1124 2913 Ferdinandi
1155 2838 1611 2936 Neapolitani
1639 2862 1724 2913 ac
1755 2838 2001 2913 Sicilie
2044 2841 2239 2937 regis
2265 2840 2444 2931 filia,
2481 2840 2735 2914 relicta
2790 2839 2959 2915 dicti

275 2963 558 3038 Mathie
605 2962 800 3061 regis
845 2962 1184 3059 Ungarie,
1229 2986 1360 3058 per
1398 2984 1476 3037 se
1533 2963 1800 3058 ipsum,
1850 2987 1983 3061 per
2028 2965 2253 3039 verba
2291 2965 2381 3040 de
2426 2965 2746 3062 presenti
2782 2988 2959 3037 con-

277 3088 506 3161 traxit
535 3112 620 3162 ac
649 3088 820 3161 illud
852 3087 1126 3163 carnali
1156 3087 1416 3185 copula
1443 3086 1894 3183 subsequuta
1924 3089 2479 3179 consummavit,
2515 3111 2765 3162 secum
2801 3087 2957 3163 fieri

277 3212 728 3309 postulabat,
791 3219 870 3287 ut
919 3213 1294 3311 premissis
1343 3236 1494 3285 non
1551 3212 2033 3304 obstantibus,
2082 3238 2247 3289 cum
2288 3214 2442 3311 jam
2492 3221 2686 3289 esset
2740 3214 2958 3290 etiam

275 3340 560 3413 dictum
596 3362 902 3439 regnum
948 3340 1262 3437 Ungarie
1301 3338 1604 3436 pacifice
1655 3348 2059 3433 assecutus,
2115 3347 2363 3438 posset
2414 3340 2957 3415 matrimonium

279 3488 456 3538 cum
489 3464 582 3563 (1)
596 3519 775 3538 ......

389 3592 606 3667 Feria
649 3591 929 3689 quinta,
1001 3596 1088 3665 10
1129 3590 1469 3689 januarii,
1534 3591 1728 3666 Illae.
1791 3591 2133 3692 princeps
2188 3596 2349 3667 Don
2398 3590 2809 3666 Fridericus
2868 3594 2956 3668 de

281 3718 630 3813 Aragona
683 3715 1028 3813 princeps
1078 3714 1476 3805 Altamure,
1529 3714 1676 3787 dux
1725 3714 2181 3805 AndriensiS,
2230 3719 2437 3813 regni
2486 3717 2952 3809 admiralduS,

283 3841 742 3917 serenissimi
771 3840 1209 3915 Ferdinandi
1239 3838 1692 3935 Neapolitani
1727 3845 1799 3913 et
1826 3839 2069 3915 Sicilie
2104 3842 2297 3939 regis
2317 3843 2953 3940 secundogenituS,

286 3992 374 4043 ex
405 3966 672 4066 palatio
706 3967 895 4040 Rmi.
928 3970 1015 4039 D.
1053 3964 1440 4039 cardinalis
1479 3965 1708 4039 sancti
1752 3965 1942 4041 Petri
1978 3966 2071 4040 ad
2110 3968 2423 4044 Vincula
2451 3971 2640 4066 apud
2670 3976 2957 4043 sanctos

285 4092 706 4193 ApostoloS,
764 4092 837 4165 in
896 4114 1039 4190 quo
1111 4090 1514 4188 hospitatus
1579 4089 1845 4182 fuerat,
1892 4092 2225 4189 equitans
2283 4103 2451 4169 ante
2517 4094 2811 4170 domum
2868 4094 2957 4169 de

283 4218 624 4293 Maximis
666 4241 798 4316 per
835 4240 1176 4317 campum
1207 4217 1446 4309 Flore,
1488 4218 1804 4316 plateam
1847 4220 2243 4295 Judeorum
2288 4226 2363 4295 et
2402 4227 2687 4320 portam
2727 4220 2956 4297 sancti

287 4346 488 4421 Pauli
537 4346 756 4421 exivit
805 4344 1100 4435 Urbem,
1134 4342 1416 4440 galeam
1465 4340 1540 4413 in
1583 4342 1775 4416 volta
1807 4340 1899 4441 (2)
1936 4347 2009 4417 S.
2048 4344 2243 4418 Pauli
2272 4368 2437 4420 cum
2470 4345 2748 4420 duabus
2798 4344 2957 4418 aliis

283 4472 512 4571 galeis
555 4470 831 4546 ibidem
877 4491 1010 4567 pro
1065 4465 1334 4541 familia
1383 4492 1512 4541 sua
1559 4468 1826 4563 paratis
1870 4469 2108 4567 ipsum
2141 4478 2650 4569 expectantem
2701 4477 2774 4546 et
2822 4468 2957 4543 sibi

281 4604 616 4697 paratam
641 4596 1065 4685 intraturuS,
1094 4598 1167 4668 et
1198 4617 1330 4691 per
1349 4614 1552 4667 mare
1576 4594 1955 4690 Neapolim
1983 4596 2131 4669 redi
2144 4602 2365 4670 turus,
2398 4600 2672 4672 Etcum
2701 4596 2951 4671 RRmi.

281 4726 430 4799 ΠΙ).
498 4723 914 4799 cardinales
969 4720 1489 4817 Neapolitanus
1535 4725 1608 4794 et
1657 4720 2039 4815 ‘SenensiS,
2102 4723 2294 4820 regis
2354 4722 2660 4819 predicti
2718 4728 2793 4797 et
2850 4721 2959 4796 sui

283 4850 691 4949 singulares
723 4848 966 4939 amici,
1001 4847 1125 4946 qui
1151 4846 1350 4945 prius
1382 4845 1616 4920 mulas
1643 4868 1812 4919 cum
1848 4847 1996 4919 suis
2034 4846 2325 4921 familiis
2371 4847 2852 4923 ascenderant
2888 4852 2962 4923 et

350 5078 400 5135 1.
439 5076 669 5133 Lacune
699 5070 842 5127 dans
873 5074 998 5127 tous
1027 5068 1106 5127 les
1133 5066 1482 5129 manuscrits
1515 5070 1656 5145 Voy.
1691 5069 1933 5142 Rinaldi,
1964 5076 2004 5130 t.
2037 5070 2213 5143 XXX,
2246 5084 2309 5129 n0
2337 5073 2427 5145 32,
2457 5092 2513 5149 p.
2549 5075 2671 5133 191.

341 5168 396 5223 2.
435 5168 500 5223 In
532 5164 681 5221 riola
718 5160 865 5217 dans
889 5162 1014 5218 tous
1041 5156 1122 5219 les
1150 5158 1498 5231 manuscritS,
1533 5158 1662 5249 saut'
1684 5158 1825 5217 celui
1854 5160 1921 5217 de
1950 5159 2209 5222 Florence
2242 5166 2343 5223 149
2376 5164 2490 5239 (fol.
2524 5166 2637 5236 24),
2661 5164 2755 5238 qui
2781 5162 2961 5219 donne

285 5256 340 5310 in
370 5258 534 5314 volta.

560 5390 612 5431 τ.
659 5388 715 5429 ιι.
2642 5372 2678 5429 3
