3625 6059
1399 575 1827 635 APPENDICE.
2836 581 2945 637 675

275 729 434 795 belli
461 727 672 791 moles
710 730 776 790 et
815 726 1034 791 italice
1069 732 1132 791 et
1175 728 1417 792 Gallice
1447 731 1697 793 nationi
1723 731 1807 792 sit
1835 730 2149 806 allatura;
2180 734 2245 793 et
2272 730 2453 809 quod
2494 732 2645 809 plus
2678 732 2943 796 calami-

277 828 432 891 tatis
467 831 534 891 et
573 826 844 891 infamio
889 842 1091 907 quam
1138 827 1408 891 honoris
1456 832 1522 890 et
1563 828 1774 909 glorie
1820 846 1902 893 ex
1946 826 2332 911 hujusmodi
2384 829 2574 892 novis
2618 829 2941 894 bellorum

277 926 570 990 motibus
610 928 694 991 sit
733 928 1172 1005 susceptura3
1216 926 1378 989 nolit
1418 943 1626 1007 queso
1664 928 1989 1007 primitias
2027 929 2217 1009 regni
2256 926 2359 991 sui
2397 928 2752 991 christiane
2793 929 2941 992 reli-

275 1024 500 1105 gionis
537 1024 950 1089 desolatione
984 1041 1254 1089 causam
1291 1029 1612 1105 prestare.
1641 1028 1829 1105 Quod
1871 1027 1958 1090 ad
1990 1027 2107 1108 ,ius
2156 1043 2357 1105 super
2402 1028 2643 1090 ducatu
2684 1028 2941 1105 attinet,

276 1122 698 1201 imperatoris
744 1126 971 1202 partes
1014 1140 1166 1185 esse
1209 1123 1292 1186 de
1339 1123 1450 1185 illo
1488 1124 1863 1187 discernere
1910 1142 2105 1189 nemo
2152 1128 2377 1188 autem
2411 1126 2711 1206 ambigit,
2746 1122 2941 1187 officii

275 1220 488 1283 nostri
535 1237 687 1283 esse
735 1222 1154 1285 concordiam
1205 1222 1376 1285 inter
1422 1239 1879 1304 quoscumque
1929 1224 2254 1304 principes
2300 1228 2367 1286 et
2411 1223 2719 1303 precipue
2765 1222 2938 1285 inter

276 1318 692 1399 Majestatem
723 1336 914 1383 suam
948 1326 1012 1385 et
1043 1322 1276 1385 ducem
1296 1320 1650 1401 prefatum,
1671 1338 1872 1402 quem
1897 1324 2079 1403 regie
2107 1338 2349 1386 corone
2378 1338 2499 1385 sue
2522 1321 2767 1384 scimus
2792 1337 2943 1385 esse

274 1415 790 1495 deditissimum,
825 1434 958 1498 quo
985 1420 1323 1499 possimus
1345 1419 1566 1483 studio
1597 1424 1662 1483 et
1691 1420 2029 1501 diligentia
2062 1437 2313 1484 curare.

367 1538 397 1572 «
443 1514 510 1578 Si
539 1515 620 1579 de
651 1517 854 1579 rebus
893 1517 1124 1581 Genue
1165 1518 1364 1581 verba
1397 1516 1609 1594 faciet,
1635 1518 2119 1597 respondebitis
2149 1535 2575 1599 nequaquam
2602 1537 2728 1584 nos
2760 1518 2942 1583 dubi-

277 1618 419 1676 tare
453 1614 615 1694 quin
665 1615 800 1677 dux
846 1614 1193 1679 Mediolani
1230 1632 1348 1695 pro
1387 1616 1679 1679 dominio
1717 1618 1945 1679 Genue
1988 1623 2055 1681 et
2092 1620 2349 1683 Savone
2392 1623 2457 1683 et
2496 1617 2942 1699 adjacentium

278 1715 606 1777 terrarum
641 1730 772 1795 que
803 1730 842 1778 a
873 1716 1270 1778 Francorum
1297 1716 1568 1796 regibus
1597 1714 1666 1777 in
1699 1714 1975 1779 feudum
2006 1716 2284 1795 obtinet,
2315 1716 2665 1781 feudatarii
2692 1722 2943 1797 prestet

278 1811 627 1892 obsequia.

367 1933 400 1967 «
436 1911 769 1988 Quantum
798 1909 882 1974 ad
920 1910 1329 1975 Florentinos
1359 1912 1617 1988 attinet,
1657 1914 1714 1975 si
1750 1913 1834 1978 de
1855 1914 1951 1977 eis
1983 1913 2174 1979 faciet
2195 1916 2424 1995 verba,
2457 1914 2942 1996 respondebitis

272 2008 458 2090 quod
503 2025 651 2072 cum
701 2009 786 2072 ad
830 2010 1273 2073 universalem
1316 2022 1548 2089 pacem
1598 2012 1782 2075 ltalie
1818 2030 1896 2076 ac
1941 2013 2145 2077 totius
2182 2014 2543 2095 reipublice
2591 2014 2943 2077 christiane

271 2107 518 2170 mentis
561 2110 791 2170 nostre
830 2106 1125 2172 studium
1165 2108 1553 2189 dirigamus„
1596 2125 1861 2175 omnem
1898 2127 2171 2175 causam
2206 2129 2337 2192 que
2364 2112 2582 2193 ipsam
2622 2111 2941 2192 impedire

269 2209 503 2285 posset
533 2204 614 2269 de
641 2205 862 2270 medio
893 2206 1254 2270 tollendam
1288 2207 1623 2284 duximuS,
1657 2215 1724 2272 et
1754 2215 2099 2289 propterca
2145 2210 2467 2291 populum
2502 2212 2692 2274 illum
2729 2208 2942 2273 nostri

269 2308 337 2367 et
369 2303 551 2367 sedis
577 2303 940 2383 apostolice
967 2304 1472 2369 devotissimum
1499 2307 1568 2370 in
1597 2307 1901 2372 libertate
1931 2312 1999 2371 et
2022 2310 2409 2373 auctoritate
2439 2326 2561 2373 sua
2589 2313 2940 2390 protegere

268 2401 636 2481 plurimum
693 2406 794 2465 est
848 2418 1036 2478 cure3
1093 2418 1171 2466 ac
1220 2402 1506 2466 libenter
1559 2403 1869 2469 audimus
1923 2406 2105 2485 quod
2156 2408 2471 2490 Majestas
2528 2424 2649 2471 sua
2708 2423 2940 2470 eorum

270 2516 537 2581 quoque
567 2500 763 2565 saluti
792 2502 1141 2566 nobiscum
1168 2500 1553 2566 incumbere
1581 2503 1762 2566 velit.

359 2622 390 2658 «
428 2601 522 2663 De
569 2599 830 2665 civitate
853 2601 1088 2663 Pisana
1115 2599 1171 2662 si
1199 2600 1466 2680 quando
1494 2617 1713 2665 sermo
1741 2618 1861 2682 per
1883 2604 2297 2685 Majestatem
2324 2620 2516 2669 suam
2540 2602 2679 2682 fiet,
2708 2604 2955 2692 dicetis·

269 2714 396 2761 nos
426 2700 731 2778 prompto
759 2699 983 2762 animo
1012 2704 1278 2779 paratos
1307 2704 1377 2762 ut
1405 2701 1758 2763 Florentini
1783 2701 1852 2763 in
1882 2718 2116 2766 eorum
2134 2704 2291 2783 jure
2322 2706 2830 2785 reintegrentur,
2864 2708 2939 2766 ut

269 2795 492 2859 omnia
520 2796 676 2861 belli
705 2797 958 2859 semina
987 2797 1254 2876 penitus
1283 2798 1680 2876 evellentur3
1712 2803 1778 2862 et
1806 2800 2083 2879 proinde
2115 2800 2527 2879 Majestatem
2563 2817 2753 2865 suam
2780 2800 2937 2863 hor-

265 2899 488 2959 tamur
516 2902 591 2960 ut
619 2914 768 2960 cum
792 2897 1058 2960 Venetis
1097 2902 1162 2959 et
1202 2896 1349 2959 aliis
1386 2913 1538 2960 cum
1567 2896 1813 2977 quibus
1844 2903 2297 2978 opportunum
2327 2898 2744 2979 judicaverit,
2774 2914 2935 2978 ope-

265 3012 411 3059 ram
443 2994 602 3060 dare
630 2996 785 3060 velit
805 2994 987 3075 quod
1010 2995 1380 3059 Florentina
1409 2996 1804 3075 Respublica
1834 2997 2165 3061 civitatem
2196 3014 2389 3061 suam
2407 2997 2731 3077 prefatam
2750 2996 2933 3061 Pisa-

267 3110 440 3171 rum‚
467 3110 670 3174 quam
697 3097 966 3173 propter
996 3092 1357 3157 adventum
1381 3094 1596 3157 Caroli
1623 3093 1802 3174 regis
1834 3094 1901 3156 in
1920 3094 2172 3157 ltaliam
2206 3095 2593 3173 amiserunt,
2621 3094 2933 3172 auspiciis

269 3208 394 3257 sue
421 3192 788 3273 Majestatis
823 3191 1014 3273 cujus
1051 3191 1448 3271 Respublica
1489 3192 1600 3255 illa
1641 3208 1906 3273 semper
1936 3192 2362 3256 devotissima
2392 3194 2515 3257 fuit
2543 3210 2932 3274 recuperare

264 3291 498 3369 valeat,
531 3291 756 3371 sicque
784 3290 1134 3354 nobiscum
1171 3290 1239 3353 in
1289 3295 1588 3354 sanctam
1627 3295 1853 3354 contra
1892 3292 2138 3354 Turcas
2170 3292 2655 3371 expeditionem
2691 3292 2932 3356 adesse

263 3389 504 3469 possit.
2267 3450 2271 3460 .

353 3512 385 3546 «
427 3487 618 3566 Quod
643 3487 730 3551 ad
761 3486 1057 3563 UrsinoS,
1091 3486 1566 3552 columnenses
1597 3491 1664 3550 et
1700 3487 1867 3550 alios
1907 3488 2289 3552 domicellos
2326 3488 2615 3557 Ecclesie
2657 3506 2929 3553 romane

265 3586 629 3668 subjectos,
655 3587 1070 3668 Majestatem
1095 3602 1288 3649 suam
1307 3586 1576 3649 nomine
1595 3590 1825 3648 nostro
1848 3588 2202 3650 monebitis
2222 3604 2307 3651 ne
2328 3588 2477 3651 illos
2502 3589 2647 3652 sine
2666 3588 2927 3652 licentia

262 3686 494 3746 nostra
514 3681 600 3746 ad
623 3682 950 3763 stipendia
973 3699 1092 3747 sua
1119 3682 1444 3747 conducat
1461 3698 1678 3762 neque
1702 3682 1927 3745 minus
1954 3682 2315 3749 conductos
2338 3690 2585 3761 teneat,
2614 3704 2699 3749 ne
2726 3686 2928 3749 simul

262 3796 417 3843 cum
447 3780 768 3844 militibus
801 3780 1164 3861 MaJestatis
1197 3797 1316 3844 sue
1347 3780 1636 3843 dominia
1665 3784 1919 3858 nostra,
1956 3781 2434 3860 venientesque
2466 3781 2553 3844 ad
2580 3798 2927 3846 romanam

262 3880 514 3944 curiam
540 3879 940 3945 molestandi
968 3880 1066 3943 eis
1097 3877 1354 3941 occasio
1383 3877 1762 3956 prebeatur.

352 4002 384 4036 «ι
425 3982 521 4043 De
549 3977 838 4058 prefecto
877 3979 1070 4043 Urbis
1113 3977 1170 4040 si
1208 3977 1608 4039 mentionem
1645 3973 1894 4051 fecerit,
1940 3974 2397 4055 significabitis
2437 3973 2765 4055 MaJ'estati
2805 3993 2926 4039 sue

261 4077 443 4159 quod
495 4077 822 4158 prefectus
871 4094 1005 4141 non
1053 4076 1270 4141 solum
1317 4074 1619 4154 rapinam
1663 4073 1995 4154 publicam
2042 4074 2113 4135 in
2161 4074 2355 4137 terris
2404 4074 2651 4136 nostris
2700 4078 2925 4136 contra

259 4176 541 4238 nuncios
569 4180 836 4239 nostros
867 4191 1035 4255 quos
1071 4175 1140 4239 in
1169 4188 1496 4239 carcerem
1531 4171 1849 4235 conclusit
1878 4176 1943 4235 et
1980 4174 2204 4235 contra
2234 4172 2531 4252 legatum
2566 4173 2926 4235 Turcarum

259 4273 573 4354 principis
604 4273 954 4350 commisit,
985 4272 1075 4335 illi
1113 4289 1214 4335 xi..
1247 4289 1335 4339 m.
1369 4270 1774 4335 florenorum
1803 4270 1950 4333 auri
1981 4287 2101 4350 pro
2133 4271 2444 4349 expensis
2474 4268 2695 4332 fratris
2724 4286 2924 4350 quem

259 4370 442 4451 apud
467 4386 593 4434 nos
621 4386 866 4452 magna
895 4387 1046 4435 cum
1075 4369 1375 4449 impensa
1405 4368 1715 4431 custodiri
1742 4366 2174 4445 faciebamuS,
2210 4371 2276 4430 et
2301 4368 2467 4431 alias
2498 4368 2927 4447 pecuniarum

257 4474 326 4533 et
354 4470 683 4533 bonorum
704 4468 932 4550 magni
951 4468 1193 4532 valoris
1217 4466 1621 4547 quantitates
1640 4464 2023 4544 auferendo,
2050 4483 2283 4529 verum
2306 4466 2504 4529 etiam
2524 4466 2744 4546 copias
2764 4482 2925 4529 nos·

258 4573 400 4631 tras
427 4584 505 4632 ac
538 4568 1072 4631 Bartholomeum
1102 4568 1362 4629 Serram
1389 4566 1649 4629 illarum
1682 4566 2029 4628 ductorum
2066 4582 2143 4627 ex
2172 4564 2503 4646 sanguine
2538 4564 2735 4628 nobis
2763 4580 2923 4627 con·

249 4666 584 4748 junctum,
627 4684 747 4747 per
779 4670 992 4729 terras
1029 4668 1292 4728 nostras
1330 4664 1454 4726 iter
1493 4662 1808 4727 facientes
1850 4662 2249 4739 invadend0‚
2288 4662 2635 4743 spoliando
2684 4667 2749 4725 et
2777 4680 2921 4742 cap-

257 4766 432 4828 tivos
476 4764 854 4841 detinend0,
891 4780 966 4827 se
999 4763 1070 4825 in
1105 4760 1536 4825 defectionem
1575 4760 1923 4825 manifeste
1963 4758 2335 4836 constituit3
2382 4764 2449 4822 et
2489 4759 2669 4839 quod
2710 4759 2923 4841 magis

255 4862 538 4928 moleste
593 4862 890 4940 tulimuS‚
935 4859 1120 4924 falsis
1162 4858 1757 4923 machinationibus
1803 4858 2049 4923 famam
2094 4862 2395 4921 nostram
2438 4858 2771 4921 maculare
2814 4874 2921 4919 co-

255 4967 457 5026 natus
493 4966 618 5038 est,
659 4965 888 5025 contra
924 4974 1048 5022 nos
1077 4956 1339 5039 fingens
1379 4958 1560 5038 quod
1595 4975 1744 5021 cum
1781 4957 2007 5021 Turcis
2051 4956 2477 5020 sentiremus.
2524 4956 2685 5019 Cum
2724 4955 2926 5037 igitur

255 5076 380 5141 per
406 5060 804 5125 sententiam
833 5074 1088 5122 camere
1107 5056 1462 5136 apostolice
1483 5057 1676 5138 juxta
1695 5057 1929 5121 merita
1951 5070 2347 5119 excessuum
2371 5070 2646 5116 suorum
2668 5070 2921 5117 excom-

255 5160 631 5224 municatus
671 5158 868 5221 fuerit
907 5174 984 5221 ac
1029 5153 1393 5236 prefecture
1436 5154 1756 5236 dignitate
1800 5155 2017 5219 feudis
2066 5158 2130 5217 et
2178 5152 2325 5216 aliis
2375 5152 2570 5216 bonis
2621 5152 2923 5232 privatus

257 5256 569 5338 extiterit,
606 5256 770 5321 nolit
813 5255 1125 5336 Majestas
1166 5269 1309 5328 sua,-
1350 5269 1500 5316 cum
1535 5254 1638 5317 hic
1679 5254 1762 5317 de
1807 5255 2055 5317 honore
2104 5256 2331 5315 nostro
2387 5255 2649 5333 agatur,
2703 5249 2921 5313 eidem
