3625 6059
190 513 703 575 ‚toutobre1498l
959 510 1211 568 RERUM
1266 510 1715 568 URBANARUM
1762 510 2293 570 COMMENTARII.
2840 518 2948 572 495

194 666 701 758 naturalem,
736 664 1343 764 protonotarium,
1380 662 1852 740 secretarium
1888 670 1962 740 et
2004 663 2432 760 scriptorem
2461 664 2946 763 apostolicum

218 792 578 890 Perugie
627 797 1233 880 commorantem,
1280 790 1528 863 nescio
1569 814 1659 863 ex
1700 813 1846 886 qua
1885 813 2105 864 causa
2145 790 2257 863 vel
2302 790 2613 887 qualiter
2647 815 2948 890 proces-

215 921 537 1004 satum,
572 915 691 1012 qui
742 922 1251 1014 procuratores
1299 915 1375 987 in
1414 937 1719 988 romana
1765 914 1970 988 curia
2008 913 2400 988 existentes
2440 916 2822 994 constituit
2855 919 2946 994 ad

224 1039 785 1137 resignandum
829 1063 1038 1138 pure,
1071 1039 1297 1114 libere
1341 1045 1411 1112 et
1459 1039 1884 1137 simpliciter
1928 1039 2470 1114 secretariatum
2513 1047 2592 1113 ut
2643 1042 2948 1142 scripto-

228 1163 455 1236 riam
484 1165 559 1237 in
588 1164 1081 1240 manibus-SS.
1121 1169 1211 1240 D.
1244 1169 1330 1238 N.
1362 1188 1547 1263 pape
1576 1188 1593 1253 ;
1629 1165 1753 1262 qui
1781 1171 2290 1262 procuratores
2319 1188 2445 1239 seu
2481 1167 2662 1239 alter
2693 1192 2942 1243 eorum

227 1289 519 1364 officia
546 1289 968 1388 hujusmodi
995 1295 1253 1386 postea
1280 1289 1371 1363 de
1403 1313 1655 1365 mense
1695 1289 2106 1364 novembris
2137 1289 2306 1364 dicti
2343 1291 2513 1363 anni
2547 1291 2620 1364 in
2659 1283 2980 1388 predic?

232 1415 337 1488 tis
390 1415 739 1490 manibus
772 1415 1237 1513 resignarunt
1268 1439 1396 1491 seu
1427 1414 1852 1512 resignavit,
1891 1422 1963 1488 et
1998 1414 2360 1512 provisum
2391 1414 2526 1488 fuit
2570 1414 2659 1489 de
2704 1440 2946 1491 secre-

226 1541 449 1617 tario
498 1544 581 1615 D.
621 1541 899 1616 Danieli
926 1543 1013 1616 de
1058 1547 1131 1616 S.
1167 1542 1624 1631 Sebastiano,
1661 1541 1991 1639 scriptori
2024 1540 2452 1638 apostolice,
2490 1543 2682 1617 etde
2717 1543 2944 1641 scrip-

230 1666 455 1740 toria
491 1666 914 1764 hujusmodi
958 1673 1046 1742 D.
1084 1672 1299 1743 Petro
1343 1668 1433 1742 de
1465 1666 1677 1756 Solis,
1714 1665 2158 1740 cubiculario
2198 1673 2270 1740 et
2307 1665 2821 1742 archidiacono
2854 1667 2944 1743 de

232 1790 509 1882 Bavia,
544 1791 617 1865 in
650 1792 961 1866 ecclesia
985 1795 1321 1869 Ovetensi
1354 1799 1480 1892 (1).

216 1983 234 1988 -
344 1917 582 1990 Feria
629 1917 865 2008 tertia,
918 1924 1003 1991 18
1053 1919 1224 1992 dicti
1273 1919 1547 1993 mensis
1592 1914 2050 2016 septembriS,
2099 1920 2184 1990 R.
2237 1921 2315 1990 P.
2371 1920 2458 1990 D.
2510 1919 2943 1994 Comadolus

234 2045 569 2138 Stanga,
612 2050 1001 2140 preceptor
1049 2045 1311 2119 domus
1362 2069 1420 2118 S.
1469 2043 1762 2119 Antonii
1813 2041 2351 2118 Cremoniensis
2395 2042 2702 2118 diecesis
2753 2046 2944 2118 sedis

238 2167 697 2263 apostolice,
730 2191 895 2243 cum
927 2170 1466 2268 dispensatione
1492 2168 2132 2268 protonotariatuS,
2169 2166 2458 2242 intravit
2491 2169 2758 2244 Urbem
2789 2194 2946 2247 ora-

232 2299 375 2365 tor·
440 2292 915 2368 illustrissimi
976 2295 1313 2370 Ludovici
1379 2297 1677 2386 St'ortie,
1730 2292 2119 2369 Mediolani
2167 2292 2412 2382 ducis,
2471 2301 2810 2392 receptus
2869 2303 2944 2370 et

242 2418 671 2492 associatus
701 2442 746 2492 a
782 2419 1072 2493 familiis
1113 2427 1187 2494 et
1223 2419 1518 2517 prelatis
1562 2422 1689 2494 SS.
1728 2423 1813 2492 D.
1853 2421 1938 2492 N.
1975 2440 2158 2516 pape
2201 2422 2272 2491 et
2310 2420 2748 2493 RRmorum.
2783 2400 2934 2493 Di).

250 2543 771 2630 cardinalium,
820 2551 1035 2641 prout
1079 2552 1402 2620 oratores
1450 2569 1583 2643 pro
1634 2543 2052 2620 obedientia
2101 2546 2228 2616 SS.
2267 2544 2354 2616 D.
2391 2545 2476 2616 N.
2513 2567 2697 2698 pape
2731 2569 2940 2642 pres-

246 2668 489 2742 tanda
509 2667 885 2743 venientes
912 2669 1139 2767 recipi
1166 2677 1237 2744 et
1264 2671 1608 2746 associari
1640 2678 2356 2786 consueverunt..
2833 2715 2840 2722 ·

352 2793 639 2868 Eadem
685 2794 829 2884 die,
858 2799 1131 2874 Rmus.
1182 2796 1256 2874 in
1302 2796 1587 2872 Christo
1640 2799 1719 2869 P.
1770 2803 1844 2871 et
1888 2800 2008 2882 D.‚
2063 2798 2148 2868 D.
2202 2794 2570 2870 Johannes
2618 2719 2941 2890 Baptista

252 2939 313 2990 s.
362 2918 701 2992 Nicolai
682 2944 757 2992 in
786 2942 1080 2996 carcere
1123 2921 1449 2996 Tulliano
1489 2921 1840 2995 diaconus
1888 2918 2272 2994 cardinalis
2316 2918 2406 2992 de
2449 2917 2752 2992 Sabellis
2782 2916 2936 2988 vul·-

255 3045 535 3138 gariter
566 3053 1049 3144 nuncupatuS,
1078 3047 1152 3121 in
1178 3055 1419 3122 castro
1453 3069 1583 3121 suo
1614 3045 1962 3120 Candult'o
1993 3045 2187 3119 diem
2217 3041 2476 3118 clausit
2499 3052 2930 3117 extremum.

260 3171 634 3244 Portatum
676 3171 807 3245 fuit
846 3195 1108 3270 corpus
1152 3173 1302 3248 sive
1340 3173 1648 3248 cadaver
1686 3195 1897 3244 suum
1937 3174 2268 3258 Romam,
2303 3168 2374 3244 in
2421 3174 2635 3243 nocte
2673 3167 2936 3242 imme-

260 3293 455 3370 diate
490 3297 847 3392 sequenti,
884 3296 957 3370 in
988 3298 1333 3395 palatium
1374 3297 1840 3372 habitationis
1881 3303 1954 3371 et
1991 3294 2383 3370 residentie
2423 3317 2580 3384 sue,
2615 3291 2931 3391 positum

262 3417 641 3495 ibidemin
674 3421 837 3496 aula
862 3445 1029 3496 cum
1057 3423 1465 3514 intorticiis,
1500 3446 1703 3496 more
1736 3422 1977 3495 solito.
2935 3423 2950 3431 ’

360 3547 497 3623 Die
527 3548 893 3639 mercurii,
937 3553 1024 3623 19
1066 3547 1237 3622 dicti
1276 3546 1547 3624 mensis
1590 3546 2006 3622 immediate
2051 3533 2935 3643 sequenti„con'venerunt

272 3671 669 3747 cardinales
702 3675 777 3748 in
822 3675 1079 3750 eodem
1123 3674 1390 3774 palatio
1431 3697 1598 3747 cum
1642 3672 1938 3771 prelatis
1983 3677 2055 3746 et
2094 3669 2250 3745 aliis
2292 3670 2383 3744 ad
2425 3667 2935 3744 honorandum

274 3795 521 3889 tunus;
576 3803 649 3872 et
696 3799 955 3874 fratres
1012 3823 1143 3898 per
1197 3805 1589 3873 conventus
1639 3798 1977 3871 dixerunt
2033 3819 2366 3895 vesperas
2419 3801 2494 3867 et
2546 3793 2934 3868 matutinas

277 3915 771 3996 defunctorum
822 3947 837 3996 :
886 3921 1147 4020 quibus
1192 3923 1523 4020 expletiS,
1568 3927 1936 4020 portatum
1979 3919 2114 3994 fuit
2153 3919 2369 3993 funus
2415 3918 2507 3992 ad
2550 3916 2933 3992 ecclesiam

280 4040 477 4120 beate
515 4047 742 4122 Marie
784 4047 874 4120 de
906 4048 1192 4124 Araceli
1226 4053 1625 4124 conventus
1656 4047 1960 4121 fratrum
1997 4071 2057 4118 s,
2094 4042 2458 4118 Francisci
2491 4043 2582 4117 de
2613 4041 2935 4116 Zoccolis

284 4171 764 4266 sepeliendum
784 4199 811 4260 ;·
835 4173 1235 4268 cardinales
1264 4197 1433 4250 vero
1466 4172 1839 4248 redierunt
1865 4171 1955 4246 ad
1985 4172 2242 4245 domos
2274 4192 2467 4242 suas.
2497 4167 2651 4243 Alia
2680 4166 2933 4241 obser-

290 4299 433 4369 vata
453 4306 623 4370 sunt
652 4321 857 4374 more
888 4299 1130 4393 solito,
1168 4299 1368 4375 socio
1396 4324 1560 4374 meo
1592 4299 1984 4376 referente.

374 4421 573 4498 Feria
628 4426 981 4519 secunda,
1040 4433 1067 4500 1
1126 4428 1401 4503 mensis
1473 4426 1833 4518 octobris,
1886 4426 1960 4501 in
2011 4448 2263 4515 mane,
2317 4427 2731 4500 secreteet
2778 4420 2934 4494 sine

292 4559 529 4646 pompa
564 4551 865 4626 recessit
904 4577 995 4626 ex
1041 4549 1231 4628 Urbe
1270 4557 1519 4628 limus.
1556 4552 1629 4627 in
1673 4553 1958 4628 Christo
1993 4556 2072 4625 P.
2105 4556 2178 4625 et
2219 4552 2338 4636 D.‚
2372 4553 2459 4622 D.
2495 4551 2740 4634 Cesar,
2773 4569 2935 4618 car-

295 4665 517 4748 dinalis
546 4676 1000 4768 Valentinus,
1038 4679 1271 4753 iturus
1297 4703 1432 4776 per
1458 4703 1659 4754 mare
1692 4680 1765 4754 in
1793 4677 2203 4766 Franciam,
2239 4681 2310 4750 et
2339 4696 2504 4748 cum
2536 4695 2624 4748 eo
2661 4669 2936 4768 magni-

356 4935 399 4991 1.
540 4939 655 4996 ,da
694 4936 936 4997 Roma...
972 4957 1125 4996 come
1163 4939 1211 4997 el
1252 4938 1585 4998 vescovo·di
1625 4940 1896 5012 Calagora
1935 4955 2027 4994 era
2055 4943 2143 4993 sta
2170 4934 2448 5010 publicato
2479 4929 2516 4988 il
2549 4949 2652 4989 suo
2677 4943 2942 5006 processo

301 5023 345 5073 et
364 4961 533 5082 leem..
519 5044 577 5082 m
614 5026 964 5100 consistorio,
994 5036 1051 5088 et
1090 5033 1397 5088 condanato
1434 5031 1627 5088 chome
1655 5028 1898 5087 ereticho
1935 5028 2010 5084 ad
2041 5032 2344 5098 pevpetuas
2373 5039 2640 5082 carceres
2676 5017 2876 5078 Tamen
2903 5016 2944 5074 il

307 5124 387 5166 suo
410 5114 505 5172 mal
531 5117 584 5174 t’u
614 5133 712 5192 per
738 5116 801 5174 la
820 5117 1053 5178 richezia
1081 5122 1183 5178 che
1213 5121 1376 5178 havia
1410 5120 1467 5178 di
1507 5120 1695 5177 danari
1731 5116 2000 5186 contanti,
2033 5121 2089 5174 et
2115 5116 2284 5191 perho
2323 5113 2377 5171 fo
2420 5112 2652 5188 private,
2683 5115 2740 5167 et
2767 5107 2805 5165 il
2837 5125 2940 5168 suo

304 5211 579 5278 θΡῑδοοραιο
600 5207 729 5266 dato
754 5206 864 5266 via.
901 5211 1193 5279 ›Sanuto,
1226 5217 1264 5268 t.
1300 5211 1346 5281 1,
1374 5210 1481 5294 col.
1516 5211 1676 5270 1014.
