3625 6059
653 533 690 584 (1
701 530 758 585 12
1773 527 1817 581 Α
1826 526 2199 583 PPENDICE.

653 684 742 745 lle
772 685 836 742 et
864 679 930 742 di
960 680 1088 742 Sua
1118 677 1509 743 Excellentia
1531 678 1716 740 farne
1746 681 1965 757 tempo
2000 678 2065 740 di
2087 694 2221 740 uno
2246 694 2432 741 mese
2454 678 2521 741 al
2542 679 2679 759 sigr
2702 677 2991 759 Virgnio.
3019 679 3101 741 Et
3122 695 3331 741 sanza

649 778 788 841 fare
821 778 986 840 altra
1022 776 1424 857 obligatione
1467 778 1610 839 Don
1655 776 1763 839 Fe.
1801 776 1866 837 la
1915 772 2203 840 sanctita
2242 778 2375 839 Sua
2414 775 2487 838 fu
2526 777 2859 853 contenta,
2912 779 2980 838 et
3024 775 3339 839 confesso

651 876 888 940 havere
923 876 1214 939 ricevuto
1253 894 1419 937 xxxv
1449 873 1604 937 mila
1649 873 1881 936 Ducati
1911 873 2019 935 dal
2062 875 2200 956 Sigr
2230 874 2515 954 Virginio
2562 872 3018 952 quietandone
3052 874 3119 936 la
3180 874 3347 955 Sigia

657 977 786 1037 Sua
825 978 948 1037 etc.
993 976 1088 1037 Da
1127 974 1234 1051 poi
1272 974 1337 1036 13
1375 971 1662 1035 sanctita
1705 975 1834 1036 Sua
1879 972 2214 1054 consegnb
2253 974 2321 1035 in
2360 988 2559 1035 mano
2604 989 2643 1034 a
2692 971 2865 1033 decti
2911 973 3341 1050 procuratori

656 1071 927 1153 (1018131Γ
964 1072 1254 1153 Virginio
1294 1073 1482 1152 Illjtro
1520 1071 1708 1133 Bolle
1745 1071 2104 1149 piombate,
2135 1070 2306 1133 della
2346 1070 2785 1135 concessione
2826 1074 2891 1132 et
2932 1069 3344 1133 liberatione

657 1170 722 1233 di
745 1176 978 1251 queste
1025 1172 1221 1233 Terre
1270 1169 1336 1232 di
1391 1172 1546 1252 ogni
1577 1169 1835 1233 caricho
1868 1174 1932 1231 et
1986 1167 2427 1249 dependentia
2457 1167 2817 1231 havessino
2850 1167 3027 1231 dalla
3060 1185 3343 1232 camera

655 1269 1037 1348 apostolica.

739 1392 770 1423 «
816 1370 1062 1445 Questo
1107 1364 1144 1429 e
1181 1368 1250 1430 in
1295 1369 1624 1430 sustantia
1665 1367 1952 1432 l'acordo
1992 1367 2251 1447 seguito
2284 1370 2384 1429 tra
2425 1367 2472 1430 il
2512 1367 2685 1446 Papa
2726 1371 2789 1429 et
2824 1366 2963 1447 sigr
3008 1366 3341 1447 virginio.

655 1470 797 1543 Quo
845 1465 1039 1541 fact0,
1089 1466 1137 1527 11
1185 1467 1359 1544 Papa
1412 1482 1486 1528 se
1533 1466 1766 1529 venire>
1806 1467 1950 1529 Don
1998 1465 2213 1529 Geffre
2260 1482 2383 1528 suo
2434 1464 2732 1546 figliuolo
2782 1467 2981 1545 quale
3026 1464 3067 1528 0
3108 1466 3183 1529 di
3226 1464 3343 1529 eta

657 1563 878 1626 d’anni
925 1582 1012 1625 x11
1049 1564 1115 1625 in
1167 1582 1302 1637 xm,
1349 1568 1729 1627 veramente
1772 1563 1839 1625 di
1884 1580 2018 1625 uno
2059 1563 2234 1626 bello
2282 1568 2347 1625 et.
2383 1568 2575 1644 grato
2629 1569 2898 1643 aspecto
2944 1584 2959 1625 :
3000 1567 3073 1627 et
3118 1564 3347 1643 prima

656 1661 808 1724 facti
834 1662 1242 1724 riconoscere
1283 1662 1441 1724 tucti
1470 1662 1492 1725 i
1525 1662 1821 1725 mandati
1858 1662 1945 1723 ha
1974 1663 2116 1724 Don
2164 1664 2270 1724 Fe.
2312 1662 2421 1723 dal
2452 1664 2565 1736 lle,
2600 1664 2781 1724 Duca
2826 1662 2893 1725 dl
2932 1662 3241 1726 Calabria
3274 1666 3349 1722 et

658 1760 951 1839 Principe
982 1760 1046 1822 dl
1077 1761 1322 1839 Capua,
1363 1758 1434 1822 fu
1474 1760 1642 1823 lecto
1681 1758 1728 1821 il
1768 1764 2106 1822 contracto
2147 1760 2217 1837 di,
2248 1760 2694 1835 matrimon10,
2734 1760 2846 1823 nel
2884 1760 3087 1840 quale
3116 1760 3345 1837 prima

657 1857 716 1920 si
741 1874 1019 1922 narrava
1049 1874 1234 1921 come
1273 1875 1311 1920 a
1353 1862 1578 1920 stanza
1607 1863 1672 1920 et
1702 1857 2134 1937 requisitione
2166 1858 2271 1920 dei
2304 1859 2715 1921 serenissimi
2750 1860 2840 1921 110
2876 1863 2943 1921 01
2980 1858 3241 1938 Regina
3272 1857 3347 1918 di

661 1956 946 2035 spagna,
975 1960 1040 2017 et
1068 1972 1188 2033 pro
1228 1955 1406 2019 bono
1435 1956 1640 2035 pacis,
1680 1956 1723 2017 il
1755 1957 1929 2035 Papa
1960 1954 2189 2019 veniva
2230 1955 2301 2018 in
2338 1954 2589 2019 affinita
2630 1955 2730 2019 col
2762 1956 3211 2019 serenissimo
3246 1958 3345 2019 Re

659 2052 1094 2130 Ferdinando,
1132 2054 1293 2116 etin
1324 2054 1464 2118 vice
1500 2060 1566 2117 et
1601 2070 1800 2117 nome
1838 2055 1902 2118 di
1930 2055 2073 2117 loro
2113 2055 2360 2117 Maesta
2388 2060 2457 2117 et
2493 2054 2914 2118 Excellentie.
2951 2058 3099 2119 Don
3130 2053 3343 2117 Pede-

660 2149 791 2213 rioo
821 2156 1225 2229 prometteva
1252 2152 1408 2215 dare
1433 2170 1553 2231 per
1582 2155 1813 2216 Donna
1842 2152 1971 2215 allo
2001 2153 2185 2215 lllmo
2215 2155 2359 2216 Don
2384 2150 2597 2215 Geffre
2621 2151 2897 2234 figluolo
2932 2152 3001 2215 di
3030 2155 3099 2215 S.
3136 2155 3345 2217 Sanc-

659 2244 800 2325 tita,
831 2249 1165 2313 madonna
1197 2253 1449 2314 Xances
1479 2251 1770 2333 figliuola
1804 2251 1913 2314 del
1942 2253 2119 2315 Duca
2150 2250 2217 2313 di
2247 2250 2575 2329 Calabria,
2610 2256 2675 2315 et
2706 2269 2821 2331 per
2852 2252 3007 2315 dota
3042 2254 3111 2316 di
3142 2254 3341 2315 decta

663 2349 868 2412 Mad¹¹¹²
913 2352 1192 2427 XanceS,
1246 2350 1404 2413 dare
1450 2350 1514 2412 al
1561 2348 1814 2429 prefato
1861 2352 2003 2412 Don
2052 2348 2264 2413 Geffre
2305 2350 2354 2412 11
2380 2350 2747 2431 principato
2796 2351 2861 2413 di
2909 2350 3229 2429 Squillaci
3272 2356 3345 2414 et

664 2448 985 2511 Comitato
1015 2448 1082 2510 di
1111 2449 1344 2512 Cariati
1374 2449 1492 2511 0110
1524 2466 1684 2511 3030
1710 2447 1885 2511 30113
1916 2448 2245 2527 provincia
2275 2448 2341 2509 di
2370 2448 2693 2522 Calabria,
2725 2450 2794 2511 in
2826 2454 3155 2528 perpetuo
3184 2466 3227 2513 a
3258 2467 3335 2511 se

663 2550 728 2609 et
757 2546 904 2609 suoi
935 2547 1320 2621 successori,
1353 2563 1476 2609 con
1507 2550 1673 2609 tutte
1705 2548 1770 2609 le
1801 2548 2020 2623 Terre,
2048 2546 2328 2610 fortezze
2354 2552 2419 2609 et
2442 2548 2837 2626 pertinentia
2870 2548 3015 2611 loro
3044 2564 3123 2611 :e
3144 2548 3331 2628 quali

667 2644 829 2706 Stati
857 2646 1122 2723 quando
1150 2644 1216 2707 di
1247 2649 1501 2708 entrata
1531 2661 1651 2724 per
1677 2644 1987 2709 ciascuno
2016 2660 2193 2709 anno
2225 2662 2361 2709 non
2387 2646 2859 2709 ascendessino
2888 2646 3020 2709 alla
3062 2663 3333 2709 somma

665 2742 733 2805 di
762 2743 993 2805 Ducati
1036 2743 1200 2806 dieci
1237 2744 1416 2820 mila,
1456 2743 1520 2805 la
1561 2741 1808 2807 Maesta
1848 2744 2049 2823 Regia
2088 2744 2156 2805 in
2195 2744 2287 2807 tal
2324 2760 2478 2807 caso
2516 2744 2681 2807 fussi
2721 2744 3009 2827 obligata
3050 2746 3341 2809 lasoiare

664 2841 942 2923 pigliare
981 2842 1040 2905 le
1077 2841 1244 2905 colte
1276 2840 1341 2904 di
1371 2842 1536 2904 tanti
1567 2840 1879 2905 focholari
1910 2842 2029 2903 che
2060 2839 2126 2905 fa
2156 2842 2328 2905 cessi
2370 2841 2437 2904 la
2472 2842 2661 2906 decta
2698 2860 2975 2907 somma.
3026 2846 3337 2907 Promec·

665 2944 815 3004 teva
860 2942 1146 3005 anchora
1180 2941 1244 3003 la
1285 2936 1531 3003 Maesta
1571 2940 1770 3019 Regia
1805 2939 2134 3002 condurre
2170 2958 2211 3003 a
2249 2957 2531 3004 comune
2568 2958 2695 3005 con
2734 2944 2799 3003 S.
2844 2940 3135 3005 sanctita
3188 2944 3339 3005 003

662 3037 877 3103 Geffre
911 3039 1248 3119 predecto,
1280 3042 1345 3102 et
1373 3038 1538 3101 darii
1567 3038 1754 3101 301ᾱο
1785 3055 1905 3117 per
1936 3054 1973 3095 x
2000 3038 2159 3101 mila
2189 3040 2420 3103 Ducati
2448 3040 2513 3103 lo
2541 3056 2740 3117 3330,
2772 3044 2841 3103 01
2876 3040 2924 3103 11
2958 3040 3337 3104 medesimo

660 3142 1076 3215 promecteva
1119 3137 1286 3200 darli
1326 3136 1389 3199 13
1431 3132 1714 3200 Sanctita
1757 3138 1913 3199 Sua.
1959 3137 2035 3199 Et
2084 3136 2221 3199 cosi
2263 3138 2409 3201 Don
2448 3137 2641 3201 Jeffre
2682 3139 2913 3202 veniva
2952 3138 3044 3203 ad
3084 3140 3337 3203 havere

660 3235 847 3298 soldo
879 3252 995 3313 per
1029 3255 1112 3299 xx
1152 3234 1308 3298 mila
1337 3236 1566 3299 Ducati
1594 3235 1659 3297 lo
1690 3250 1889 3297 anno.
1930 3236 2135 3299 Narra
2174 3236 2375 3299 etiam
2409 3245 2646 3316 questo
2681 3242 3012 3301 contracto
3046 3237 3169 3300 che
3198 3237 3337 3299 tale

656 3335 1076 3397 matrimonio
1113 3335 1239 3398 3113
1272 3341 1524 3399 3001010
1555 3335 1701 3399 3130
1734 3353 1774 3399 3
1803 3335 2031 3399 Ν31310
2069 3335 2369 3414 proximo
2398 3334 2645 3413 futui-0,
2680 3342 2745 3399 et
2776 3354 2814 3399 a
2843 3336 3069 3416 quello
3100 3340 3337 3414 tempo

655 3430 703 3492 il
735 3432 910 3509 Papa
955 3433 1050 3495 sia
1091 3438 1320 3497 103310
1353 3434 1671 3499 mandare
1715 3436 1861 3498 Don
1900 3432 2113 3497 Geffre
2150 3450 2190 3496 a
2232 3434 2465 3513 Napoli
2506 3453 2544 3497 a
2588 3449 2979 3497 consumare
3008 3433 3059 3496 il
3095 3434 3335 3498 matri·

659 3530 882 3592 monio
913 3546 1037 3594 con
1065 3530 1396 3595 Madonna
1422 3534 1703 3608 Xances,
1735 3535 1800 3595 et
1829 3531 1892 3593 la
1924 3527 2169 3594 Maesta
2200 3532 2405 3613 Regia
2436 3531 2665 3595 alhora
2696 3530 2735 3593 0
2774 3530 3067 3610 obligata
3096 3530 3329 3593 inves-

655 3627 776 3689 tire
825 3628 1120 3709 Principe
1169 3633 1236 3691 et
1283 3630 1486 3693 Conte
1513 3629 1618 3692 .ἀο
1667 3630 2113 3709 prenominati
2158 3629 2327 3693 Stati-
2370 3630 2419 3705 il
2466 3631 2647 3696 detto
2696 3629 2829 3693 don
2875 3627 3091 3692 Geffre
3140 3629 3329 3693 iuxta

656 3725 908 3789 indulta
937 3732 1003 3789 et
1039 3728 1547 3793 constitutiones
1596 3728 1829 3809 Regni,
1863 3727 2381 3807 consegnandoli
2410 3728 2473 3791 le
2506 3730 2701 3791 Terre
2741 3727 3023 3791 fortezze
3058 3732 3127 3791 et
3168 3728 3333 3809 ogni

653 3824 778 3887 sito
819 3829 887 3888 et
922 3825 1316 3905 pertinentia
1352 3826 1492 3890 loro
1529 3846 1543 3887 :
1581 3831 1645 3889 et
1670 3843 1790 3905 per
1817 3826 2049 3905 Napoli
2080 3832 2147 3888 ct
2174 3844 2293 3905 per
2318 3826 2361 3889 11
2392 3829 2617 3908 Regno
2652 3826 2737 3889 ad
2770 3826 2997 3889 uso-di
3028 3827 3335 3906 Principe

651 3920 792 3987 fare
821 3924 1201 3988 cavalchare
1227 3928 1371 3988 Don
1397 3922 1632 4001 Geffre,
1672 3924 1720 3985 11
1747 3924 1970 4003 quale,
2004 3924 2085 3986 da
2118 3925 2226 4003 poi
2258 3924 2404 3989 sara
2436 3932 2607 3989 stato
2637 3942 2772 3989 uno
2802 3942 2987 3987 mese
3021 3924 3092 3987 in
3122 3924 3255 3988 due
3284 3944 3329 3987 a

651 4023 884 4101 Napoli
921 4039 960 4086 o
999 4023 1110 4085 nel
1155 4038 1276 4086 suo
1325 4026 1529 4100 State,
1569 4023 1634 4085 13
1673 4021 1923 4085 Μ30313
1966 4022 2073 4085 (101
2124 4025 2213 4085 lte
2253 4024 2352 4087 sia
2406 4030 2631 4088 tenuta
2684 4024 2849 4087 darli
2894 4024 3161 4087 licentia
3202 4024 3329 4087 che

650 4120 881 4185 ritorni
924 4137 964 4183 a
1007 4126 1182 4184 stare
1228 4140 1264 4183 a
1317 4124 1520 4185 Roma
1564 4138 1792 4200 presso
1848 4122 1956 4186 del
1993 4124 2187 4200 Papa,
2238 4122 2570 4187 lasciando
2616 4122 2773 4202 pero
2820 4122 2883 4186 la
2932 4124 3169 4187 Donna
3214 4124 3333 4193 nel

652 4222 900 4299 Regno.
934 4220 1260 4283 Promette
1303 4221 1348 4282 il
1376 4222 1552 4300 Papa
1583 4221 1738 4285 dare
1780 4238 1901 4301 per
1944 4222 2313 4286 ornamenti
2342 4238 2383 4285 a
2424 4222 2751 4285 Madonna
2800 4224 3325 4295 XancesDucati

649 4337 688 4379 x
729 4317 908 4379 mila.
961 4318 1156 4381 Molte
1204 4319 1367 4382 altre
1418 4319 1807 4400 obligationi
1859 4323 1925 4381 01
1950 4320 2391 4395 conventioni,
2442 4326 2513 4386 01-
2546 4322 2615 4384 13
2654 4324 2897 4385 eventu
2940 4319 3206 4396 mortis,
3256 4322 3329 4380 et

649 4415 1006 4481 decedente
1049 4420 1191 4480 Don
1223 4418 1436 4480 Geffre
1465 4418 1610 4481 sine
1644 4418 1895 4493 11110113,
1942 4423 2297 4481 conteneva
2339 4422 2579 4497 questo
2620 4422 2987 4493 contract03
3030 4416 3097 4481 le
3140 4416 3325 4497 quali

647 4530 782 4578 non
813 4516 1098 4579 essendo
1127 4516 1502 4580 necessarie
1531 4533 1664 4581 non
1704 4514 1976 4581 narrera
2014 4517 2393 4580 altrimenti.

731 4637 764 4671 «
805 4615 1188 4679 Consentito
1219 4620 1284 4678 et
1319 4616 1632 4693 stipulato
1662 4616 1795 4679 tale
1824 4620 2156 4679 contracto
2190 4633 2309 4693 per
2337 4616 2399 4679 le
2435 4618 2630 4695 parti,
2678 4616 2763 4680 da
2804 4616 2915 4696 poi
2958 4632 3081 4695 per
3114 4616 3322 4680 verba

647 4713 727 4778 de
775 4714 1067 4795 presenti
1115 4717 1262 4779 Don
1303 4712 1516 4778 Geffre
1567 4718 1883 4778 contraxe
1926 4714 2342 4777 matrimonio
2392 4732 2515 4778 003
2562 4714 2891 4779 Madonna
2942 4716 3205 4779 Xances
3251 4714 3323 4775 in

638 4830 927 4892 persona
957 4814 1023 4879 di
1048 4816 1191 4877 Don
1225 4811 1552 4891 Federico‚
1585 4830 1772 4877 come
1801 4830 1924 4875 suo
1954 4817 2399 4892 procuratore,
2432 4813 2499 4876 al
2528 4814 2724 4893 quale
2758 4814 2827 4877 in
2868 4814 3143 4895 signum
3174 4832 3323 4877 ma-

638 4912 929 4977 trimonii
974 4912 1182 4989 decte,
1235 4917 1300 4976 et
1339 4913 1401 4973 S.
1451 4914 1610 4975 Exc²
1653 4912 1965 4976 ricevette
2001 4910 2067 4973 10
2110 4910 2351 4975 330110.
2394 4911 2485 4973 Ne
2525 4918 2763 4991 questo
2804 4914 2949 4973 acto
2993 4926 3115 4989 per
3160 4928 3327 4973 con-

636 5008 910 5076 fessarsi
946 5014 1206 5087 Donna,
1249 5015 1312 5075 et
1359 5028 1546 5075 come
1591 5014 1825 5075 Donna
1868 5010 2155 5075 ricevere
2194 5010 2259 5072 lo
2298 5011 2513 5075 anello
2552 5013 2697 5073 Don
2735 5008 3067 5085 Federico,
3108 5008 3311 5088 passis

641 5125 839 5173 sanza
877 5110 1327 5192 grandissimo,
1370 5108 1502 5173 risa
1543 5114 1606 5173 et
1648 5109 1814 5175 festa
1862 5132 1879 5173 ε
1920 5116 1988 5175 01
2024 5110 2481 5175 ultimamente
2518 5110 2883 5180 conmolta
2921 5108 3143 5175 letitia
3173 5112 3317 5171 Don

639 5205 943 5271 Federico
968 5225 1154 5273 come
1185 5212 1460 5288 parente
1495 5208 1550 5269 si
1579 5208 1923 5273 abbraccio
1952 5210 2052 5273 001
2082 5211 2256 5289 Papa
2290 5214 2356 5275 et
2384 5227 2507 5273 con
2542 5210 2699 5273 tucti
2730 5211 2749 5271 i
2781 5208 3043 5289 parenti
3076 5207 3143 5270 di
3176 5207 3309 5269 Sua
