3625 6059
737 556 842 613 ⁴14
1647 546 1999 608 JOHANNIS
2050 546 2496 647 nunculiam,
2923 549 3231 614 [Decembre
3254 552 3364 617 im]
3479 586 3480 589 a

737 731 870 805 pro
919 710 1114 803 Papa
1165 710 1240 780 et
1285 702 1768 780 cardinalibus
1826 712 1901 782 et
1946 704 2130 798 aliis,
2176 711 2249 779 et
2304 710 2506 779 extra
2550 727 2684 801 pro
2731 702 3040 803 prelatis
3086 728 3361 799 scamna,

739 830 1000 907 eodem
1027 827 1250 903 modo
1279 836 1494 927 prout
1523 828 2016 927 superioribus
2046 828 2253 905 annis
2284 827 2553 904 factum
2583 832 2719 903 est.
3481 916 3482 933 Ν

842 955 1224 1034 Dominica
1252 954 1486 1053 prima
1513 954 1901 1045 adventus,¹
1928 960 1970 1030 3
2003 954 2439 1046 decembris,
2472 959 2557 1029 R.
2594 954 2669 1027 in
2708 953 3005 1031 Christo
3038 958 3118 1030 P.
3152 958 3233 1029 D.
3262 958 3373 1031 Pe-

743 1089 926 1175 trus,
973 1078 1562 1178 archiepiscopus
1609 1080 1955 1179 ReginuS,
2004 1080 2193 1156 alme
2246 1078 2455 1156 Urbis
2508 1081 2985 1177 gubernator,
3034 1080 3373 1157 celebravit

745 1206 1041 1282 missam
1089 1204 1496 1281 solemnem
1541 1205 1616 1281 in
1663 1204 1961 1306 capella{
1982 1205 2260 1304 majore
2306 1206 2741 1305 supradicta,
2778 1210 2983 1306 Papa
3027 1214 3365 1305 presente:
3483 1270 3484 1273 ,

749 1352 1161 1407 sermonem
1205 1330 1380 1406 fecit
1423 1338 1849 1430 procurator
1890 1331 2167 1407 ordinis
2212 1331 2797 1430 predicatorum;
2852 1330 3003 1408 alia
3044 1332 3374 1407 observata
3483 1328 3484 1331 '

749 1462 917 1533 sunt
945 1477 1150 1531 more
1181 1456 1417 1533 solito.

847 1582 1019 1658 Heri
1063 1604 1253 1673 sero,
1303 1584 1554 1655 Rmus.
1599 1585 1686 1656 D.
1733 1578 2113 1655 cardinalis
2162 1580 2252 1654 de
2304 1579 2594 1678 Borgia,
2629 1579 2933 1658 Perusie
2980 1581 3371 1678 Umbrisque
3485 1628 3486 1631 κ

751 1707 1032 1805 legatus
1061 1728 1146 1781 ac
1179 1702 1479 1780 vicarius
1507 1702 1584 1777 in
1613 1702 2103 1802 spiritualibus
2134 1710 2207 1777 et
2241 1706 2759 1803 temporalibus
2784 1707 3172 1806 generalis,
3202 1706 3373 1781 rediit

753 1832 850 1907 ad
889 1831 1160 1908 Urbem
1204 1831 1293 1907 de
1339 1828 1706 1927 legatione
1749 1852 1883 1903 sua
1920 1827 2338 1927 hujusmodi
2382 1853 2427 1905 a
2468 1830 2617 1906 suis
2661 1832 3162 1909 tantummodo
3205 1854 3369 1907 asso-

755 1956 1010 2032 ciatus.

855 2082 1064 2160 Circa
1084 2083 1342 2159 horam
1371 2087 1702 2182 quartam
1731 2081 1966 2157 noctis
1996 2082 2359 2180 sequentis
2384 2082 2553 2176 diei,
2590 2084 2879 2161 veneris
2908 2086 2954 2160 8
2988 2080 3363 2169 decembris,

760 2214 1016 2301 Rome,
1056 2214 1308 2285 Rmus.
1339 2209 1412 2283 in
1441 2207 1724 2284 Christo
1757 2210 1837 2280 P.
1874 2211 1959 2283 D.
1993 2206 2390 2298 Johannes‚
2422 2209 2607 2283 tituli
2640 2234 2702 2285 S.
2738 2209 3091 2309 Stephani
3118 2207 3185 2283 in
3214 2205 3366 2282 Celio

762 2340 1008 2410 monte
1038 2333 1418 2435 presbyter
1451 2332 1839 2410 cardinalis
1882 2331 2265 2432 vulgariter
2301 2341 2784 2433 nuncupatus,
2816 2337 2895 2411 in
2936 2334 3247 2410 domibus
3272 2352 3369 2403 sue
3489 2313 3490 2325 ¹

765 2459 973 2536 solite
1003 2459 1396 2535 residentie
1423 2458 1752 2558 spiritum
1784 2458 2093 2533 reddidit
2120 2459 2468 2534 Creatori.
2497 2462 2563 2533 Is
2595 2458 3005 2535 infirmatus
3032 2465 3135 2533 est
3164 2457 3225 2531 in
3252 2452 3368 2528 Fal·

765 2584 946 2677 lere,
977 2590 1215 2661 castro
1255 2592 1414 2676 suo,
1449 2607 1598 2660 non
1635 2583 1852 2679 longe
1886 2607 1931 2657 a
1966 2582 2291 2659 Viterbio
2346 2584 2655 2659 distante
2702 2586 2799 2681 (1)
2830 2584 3044 2686 jovis,
3093 2588 3171 2657 19
3206 2584 3368 2655 octo-

767 2709 917 2785 bris
972 2708 1300 2808 proxime
1371 2706 1730 2808 preteriti,
1793 2707 1996 2783 febre
2062 2708 2367 2783 tertiana
2432 2708 2736 2807 duplici,
2802 2716 2881 2785 et
2951 2710 3066 2785 die
3118 2700 3365 2789 sabbati,
3490 2708 3492 2727 ‘

771 2840 852 2909 21
907 2834 1236 2934 ejusdem
1282 2832 1582 2924 mensis,
1627 2832 1797 2907 inde
1844 2836 2148 2908 Romam
2192 2841 2521 2933 portatus
2570 2840 2706 2909 est.
2752 2835 3055 2911 Familia
3092 2856 3211 2909 sua
3238 2825 3370 2903 lavit

770 2961 1219 3053 defunctum,
1265 2964 1340 3036 et
1383 2957 1819 3057 quotidianis
1860 2959 2181 3035 vestibus
2224 2958 2491 3036 deinde
2536 2961 2761 3037 sacris
2806 2960 3041 3037 induit
3079 2963 3146 3033 et
3184 2946 3369 3053 posuit
3492 3013 3494 3049 ,

775 3108 942 3162 eum
971 3091 1136 3163 ante
1167 3086 1394 3161 altare
1421 3083 1700 3183 capelle
1725 3082 1984 3157 domus
2011 3106 2165 3176 sue,
2194 3083 2501 3182 pedibus
2530 3084 2753 3161 altare
2782 3084 3033 3175 versiS,
3060 3103 3209 3157 cum
3232 3076 3369 3150 dua·

775 3210 912 3285 bus
955 3210 1278 3287 candelis
1327 3209 1536 3302 albis„
1581 3231 1728 3285 una
1767 3208 1864 3284 ad
1902 3212 2144 3306 caput,
2187 3207 2327 3283 alia
2371 3208 2465 3284 ad
2508 3210 2759 3308 pedes.
2800 3212 2933 3287 Hic
2978 3209 3049 3283 in
3092 3196 3367 3282 extremis

781 3331 1136 3410 ordinavit
1161 3340 1674 3411 testamentum
1707 3332 1915 3432 cujus
1944 3339 2407 3409 executorem
2438 3336 2809 3411 constituit
2842 3341 3120 3411 Rmum.
3148 3333 3225 3405 D.
3248 3344 3369 3397 car-

779 3456 1095 3534 dinalem
1123 3460 1540 3550 Ascanium,
1568 3457 2268 3552 vicecancellarium,
2304 3460 2498 3557 quod
2534 3464 2729 3561 Papa
2762 3460 2997 3538 noluit
3028 3452 3364 3533 admittere·

779 3583 1118 3661 Promisit
1159 3590 1404 3661 tamen
1449 3584 1641 3681 quod
1686 3583 1885 3659 idem
1926 3584 2310 3660 cardinalis
2340 3585 2690 3661 funeralia
2720 3587 3103 3675 ordinaret,
3142 3579 3219 3654 de
3250 3570 3367 3647 aliis

778 3714 1021 3785 autem
1061 3734 1140 3785 se
1181 3733 1328 3785 non
1357 3707 1898 3799 intromitteret,
1941 3708 2071 3785 sed
2110 3710 2303 3784 bona
2337 3734 2473 3810 per
2508 3709 2936 3788 defunctum
2970 3706 3199 3784 relicta
3219 3717 3369 3775 com-

781 3832 978 3909 misit
1007 3838 1095 3909 D.
1119 3832 1432 3908 Johanni
1461 3837 1822 3928 Marades,
1849 3837 2082 3913 electo
2113 3838 2619 3933 Tullensi,·suo
2650 3847 2941 3916 secreto
2970 3823 3361 3914 cubiculario-

831 3988 838 3995 ·
879 3960 959 4032 ln
1001 3980 1218 4034 mane
1254 3958 1612 4056 sequenti,
1661 3960 1907 4037 socius
1949 3984 2159 4038 meus
2196 3969 2269 4039 et
2310 3985 2477 4060 egO,
2524 3965 2617 4038 ad
2653 3964 3063 4040 instantiam
3103 3952 3259 4032 Rmi.
3296 3950 3361 4019 D.

777 4082 1069 4157 Ascanii
1125 4081 1387 4175 vocati,
1461 4083 1788 4161 venimus
1850 4086 1945 4161 ad
2004 4087 2303 4164 domum
2360 4088 2710 4181 defuncti,
2780 4091 2906 4166 ubi
2968 4074 3369 4164 ordinavimus

781 4207 1028 4283 omnia
1078 4216 1486 4308 opportuna
1543 4236 1558 4282 :
1613 4211 1939 4288 sandalia
1982 4236 2149 4289 cum
2202 4214 2480 4313 caligis,
2536 4214 2986 4314 manipulum
3030 4216 3099 4286 et
3138 4200 3363 4280 stolam,

783 4330 1228 4425 tunicellam,
1281 4332 1738 4412 dalmaticam
1779 4342 1853 4414 et
1898 4337 2264 4436 planetam
2312 4340 2403 4414 de
2447 4341 2747 4417 zendalo
2786 4340 3095 4418 violaceo
3126 4352 3238 4432 pro
3269 4322 3365 4396 de·

783 4454 1062 4548 functo,
1111 4480 1251 4556 que
1293 4456 1626 4536 benedici
1670 4462 1979 4538 fecimus
2026 4471 2417 4566 antequam
2462 4467 2846 4544 defunctus
2886 4465 3052 4567 ipsis
3092 4452 3366 4534 induere⁴

785 4588 944 4676 tur3
1002 4582 1238 4660 bireta
1277 4583 1486 4684 nigra
1541 4586 1714 4664 data'
1757 4588 2030 4666 familie
2074 4599 2147 4667 et
2204 4591 2343 4667 alia
2398 4603 2776 4670 consueta.
2835 4583 3135 4670 Intimavi
3180 4568 3362 4653 cardi*

783 4708 1067 4784 nalibus
1121 4710 1378 4786 horam
1431 4734 1574 4811 qua
1627 4712 2009 4790 defunctus
2062 4722 2219 4793 erat
2275 4719 2765 4818 sepeliendus
2827 4725 2905 4795 In
2952 4713 3104 4792 aula
3143 4701 3357 4781 lectum

784 4823 1252 4931 longitudinis
1293 4836 1680 4914 duodecim
1719 4839 2131 4938 palmorum
2173 4848 2247 4919 et
2284 4843 2683 4921 latitudinis
2720 4870 2974 4924 novem
3002 4839 3100 4915 vel
3124 4830 3282 4908 circa
3304 4820 3358 4891 el

787 4956 1101 5059 desuper
1129 4982 1517 5038 sacconem
1542 4965 1890 5065 magnum
1919 4990 2084 5043 cum
2114 4962 2374 5068 palliis,
2406 4995 2625 5048 unam
2648 4972 2915 5074 petiam
2940 4962 3147 5064 sargie
3172 4940 3357 5029 viridis

863 5237 917 5301 1.
955 5224 1100 5317 voy'.
1130 5239 1362 5312 Sanuto,
1392 5246 1433 5301 t..
1469 5243 1511 5313 1,
1540 5240 1646 5303 col.
1674 5246 1800 5305 832.
