3625 6059
251 547 579 609 [fflcemhre
605 548 750 609 1498]
921 545 1175 603 RERUM
1223 546 1682 605 URBANARUM
1731 546 2252 607 COMMENTARH.
2823 561 2929 616 423

253 696 708 794 sperandeo,
744 705 988 770 orator
1017 697 1206 795 regis
1241 702 1756 789 Romanorum,
1796 699 2082 773 tertiam
2114 708 2407 775 senator
2438 704 2676 796 Urbis,
2712 730 2926 803 quar-

256 830 398 897 tam
431 822 974 896 illustrissimus
1006 828 1091 896 D.
1130 824 1555 920 BoguslauS‚
1586 824 1730 898 dux
1761 826 2216 920 StetinensiS,
2250 828 2372 924 11111
2402 830 2656 904 habuit
2682 832 2925 907 locum

255 958 323 1023 ut
355 973 582 1048 supra
613 949 1018 1040 decretum,
1061 949 1394 1025 videlicet
1422 957 1586 1047 post
1617 954 1905 1025 Rmum.
1945 955 2029 1025 D.
2076 953 2520 1028 cardinalem
2552 957 2918 1053 Borgiam,

250 1076 322 1147 in
375 1098 687 1150 scamno
743 1076 1216 1151 diaconorum
1270 1076 1768 1151 cardinalium.
1830 1082 2082 1151 Rmus.
2141 1079 2523 1153 cardinalis
2580 1083 2923 1157 Senensis

249 1202 647 1299 publicavit
691 1202 1201 1299 indulgentias,
1251 1202 1456 1276 finita
1501 1202 1748 1294 missa,
1801 1228 1936 1302 per
1979 1208 2247 1302 Papam
2288 1230 2675 1280 concessas
2720 1234 2735 1281 :
2782 1209 2923 1283 alia

250 1327 638 1401 observata
705 1334 866 1400 sunt
929 1322 1134 1401 more
1205 1328 1441 1402 solito.
1515 1328 1888 1403 Publicata
1952 1330 2277 1427 plenaria
2342 1331 2795 1429 indulgentia
2850 1341 2923 1409 et

249 1451 627 1550 evangelio
673 1478 733 1528 s.
781 1452 1132 1527 lohannis
1173 1476 1306 1551 per
1346 1457 1616 1550 Papam
1659 1453 1880 1546 lecto,
1930 1457 2123 1554 Papa
2162 1458 2489 1532 ascendit
2525 1457 2617 1530 ad
2658 1457 2919 1532 solium

249 1576 364 1649 11111
415 1600 594 1651 cum
641 1577 860 1651 mitra
897 1577 1160 1651 sedens
1204 1577 1491 1650 donavit
1532 1600 1784 1654 ensem
1818 1603 2036 1677 quem
2076 1578 2321 1670 hodie,
2367 1589 2752 1680 antequam
2798 1606 2919 1657 ca-

251 1724 536 1777 meram
579 1701 936 1800 papagalli
977 1702 1233 1791 exiret,
1278 1702 1562 1799 publice
1609 1702 1979 1779 benedixit
2020 1706 2153 1780 sub
2195 1707 2429 1781 verbis
2478 1708 2553 1780 in
2597 1732 2922 1783 ceremo-

247 1826 417 1902 niali
449 1828 548 1901 ad
585 1826 728 1902 hoc
769 1826 1117 1902 ordinatis
1156 1826 1644 1903 illustrissimo
1677 1834 1764 1902 D.
1800 1830 1965 1904 duci
2008 1832 2397 1909 stetinensi
2440 1858 2656 1931 supra
2693 1834 2911 1924 dicto,

252 1975 499 2027 coram
542 1977 619 2027 se
659 1953 1075 2051 genuflexO,
1126 1954 1236 2051 cuj
1251 1977 1332 2027 us
1363 1953 1657 2029 nomine
1686 1955 1879 2029 volui
1912 1956 2287 2031 Sanctitati
2322 1982 2449 2032 sue
2481 1963 2643 2056 post
2678 1959 2915 2057 ipsum

255 2078 380 2151 sibi
431 2080 682 2153 datum
733 2102 1013 2171 ensem,
1067 2080 1315 2177 paucis
1363 2080 1602 2154 verbis
1652 2080 1743 2154 ad
1786 2081 1931 2157 hoc
1980 2083 2165 2179 aptis
2212 2106 2345 2180 per
2385 2107 2503 2159 me
2542 2086 2915 2182 conceptis

255 2204 516 2299 gratias
543 2228 804 2301 agere;
854 2204 986 2279 sed
1029 2208 1222 2303 Papa
1265 2228 1600 2281 asserens
1638 2206 1712 2280 id
1756 2208 2189 2282 consuetum
2217 2232 2366 2281 non
2410 2234 2598 2298 esse,
2630 2212 2915 2307 negavit

255 2352 367 2403 me
423 2331 653 2405 audiri
720 2356 736 2406 :
795 2331 1128 2405 existimo
1186 2355 1278 2404 ne
1335 2331 1634 2405 haberet
1695 2356 1782 2405 ex
1841 2339 2171 2430 tempore
2224 2336 2688 2430 respondere.
2754 2340 2913 2412 Dux

259 2478 500 2529 ensem
543 2478 710 2529 cum
753 2454 1032 2551 capello
1084 2454 1334 2530 habito
1378 2456 1825 2554 consignavit
1873 2458 1996 2530 uni
2048 2482 2137 2532 ex
2183 2458 2330 2532 suis
2378 2460 2740 2534 nobilibus
2785 2463 2907 2558 qui

259 2581 486 2676 ipsum
529 2580 874 2655 continuo
912 2589 1078 2656 ante
1121 2580 1382 2656 ducem
1416 2584 1749 2679 portavit,
1803 2590 1877 2657 et
1922 2583 2299 2658 descendit
2344 2583 2501 2681 ipse
2549 2586 2693 2660 dux
2741 2609 2907 2660 cum

263 2728 424 2781 ense
455 2706 544 2780 ad
571 2704 872 2805 planum
901 2706 1178 2804 capelle
1213 2730 1229 2779 ε
1269 2708 1597 2782 ascendit
1627 2715 1873 2784 autem
1904 2708 1995 2781 ad
2027 2708 2287 2784 solium
2319 2714 2512 2807 Pape
2546 2713 2632 2783 D.
2670 2712 2909 2785 Bene-

264 2830 483 2906 dictus
507 2831 598 2907 de
640 2831 874 2922 SeniS,
917 2830 1291 2929 professus
1331 2833 1606 2907 ordinis
1639 2832 1904 2907 montis
1936 2834 2218 2924 oliveti,
2252 2834 2475 2908 frater
2512 2857 2903 2931 germanus

265 2958 444 3032 Petri
473 2957 836 3032 Francisci
867 2958 1192 3054 magistri
1221 2957 1578 3032 Iohannis·
1614 2958 1959 3033 Senensis
1999 2958 2289 3034 factoris
2336 2966 2409 3034 et
2447 2959 2907 3057 negotiorum

266 3084 552 3178 gestaris
599 3086 750 3157 DD.
815 3083 1202 3156 Alexandri
1261 3090 1334 3157 et
1388 3083 1552 3156 Julii
1587 3084 1674 3157 de
1715 3085 2188 3181 SpanocchiS,
2251 3086 2552 3159 fratrum
2614 3083 2906 3182 deposi-

266 3210 590 3284 tariorum
647 3210 774 3282 SS.
833 3210 921 3281 D.
979 3212 1063 3283 N.
1120 3232 1333 3306 pape,
1394 3233 1608 3306 quem
1659 3209 1890 3307 pridie
1947 3211 2307 3285 Sanctitas
2358 3234 2515 3300 sua,
2567 3209 2905 3307 hospitali

267 3354 318 3403 s.
353 3332 650 3431 Spiritus
679 3332 754 3405 in
785 3333 1000 3407 Saxia
1027 3334 1116 3407 de
1149 3335 1367 3426 Urbe,
1402 3357 1534 3432 per
1563 3333 1839 3408 obitum
1881 3335 2245 3432 quondam
2278 3334 2595 3410 Gratiani
2628 3334 2717 3409 de
2748 3337 2903 3412 Vil-

261 3453 520 3549 lanova‚
561 3461 992 3558 preceptore
1021 3460 1325 3547 carenti,
1361 3459 1664 3556 prefecit
1705 3452 1780 3533 in
1811 3468 2349 3558 preceptorem,
2385 3483 2600 3557 quem
2644 3460 2901 3536 eadem

269 3583 596 3657 Sanctitas
653 3582 848 3657 exuit
902 3582 1154 3658 habitu
1205 3584 1376 3657 dicti
1426 3583 1700 3658 ordinis
1751 3586 2017 3661 montis
2071 3576 2363 3677 Oliveti,
2412 3592 2485 3658 et
2541 3586 2898 3682 capellum

133 3706 142 3717 ‘
269 3706 554 3804 nigrum,
587 3714 801 3806 prout
839 3714 912 3783 et
947 3708 1424 3806 protonotarii
1455 3709 1718 3800 solent,
1762 3710 1978 3808 capiti
2020 3734 2151 3785 suo
2182 3710 2527 3807 imposuit
2559 3716 2630 3784 et
2658 3718 2896 3785 vestes

269 3830 419 3907 duas
463 3833 662 3907 albas
703 3838 777 3907 et
817 3833 1194 3930 scapulare
1235 3833 1496 3929 quibus
1536 3839 1728 3931 Papa
1766 3835 2038 3908 dictum
2092 3844 2599 3932 preceptorem
2648 3835 2835 3909 exuit
2876 3863 2889 3908 :

269 3960 646 4057 recepimus
697 3981 835 4056 ego
883 3963 954 4032 et
1003 3959 1245 4033 socius
1285 3982 1490 4034 meus
1543 3984 1658 4034 res
1707 3984 1796 4034 ex
1840 3959 2366 4035 consuetudine
2417 3959 2628 4031 nobis
2676 3959 2897 4034 obve-

269 4084 546 4159 nientes.
598 4083 993 4160 Descendit
1022 4083 1282 4158 deinde
1324 4083 1652 4158 Pontifex
1695 4091 1793 4173 et,
1842 4083 2034 4157 facta
2071 4082 2395 4157 oratione
2436 4087 2603 4156 ante
2638 4081 2890 4173 altare,

266 4219 536 4309 accepto
561 4234 819 4309 regno,
852 4213 1046 4286 venit
1077 4212 1164 4286 ad
1200 4233 1458 4284 navem
1485 4211 1824 4284 veronice
1868 4208 1989 4283 ubi
2017 4207 2189 4282 vidit
2227 4208 2504 4283 ferrum
2539 4206 2792 4280 lancee
2826 4215 2897 4279 61

267 4336 504 4411 vultum
535 4337 828 4412 Domini
877 4362 893 4410 :
939 4337 1200 4434 quibus
1244 4336 1582 4425 ostensiS‚
1629 4333 2035 4409 licenciavit
2072 4332 2477 4408 cardinales
2518 4341 2591 4406 et
2634 4332 2895 4407 ducem

271 4460 380 4532 sub
417 4463 698 4560 porticu
747 4487 808 4536 s.
864 4463 1092 4553 Petri3
1146 4462 1300 4559 ipse
1351 4484 1492 4536 non
1545 4460 1872 4536 ascendit
1918 4461 2009 4535 ad
2056 4460 2422 4559 palatium.
2471 4463 2627 4533 Dux
2671 4460 2891 4534 Steti-

268 4588 511 4678 nensis,
553 4588 955 4663 associatus
991 4588 1081 4661 ab
1121 4586 1526 4662 oratoribus
1575 4593 1649 4659 et
1693 4586 1835 4660 alia
1870 4585 2354 4675 multitudine,
2398 4583 2771 4658 descendit
2804 4583 2895 4657 ad

269 4711 466 4786 scalas
499 4713 792 4789 basilice
826 4712 1307 4811 predict02ubi
1344 4736 1610 4809 equum
1639 4712 1967 4787 ascendit
1996 4717 2069 4787 et
2098 4709 2383 4783 medius
2424 4709 2613 4783 inter
2652 4708 2893 4781 archi-

273 4834 656 4935 episcopum
709 4838 1195 4935 Reginensem
1244 4860 1286 4909 a
1333 4833 1604 4908 dextris
1645 4842 1717 4909 et
1758 4834 2178 4924 Henricum‚
2224 4833 2483 4907 ducem
2531 4831 2891 4906 Brunswi-

275 4978 531 5035 censem
569 4986 612 5035 a
649 4962 983 5054 sinistris,
1039 4970 1402 5035 oratorem
1446 4958 1889 5034 serenissimi
1940 4964 2431 5033 Romanorum
2471 4959 2689 5055 regis,
2725 4980 2893 5055 pre-

271 5082 658 5160 cedentibus
703 5086 1086 5178 scutiferis,
1137 5092 1310 5176 etc.‚
1365 5092 1438 5159 et
1487 5085 1609 5158 illo
1657 5081 1879 5157 nobili
1931 5084 2055 5179 qui
2096 5108 2347 5159 ensem
2396 5106 2563 5158 cum
2610 5081 2890 5179 capello

272 5204 652 5287 immediate
693 5220 862 5287 ante
903 5234 1072 5285 eum
1109 5212 1468 5308 portabat,
1519 5210 1679 5307 ipso
1719 5208 2115 5305 equitante.
2170 5213 2342 5286 Post
2387 5208 2646 5283 ducem
2686 5206 2889 5303 equi-
