<?xml version="1.0" encoding="UTF-8"?>
<!DOCTYPE html PUBLIC "-//W3C//DTD XHTML 1.0 Transitional//EN"
    "http://www.w3.org/TR/xhtml1/DTD/xhtml1-transitional.dtd">
<html xmlns="http://www.w3.org/1999/xhtml" xml:lang="en" lang="en">
 <head>
  <title>
</title>
<meta http-equiv="Content-Type" content="text/html;charset=utf-8" />
  <meta name='ocr-system' content='tesseract 3.04.00' />
  <meta name='ocr-capabilities' content='ocr_page ocr_carea ocr_par ocr_line ocrx_word'/>
</head>
<body>
  <div class='ocr_page' id='page_1' title='image "./johannisburchar00unkngoog_0166.png"; bbox 0 0 3625 6059; ppageno 0'>
   <div class='ocr_carea' id='block_1_1' title="bbox 722 547 3366 622">
    <p class='ocr_par' dir='ltr' id='par_1_1' title="bbox 722 547 3366 622">
     <span class='ocr_line' id='line_1_1' title="bbox 722 547 3366 622; baseline -0.002 -10"><span class='ocrx_word' id='word_1_1' title='bbox 722 557 823 612; x_wconf 83' lang='lat'><strong>154</strong></span> <span class='ocrx_word' id='word_1_2' title='bbox 1630 548 1980 607; x_wconf 83' lang='lat' dir='ltr'><strong>JOHANNIS</strong></span> <span class='ocrx_word' id='word_1_3' title='bbox 2033 547 2477 622; x_wconf 80' lang='lat' dir='ltr'><strong>BURCHARm,</strong></span> <span class='ocrx_word' id='word_1_4' title='bbox 3089 553 3216 614; x_wconf 68' lang='lat' dir='ltr'><strong>[nai</strong></span> <span class='ocrx_word' id='word_1_5' title='bbox 3247 557 3366 620; x_wconf 61' lang='grc' dir='ltr'><strong>ηπ,-</strong></span> 
     </span>
    </p>
   </div>
   <div class='ocr_carea' id='block_1_2' title="bbox 718 704 3376 5325">
    <p class='ocr_par' dir='ltr' id='par_1_2' title="bbox 718 704 3368 1942">
     <span class='ocr_line' id='line_1_2' title="bbox 816 704 3366 808; baseline -0.001 -24"><span class='ocrx_word' id='word_1_6' title='bbox 816 710 1026 786; x_wconf 89' lang='lat' dir='ltr'><strong>Feria</strong></span> <span class='ocrx_word' id='word_1_7' title='bbox 1058 709 1333 808; x_wconf 88' lang='lat' dir='ltr'><strong>quinta,</strong></span> <span class='ocrx_word' id='word_1_8' title='bbox 1370 713 1412 782; x_wconf 91' lang='lat'>8</span> <span class='ocrx_word' id='word_1_9' title='bbox 1444 707 1715 782; x_wconf 77' lang='lat' dir='ltr'><strong>mensis</strong></span> <span class='ocrx_word' id='word_1_10' title='bbox 1764 705 1962 798; x_wconf 91' lang='lat' dir='ltr'><strong>maii,</strong></span> <span class='ocrx_word' id='word_1_11' title='bbox 2017 705 2204 780; x_wconf 82' lang='lat' dir='ltr'><strong>festo</strong></span> <span class='ocrx_word' id='word_1_12' title='bbox 2239 704 2688 782; x_wconf 77' lang='lat' dir='ltr'><strong>ascensionis</strong></span> <span class='ocrx_word' id='word_1_13' title='bbox 2737 705 3112 782; x_wconf 87' lang='lat' dir='ltr'><strong>salvatoris</strong></span> <span class='ocrx_word' id='word_1_14' title='bbox 3161 711 3366 784; x_wconf 82' lang='lat' dir='ltr'><strong>nostri</strong></span> 
     </span>
     <span class='ocr_line' id='line_1_3' title="bbox 721 832 3368 932; baseline -0.002 -19"><span class='ocrx_word' id='word_1_15' title='bbox 721 843 891 913; x_wconf 85' lang='lat' dir='ltr'><strong>Jesu</strong></span> <span class='ocrx_word' id='word_1_16' title='bbox 936 835 1199 910; x_wconf 80' lang='lat' dir='ltr'><strong>Christi</strong></span> <span class='ocrx_word' id='word_1_17' title='bbox 1244 841 1317 908; x_wconf 90' lang='lat' dir='ltr'><strong>et</strong></span> <span class='ocrx_word' id='word_1_18' title='bbox 1354 832 1824 932; x_wconf 80' lang='lat' dir='ltr'><strong>apparitionis</strong></span> <span class='ocrx_word' id='word_1_19' title='bbox 1867 833 2099 907; x_wconf 88' lang='lat' dir='ltr'><strong>sancti</strong></span> <span class='ocrx_word' id='word_1_20' title='bbox 2139 832 2468 906; x_wconf 87' lang='lat' dir='ltr'><strong>Michelis</strong></span> <span class='ocrx_word' id='word_1_21' title='bbox 2515 832 2962 930; x_wconf 81' lang='lat' dir='ltr'><strong>archangeli,</strong></span> <span class='ocrx_word' id='word_1_22' title='bbox 3011 855 3155 929; x_wconf 88' lang='lat' dir='ltr'><strong>qua</strong></span> <span class='ocrx_word' id='word_1_23' title='bbox 3199 856 3368 908; x_wconf 85' lang='lat' dir='ltr'><strong>sere-</strong></span> 
     </span>
     <span class='ocr_line' id='line_1_4' title="bbox 718 957 3364 1068; baseline -0.003 -28"><span class='ocrx_word' id='word_1_24' title='bbox 718 963 1059 1040; x_wconf 87' lang='lat' dir='ltr'><strong>nissimus</strong></span> <span class='ocrx_word' id='word_1_25' title='bbox 1099 985 1227 1036; x_wconf 86' lang='lat' dir='ltr'><strong>rex</strong></span> <span class='ocrx_word' id='word_1_26' title='bbox 1270 960 1683 1058; x_wconf 91' lang='lat' dir='ltr'><strong>Alphonsus</strong></span> <span class='ocrx_word' id='word_1_27' title='bbox 1726 958 2060 1034; x_wconf 89' lang='lat' dir='ltr'><strong>coronari</strong></span> <span class='ocrx_word' id='word_1_28' title='bbox 2106 957 2442 1068; x_wconf 81' lang='lat' dir='ltr'><strong>debebat,</strong></span> <span class='ocrx_word' id='word_1_29' title='bbox 2493 964 2662 1033; x_wconf 89' lang='lat' dir='ltr'><strong>ante</strong></span> <span class='ocrx_word' id='word_1_30' title='bbox 2717 958 2914 1032; x_wconf 88' lang='lat' dir='ltr'><strong>diem</strong></span> <span class='ocrx_word' id='word_1_31' title='bbox 2967 959 3256 1058; x_wconf 81' lang='lat' dir='ltr'><strong>perveni</strong></span> <span class='ocrx_word' id='word_1_32' title='bbox 3287 961 3364 1034; x_wconf 86' lang='lat' dir='ltr'><strong>ad</strong></span> 
     </span>
     <span class='ocr_line' id='line_1_5' title="bbox 722 1084 3368 1184; baseline -0.003 -18"><span class='ocrx_word' id='word_1_33' title='bbox 722 1088 1105 1166; x_wconf 89' lang='lat' dir='ltr'><strong>ecclesiam</strong></span> <span class='ocrx_word' id='word_1_34' title='bbox 1136 1086 1711 1184; x_wconf 82' lang='lat' dir='ltr'><strong>Neapolitanam,</strong></span> <span class='ocrx_word' id='word_1_35' title='bbox 1749 1091 1822 1159; x_wconf 92' lang='lat' dir='ltr'><strong>et</strong></span> <span class='ocrx_word' id='word_1_36' title='bbox 1852 1085 2100 1160; x_wconf 89' lang='lat' dir='ltr'><strong>omnia</strong></span> <span class='ocrx_word' id='word_1_37' title='bbox 2125 1091 2532 1183; x_wconf 87' lang='lat' dir='ltr'><strong>opportuna</strong></span> <span class='ocrx_word' id='word_1_38' title='bbox 2559 1084 2882 1160; x_wconf 82' lang='lat' dir='ltr'><strong>ordinavi</strong></span> <span class='ocrx_word' id='word_1_39' title='bbox 2914 1108 3048 1183; x_wconf 86' lang='lat' dir='ltr'><strong>pro</strong></span> <span class='ocrx_word' id='word_1_40' title='bbox 3079 1107 3368 1158; x_wconf 88' lang='lat' dir='ltr'><strong>corona-</strong></span> 
     </span>
     <span class='ocr_line' id='line_1_6' title="bbox 723 1209 3363 1309; baseline -0.004 -17"><span class='ocrx_word' id='word_1_41' title='bbox 723 1219 920 1292; x_wconf 87' lang='lat' dir='ltr'><strong>tione</strong></span> <span class='ocrx_word' id='word_1_42' title='bbox 950 1212 1390 1289; x_wconf 88' lang='lat' dir='ltr'><strong>necessaria.</strong></span> <span class='ocrx_word' id='word_1_43' title='bbox 1426 1211 1810 1286; x_wconf 87' lang='lat' dir='ltr'><strong>Credentia</strong></span> <span class='ocrx_word' id='word_1_44' title='bbox 1833 1233 1966 1309; x_wconf 91' lang='lat' dir='ltr'><strong>pro</strong></span> <span class='ocrx_word' id='word_1_45' title='bbox 1997 1209 2342 1284; x_wconf 86' lang='lat' dir='ltr'><strong>cardinali</strong></span> <span class='ocrx_word' id='word_1_46' title='bbox 2369 1217 2622 1308; x_wconf 90' lang='lat' dir='ltr'><strong>parata</strong></span> <span class='ocrx_word' id='word_1_47' title='bbox 2649 1211 2778 1284; x_wconf 85' lang='lat' dir='ltr'><strong>fuit</strong></span> <span class='ocrx_word' id='word_1_48' title='bbox 2809 1216 3025 1307; x_wconf 88' lang='lat' dir='ltr'><strong>prout</strong></span> <span class='ocrx_word' id='word_1_49' title='bbox 3055 1210 3363 1308; x_wconf 88' lang='lat' dir='ltr'><strong>superius</strong></span> 
     </span>
     <span class='ocr_line' id='line_1_7' title="bbox 722 1333 3366 1434; baseline -0.003 -19"><span class='ocrx_word' id='word_1_50' title='bbox 722 1342 792 1416; x_wconf 92' lang='lat' dir='ltr'><strong>in</strong></span> <span class='ocrx_word' id='word_1_51' title='bbox 828 1339 1068 1414; x_wconf 90' lang='lat' dir='ltr'><strong>rotulo</strong></span> <span class='ocrx_word' id='word_1_52' title='bbox 1117 1336 1381 1414; x_wconf 89' lang='lat' dir='ltr'><strong>notavi.</strong></span> <span class='ocrx_word' id='word_1_53' title='bbox 1432 1335 1635 1412; x_wconf 88' lang='lat' dir='ltr'><strong>Circa</strong></span> <span class='ocrx_word' id='word_1_54' title='bbox 1681 1336 1992 1434; x_wconf 89' lang='lat' dir='ltr'><strong>primam</strong></span> <span class='ocrx_word' id='word_1_55' title='bbox 2039 1336 2296 1410; x_wconf 90' lang='lat' dir='ltr'><strong>horam</strong></span> <span class='ocrx_word' id='word_1_56' title='bbox 2337 1333 2478 1408; x_wconf 89' lang='lat' dir='ltr'><strong>diei</strong></span> <span class='ocrx_word' id='word_1_57' title='bbox 2514 1334 2709 1410; x_wconf 90' lang='lat' dir='ltr'><strong>venit</strong></span> <span class='ocrx_word' id='word_1_58' title='bbox 2753 1335 3366 1410; x_wconf 84' lang='lat' dir='ltr'><strong>vehementissima</strong></span> 
     </span>
     <span class='ocr_line' id='line_1_8' title="bbox 720 1460 3368 1568; baseline -0.004 -26"><span class='ocrx_word' id='word_1_59' title='bbox 720 1467 959 1568; x_wconf 85' lang='lat' dir='ltr'><strong>pluvia</strong></span> <span class='ocrx_word' id='word_1_60' title='bbox 1009 1488 1177 1540; x_wconf 92' lang='lat' dir='ltr'><strong>cum</strong></span> <span class='ocrx_word' id='word_1_61' title='bbox 1225 1463 1415 1538; x_wconf 90' lang='lat' dir='ltr'><strong>aeris</strong></span> <span class='ocrx_word' id='word_1_62' title='bbox 1458 1470 1531 1540; x_wconf 91' lang='lat' dir='ltr'><strong>et</strong></span> <span class='ocrx_word' id='word_1_63' title='bbox 1582 1462 1934 1561; x_wconf 89' lang='lat' dir='ltr'><strong>temporis</strong></span> <span class='ocrx_word' id='word_1_64' title='bbox 1983 1460 2347 1535; x_wconf 86' lang='lat' dir='ltr'><strong>turbidine</strong></span> <span class='ocrx_word' id='word_1_65' title='bbox 2389 1461 2736 1551; x_wconf 84' lang='lat' dir='ltr'><strong>maxima,</strong></span> <span class='ocrx_word' id='word_1_66' title='bbox 2779 1485 2922 1560; x_wconf 88' lang='lat' dir='ltr'><strong>que</strong></span> <span class='ocrx_word' id='word_1_67' title='bbox 2977 1460 3252 1535; x_wconf 84' lang='lat' dir='ltr'><strong>duravit</strong></span> <span class='ocrx_word' id='word_1_68' title='bbox 3293 1461 3368 1532; x_wconf 87' lang='lat' dir='ltr'><strong>ad</strong></span> 
     </span>
     <span class='ocr_line' id='line_1_9' title="bbox 720 1585 3368 1696; baseline -0.005 -28"><span class='ocrx_word' id='word_1_69' title='bbox 720 1594 938 1668; x_wconf 90' lang='lat' dir='ltr'><strong>horas</strong></span> <span class='ocrx_word' id='word_1_70' title='bbox 969 1600 1115 1666; x_wconf 90' lang='lat' dir='ltr'><strong>tres</strong></span> <span class='ocrx_word' id='word_1_71' title='bbox 1145 1589 1254 1664; x_wconf 83' lang='lat' dir='ltr'><strong>vel</strong></span> <span class='ocrx_word' id='word_1_72' title='bbox 1284 1589 1521 1680; x_wconf 83' lang='lat' dir='ltr'><strong>circa3</strong></span> <span class='ocrx_word' id='word_1_73' title='bbox 1559 1594 1896 1685; x_wconf 89' lang='lat' dir='ltr'><strong>suscepta</strong></span> <span class='ocrx_word' id='word_1_74' title='bbox 1931 1593 2174 1661; x_wconf 91' lang='lat' dir='ltr'><strong>autem</strong></span> <span class='ocrx_word' id='word_1_75' title='bbox 2219 1588 2688 1663; x_wconf 84' lang='lat' dir='ltr'><strong>coronatione</strong></span> <span class='ocrx_word' id='word_1_76' title='bbox 2731 1586 2923 1696; x_wconf 87' lang='lat' dir='ltr'><strong>regis</strong></span> <span class='ocrx_word' id='word_1_77' title='bbox 2955 1585 3282 1678; x_wconf 83' lang='lat' dir='ltr'><strong>cessavit,</strong></span> <span class='ocrx_word' id='word_1_78' title='bbox 3311 1592 3368 1658; x_wconf 87' lang='lat' dir='ltr'><strong>et</strong></span> 
     </span>
     <span class='ocr_line' id='line_1_10' title="bbox 721 1710 3366 1814; baseline -0.004 -22"><span class='ocrx_word' id='word_1_79' title='bbox 721 1719 993 1794; x_wconf 85' lang='lat' dir='ltr'><strong>factum</strong></span> <span class='ocrx_word' id='word_1_80' title='bbox 1050 1724 1161 1791; x_wconf 89' lang='lat' dir='ltr'><strong>est</strong></span> <span class='ocrx_word' id='word_1_81' title='bbox 1219 1723 1503 1814; x_wconf 87' lang='lat' dir='ltr'><strong>tempus</strong></span> <span class='ocrx_word' id='word_1_82' title='bbox 1568 1713 2081 1804; x_wconf 87' lang='lat' dir='ltr'><strong>clarissimum,</strong></span> <span class='ocrx_word' id='word_1_83' title='bbox 2134 1720 2208 1788; x_wconf 89' lang='lat' dir='ltr'><strong>et</strong></span> <span class='ocrx_word' id='word_1_84' title='bbox 2265 1713 2540 1788; x_wconf 84' lang='lat' dir='ltr'><strong>duravit</strong></span> <span class='ocrx_word' id='word_1_85' title='bbox 2595 1737 2727 1811; x_wconf 85' lang='lat' dir='ltr'><strong>per</strong></span> <span class='ocrx_word' id='word_1_86' title='bbox 2779 1719 3008 1788; x_wconf 88' lang='lat' dir='ltr'><strong>totam</strong></span> <span class='ocrx_word' id='word_1_87' title='bbox 3068 1710 3260 1786; x_wconf 88' lang='lat' dir='ltr'><strong>illam</strong></span> <span class='ocrx_word' id='word_1_88' title='bbox 3309 1717 3366 1784; x_wconf 85' lang='lat' dir='ltr'><strong>et</strong></span> 
     </span>
     <span class='ocr_line' id='line_1_11' title="bbox 723 1840 1403 1942; baseline -0.006 -24"><span class='ocrx_word' id='word_1_89' title='bbox 723 1851 1153 1942; x_wconf 84' lang='lat' dir='ltr'><strong>sequentem</strong></span> <span class='ocrx_word' id='word_1_90' title='bbox 1183 1840 1403 1915; x_wconf 90' lang='lat' dir='ltr'><strong>diem.</strong></span> 
     </span>
    </p>

    <p class='ocr_par' dir='ltr' id='par_1_3' title="bbox 726 1961 3372 2818">
     <span class='ocr_line' id='line_1_12' title="bbox 818 1961 3364 2065; baseline -0.004 -21"><span class='ocrx_word' id='word_1_91' title='bbox 818 1967 1071 2044; x_wconf 85' lang='lat' dir='ltr'><strong>Audivi</strong></span> <span class='ocrx_word' id='word_1_92' title='bbox 1098 1973 1352 2065; x_wconf 90' lang='lat' dir='ltr'><strong>postea</strong></span> <span class='ocrx_word' id='word_1_93' title='bbox 1377 1972 1661 2062; x_wconf 88' lang='lat' dir='ltr'><strong>tempus</strong></span> <span class='ocrx_word' id='word_1_94' title='bbox 1693 1963 1928 2038; x_wconf 90' lang='lat' dir='ltr'><strong>simile</strong></span> <span class='ocrx_word' id='word_1_95' title='bbox 1953 1963 2362 2062; x_wconf 90' lang='lat' dir='ltr'><strong>pluviosum</strong></span> <span class='ocrx_word' id='word_1_96' title='bbox 2383 1970 2454 2038; x_wconf 90' lang='lat' dir='ltr'><strong>et</strong></span> <span class='ocrx_word' id='word_1_97' title='bbox 2477 1963 2846 2038; x_wconf 89' lang='lat' dir='ltr'><strong>turbidum</strong></span> <span class='ocrx_word' id='word_1_98' title='bbox 2871 1968 3106 2038; x_wconf 91' lang='lat' dir='ltr'><strong>Rome</strong></span> <span class='ocrx_word' id='word_1_99' title='bbox 3131 1961 3364 2035; x_wconf 88' lang='lat' dir='ltr'><strong>iisdem</strong></span> 
     </span>
     <span class='ocr_line' id='line_1_13' title="bbox 727 2088 3368 2190; baseline -0.003 -22"><span class='ocrx_word' id='word_1_100' title='bbox 727 2093 928 2168; x_wconf 88' lang='lat' dir='ltr'><strong>horis</strong></span> <span class='ocrx_word' id='word_1_101' title='bbox 974 2092 1224 2182; x_wconf 87' lang='lat' dir='ltr'><strong>fuisse,</strong></span> <span class='ocrx_word' id='word_1_102' title='bbox 1270 2089 1397 2164; x_wconf 88' lang='lat' dir='ltr'><strong>sed</strong></span> <span class='ocrx_word' id='word_1_103' title='bbox 1436 2089 1759 2187; x_wconf 90' lang='lat' dir='ltr'><strong>pluribus</strong></span> <span class='ocrx_word' id='word_1_104' title='bbox 1798 2091 2001 2163; x_wconf 89' lang='lat' dir='ltr'><strong>horis</strong></span> <span class='ocrx_word' id='word_1_105' title='bbox 2041 2095 2270 2166; x_wconf 87' lang='lat' dir='ltr'><strong>Rome</strong></span> <span class='ocrx_word' id='word_1_106' title='bbox 2314 2113 2533 2190; x_wconf 89' lang='lat' dir='ltr'><strong>quam</strong></span> <span class='ocrx_word' id='word_1_107' title='bbox 2583 2089 2878 2188; x_wconf 82' lang='lat' dir='ltr'><strong>Neapoli</strong></span> <span class='ocrx_word' id='word_1_108' title='bbox 2927 2088 3368 2186; x_wconf 84' lang='lat' dir='ltr'><strong>perdurasse.</strong></span> 
     </span>
     <span class='ocr_line' id='line_1_14' title="bbox 728 2213 3372 2314; baseline -0.003 -20"><span class='ocrx_word' id='word_1_109' title='bbox 728 2217 1125 2294; x_wconf 88' lang='lat' dir='ltr'><strong>Cardinalis</strong></span> <span class='ocrx_word' id='word_1_110' title='bbox 1155 2217 1436 2314; x_wconf 80' lang='lat' dir='ltr'><strong>legatus</strong></span> <span class='ocrx_word' id='word_1_111' title='bbox 1465 2217 1659 2290; x_wconf 80' lang='lat' dir='ltr'><strong>venit</strong></span> <span class='ocrx_word' id='word_1_112' title='bbox 1690 2215 1782 2289; x_wconf 91' lang='lat' dir='ltr'><strong>ad</strong></span> <span class='ocrx_word' id='word_1_113' title='bbox 1812 2215 2200 2291; x_wconf 90' lang='lat' dir='ltr'><strong>ecclesiam</strong></span> <span class='ocrx_word' id='word_1_114' title='bbox 2231 2216 2424 2290; x_wconf 92' lang='lat' dir='ltr'><strong>circa</strong></span> <span class='ocrx_word' id='word_1_115' title='bbox 2449 2217 2708 2290; x_wconf 88' lang='lat' dir='ltr'><strong>horam</strong></span> <span class='ocrx_word' id='word_1_116' title='bbox 2733 2238 2837 2288; x_wconf 86' lang='lat' dir='ltr'><strong>xu</strong></span> <span class='ocrx_word' id='word_1_117' title='bbox 2867 2213 3372 2290; x_wconf 85' lang='lat' dir='ltr'><strong>associantibus</strong></span> 
     </span>
     <span class='ocr_line' id='line_1_15' title="bbox 728 2339 3369 2443; baseline -0.003 -24"><span class='ocrx_word' id='word_1_118' title='bbox 728 2348 962 2443; x_wconf 88' lang='lat' dir='ltr'><strong>ipsum</strong></span> <span class='ocrx_word' id='word_1_119' title='bbox 1002 2342 1346 2442; x_wconf 83' lang='lat' dir='ltr'><strong>prelatis3</strong></span> <span class='ocrx_word' id='word_1_120' title='bbox 1381 2350 1453 2416; x_wconf 92' lang='lat' dir='ltr'><strong>et</strong></span> <span class='ocrx_word' id='word_1_121' title='bbox 1494 2342 1569 2415; x_wconf 92' lang='lat' dir='ltr'><strong>in</strong></span> <span class='ocrx_word' id='word_1_122' title='bbox 1606 2341 1787 2416; x_wconf 90' lang='lat' dir='ltr'><strong>locis</strong></span> <span class='ocrx_word' id='word_1_123' title='bbox 1828 2342 1976 2416; x_wconf 88' lang='lat' dir='ltr'><strong>suis</strong></span> <span class='ocrx_word' id='word_1_124' title='bbox 2026 2349 2174 2416; x_wconf 90' lang='lat' dir='ltr'><strong>tam</strong></span> <span class='ocrx_word' id='word_1_125' title='bbox 2215 2341 2496 2438; x_wconf 86' lang='lat' dir='ltr'><strong>legatus</strong></span> <span class='ocrx_word' id='word_1_126' title='bbox 2539 2365 2756 2438; x_wconf 91' lang='lat' dir='ltr'><strong>quam</strong></span> <span class='ocrx_word' id='word_1_127' title='bbox 2795 2339 3054 2439; x_wconf 89' lang='lat' dir='ltr'><strong>prelati</strong></span> <span class='ocrx_word' id='word_1_128' title='bbox 3099 2361 3369 2436; x_wconf 88' lang='lat' dir='ltr'><strong>recepe-</strong></span> 
     </span>
     <span class='ocr_line' id='line_1_16' title="bbox 730 2467 3368 2569; baseline -0.004 -24"><span class='ocrx_word' id='word_1_129' title='bbox 730 2478 898 2546; x_wconf 89' lang='lat' dir='ltr'><strong>runt</strong></span> <span class='ocrx_word' id='word_1_130' title='bbox 919 2475 1342 2569; x_wconf 88' lang='lat' dir='ltr'><strong>paramenta</strong></span> <span class='ocrx_word' id='word_1_131' title='bbox 1368 2467 1504 2542; x_wconf 91' lang='lat' dir='ltr'><strong>sibi</strong></span> <span class='ocrx_word' id='word_1_132' title='bbox 1526 2467 2056 2559; x_wconf 87' lang='lat' dir='ltr'><strong>convenientia,</strong></span> <span class='ocrx_word' id='word_1_133' title='bbox 2085 2468 2414 2565; x_wconf 91' lang='lat' dir='ltr'><strong>superius</strong></span> <span class='ocrx_word' id='word_1_134' title='bbox 2436 2467 2510 2540; x_wconf 91' lang='lat' dir='ltr'><strong>in</strong></span> <span class='ocrx_word' id='word_1_135' title='bbox 2533 2467 2988 2542; x_wconf 87' lang='lat' dir='ltr'><strong>ordinatione</strong></span> <span class='ocrx_word' id='word_1_136' title='bbox 3009 2487 3368 2563; x_wconf 84' lang='lat' dir='ltr'><strong>expressa:</strong></span> 
     </span>
     <span class='ocr_line' id='line_1_17' title="bbox 726 2591 3370 2693; baseline -0.003 -24"><span class='ocrx_word' id='word_1_137' title='bbox 726 2595 1009 2693; x_wconf 90' lang='lat' dir='ltr'><strong>legatus</strong></span> <span class='ocrx_word' id='word_1_138' title='bbox 1048 2595 1296 2684; x_wconf 80' lang='lat' dir='ltr'><strong>rubra,</strong></span> <span class='ocrx_word' id='word_1_139' title='bbox 1330 2593 1587 2691; x_wconf 88' lang='lat' dir='ltr'><strong>prelati</strong></span> <span class='ocrx_word' id='word_1_140' title='bbox 1615 2616 1815 2684; x_wconf 90' lang='lat' dir='ltr'><strong>vero,</strong></span> <span class='ocrx_word' id='word_1_141' title='bbox 1851 2593 1969 2667; x_wconf 88' lang='lat' dir='ltr'><strong>alii</strong></span> <span class='ocrx_word' id='word_1_142' title='bbox 1997 2592 2304 2692; x_wconf 88' lang='lat' dir='ltr'><strong>pluviale</strong></span> <span class='ocrx_word' id='word_1_143' title='bbox 2343 2600 2416 2667; x_wconf 90' lang='lat' dir='ltr'><strong>et</strong></span> <span class='ocrx_word' id='word_1_144' title='bbox 2447 2592 2632 2668; x_wconf 90' lang='lat' dir='ltr'><strong>stola</strong></span> <span class='ocrx_word' id='word_1_145' title='bbox 2661 2593 2914 2684; x_wconf 90' lang='lat' dir='ltr'><strong>rubea,</strong></span> <span class='ocrx_word' id='word_1_146' title='bbox 2949 2591 3076 2666; x_wconf 85' lang='lat' dir='ltr'><strong>alii</strong></span> <span class='ocrx_word' id='word_1_147' title='bbox 3109 2591 3284 2679; x_wconf 89' lang='lat' dir='ltr'><strong>alba,</strong></span> <span class='ocrx_word' id='word_1_148' title='bbox 3313 2595 3370 2662; x_wconf 88' lang='lat' dir='ltr'><strong>et</strong></span> 
     </span>
     <span class='ocr_line' id='line_1_18' title="bbox 739 2718 3179 2818; baseline 0 -24"><span class='ocrx_word' id='word_1_149' title='bbox 739 2720 955 2818; x_wconf 89' lang='lat' dir='ltr'><strong>aliqui</strong></span> <span class='ocrx_word' id='word_1_150' title='bbox 987 2718 1602 2816; x_wconf 89' lang='lat' dir='ltr'><strong>superpellicium,</strong></span> <span class='ocrx_word' id='word_1_151' title='bbox 1638 2718 1756 2791; x_wconf 88' lang='lat' dir='ltr'><strong>alii</strong></span> <span class='ocrx_word' id='word_1_152' title='bbox 1790 2741 1957 2793; x_wconf 84' lang='lat' dir='ltr'><strong>vero</strong></span> <span class='ocrx_word' id='word_1_153' title='bbox 1990 2721 2147 2815; x_wconf 88' lang='lat' dir='ltr'><strong>ejus</strong></span> <span class='ocrx_word' id='word_1_154' title='bbox 2177 2718 2367 2811; x_wconf 92' lang='lat' dir='ltr'><strong>loc0,</strong></span> <span class='ocrx_word' id='word_1_155' title='bbox 2405 2718 2641 2793; x_wconf 89' lang='lat' dir='ltr'><strong>albam</strong></span> <span class='ocrx_word' id='word_1_156' title='bbox 2672 2726 2743 2792; x_wconf 89' lang='lat' dir='ltr'><strong>et</strong></span> <span class='ocrx_word' id='word_1_157' title='bbox 2775 2719 3179 2817; x_wconf 86' lang='lat' dir='ltr'><strong>cingulum.</strong></span> 
     </span>
    </p>

    <p class='ocr_par' dir='ltr' id='par_1_4' title="bbox 725 2840 3376 5325">
     <span class='ocr_line' id='line_1_19' title="bbox 826 2840 3366 2941; baseline -0.002 -22"><span class='ocrx_word' id='word_1_158' title='bbox 826 2847 931 2919; x_wconf 85' lang='lat' dir='ltr'><strong>Ex</strong></span> <span class='ocrx_word' id='word_1_159' title='bbox 960 2841 1285 2919; x_wconf 89' lang='lat' dir='ltr'><strong>sacristia</strong></span> <span class='ocrx_word' id='word_1_160' title='bbox 1321 2840 1517 2938; x_wconf 88' lang='lat' dir='ltr'><strong>regis</strong></span> <span class='ocrx_word' id='word_1_161' title='bbox 1550 2847 1926 2940; x_wconf 87' lang='lat' dir='ltr'><strong>apportata</strong></span> <span class='ocrx_word' id='word_1_162' title='bbox 1958 2842 2250 2916; x_wconf 88' lang='lat' dir='ltr'><strong>fuerunt</strong></span> <span class='ocrx_word' id='word_1_163' title='bbox 2288 2870 2304 2916; x_wconf 90' lang='lat'>:</span> <span class='ocrx_word' id='word_1_164' title='bbox 2339 2865 2611 2919; x_wconf 90' lang='lat' dir='ltr'><strong>corona</strong></span> <span class='ocrx_word' id='word_1_165' title='bbox 2651 2844 2846 2941; x_wconf 88' lang='lat' dir='ltr'><strong>regis</strong></span> <span class='ocrx_word' id='word_1_166' title='bbox 2887 2843 2962 2918; x_wconf 90' lang='lat' dir='ltr'><strong>in</strong></span> <span class='ocrx_word' id='word_1_167' title='bbox 2996 2867 3144 2918; x_wconf 88' lang='lat' dir='ltr'><strong>uno</strong></span> <span class='ocrx_word' id='word_1_168' title='bbox 3183 2843 3366 2916; x_wconf 82' lang='lat' dir='ltr'><strong>bacili</strong></span> 
     </span>
     <span class='ocr_line' id='line_1_20' title="bbox 728 2967 3366 3068; baseline -0.003 -21"><span class='ocrx_word' id='word_1_169' title='bbox 728 2976 1074 3068; x_wconf 87' lang='lat' dir='ltr'><strong>argenteo</strong></span> <span class='ocrx_word' id='word_1_170' title='bbox 1116 2968 1491 3058; x_wconf 87' lang='lat' dir='ltr'><strong>inaurato;</strong></span> <span class='ocrx_word' id='word_1_171' title='bbox 1540 2967 1760 3066; x_wconf 89' lang='lat' dir='ltr'><strong>perlis</strong></span> <span class='ocrx_word' id='word_1_172' title='bbox 1802 2974 1876 3042; x_wconf 90' lang='lat' dir='ltr'><strong>et</strong></span> <span class='ocrx_word' id='word_1_173' title='bbox 1922 2967 2282 3065; x_wconf 90' lang='lat' dir='ltr'><strong>lapidibus</strong></span> <span class='ocrx_word' id='word_1_174' title='bbox 2327 2967 2887 3066; x_wconf 88' lang='lat' dir='ltr'><strong>preciosissimis</strong></span> <span class='ocrx_word' id='word_1_175' title='bbox 2931 2976 3188 3044; x_wconf 85' lang='lat' dir='ltr'><strong>ornata</strong></span> <span class='ocrx_word' id='word_1_176' title='bbox 3231 2975 3366 3044; x_wconf 86' lang='lat' dir='ltr'><strong>erat</strong></span> 
     </span>
     <span class='ocr_line' id='line_1_21' title="bbox 727 3093 3366 3188; baseline -0.003 -15"><span class='ocrx_word' id='word_1_177' title='bbox 727 3120 1023 3188; x_wconf 89' lang='lat' dir='ltr'><strong>corona,</strong></span> <span class='ocrx_word' id='word_1_178' title='bbox 1054 3102 1123 3172; x_wconf 92' lang='lat' dir='ltr'><strong>et</strong></span> <span class='ocrx_word' id='word_1_179' title='bbox 1161 3096 1515 3171; x_wconf 91' lang='lat' dir='ltr'><strong>birretum</strong></span> <span class='ocrx_word' id='word_1_180' title='bbox 1546 3093 1863 3170; x_wconf 89' lang='lat' dir='ltr'><strong>habebat</strong></span> <span class='ocrx_word' id='word_1_181' title='bbox 1901 3094 2314 3170; x_wconf 84' lang='lat' dir='ltr'><strong>confectum</strong></span> <span class='ocrx_word' id='word_1_182' title='bbox 2357 3094 2546 3169; x_wconf 91' lang='lat' dir='ltr'><strong>intus</strong></span> <span class='ocrx_word' id='word_1_183' title='bbox 2587 3119 2677 3169; x_wconf 82' lang='lat' dir='ltr'><strong>ex</strong></span> <span class='ocrx_word' id='word_1_184' title='bbox 2716 3095 3190 3171; x_wconf 89' lang='lat' dir='ltr'><strong>damaschino</strong></span> <span class='ocrx_word' id='word_1_185' title='bbox 3227 3093 3366 3168; x_wconf 86' lang='lat' dir='ltr'><strong>albo</strong></span> 
     </span>
     <span class='ocr_line' id='line_1_22' title="bbox 725 3217 3372 3318; baseline -0.003 -21"><span class='ocrx_word' id='word_1_186' title='bbox 725 3220 1005 3297; x_wconf 89' lang='lat' dir='ltr'><strong>habens</strong></span> <span class='ocrx_word' id='word_1_187' title='bbox 1033 3220 1205 3292; x_wconf 89' lang='lat' dir='ltr'><strong>hinc</strong></span> <span class='ocrx_word' id='word_1_188' title='bbox 1248 3217 1417 3292; x_wconf 90' lang='lat' dir='ltr'><strong>inde</strong></span> <span class='ocrx_word' id='word_1_189' title='bbox 1458 3220 1637 3294; x_wconf 90' lang='lat' dir='ltr'><strong>duas</strong></span> <span class='ocrx_word' id='word_1_190' title='bbox 1668 3227 1860 3294; x_wconf 88' lang='lat' dir='ltr'><strong>setas</strong></span> <span class='ocrx_word' id='word_1_191' title='bbox 1891 3243 2032 3318; x_wconf 92' lang='lat' dir='ltr'><strong>que</strong></span> <span class='ocrx_word' id='word_1_192' title='bbox 2065 3218 2200 3293; x_wconf 90' lang='lat' dir='ltr'><strong>sub</strong></span> <span class='ocrx_word' id='word_1_193' title='bbox 2229 3227 2477 3294; x_wconf 91' lang='lat' dir='ltr'><strong>mento</strong></span> <span class='ocrx_word' id='word_1_194' title='bbox 2510 3220 2726 3296; x_wconf 91' lang='lat' dir='ltr'><strong>unico</strong></span> <span class='ocrx_word' id='word_1_195' title='bbox 2755 3221 3064 3296; x_wconf 91' lang='lat' dir='ltr'><strong>bottono</strong></span> <span class='ocrx_word' id='word_1_196' title='bbox 3095 3221 3372 3316; x_wconf 85' lang='lat' dir='ltr'><strong>conjun-</strong></span> 
     </span>
     <span class='ocr_line' id='line_1_23' title="bbox 730 3344 3364 3443; baseline -0.002 -24"><span class='ocrx_word' id='word_1_197' title='bbox 730 3345 1112 3442; x_wconf 80' lang='lat' dir='ltr'><strong>gebantur,</strong></span> <span class='ocrx_word' id='word_1_198' title='bbox 1144 3344 1247 3419; x_wconf 90' lang='lat' dir='ltr'><strong>ita</strong></span> <span class='ocrx_word' id='word_1_199' title='bbox 1274 3345 1469 3441; x_wconf 91' lang='lat' dir='ltr'><strong>quod</strong></span> <span class='ocrx_word' id='word_1_200' title='bbox 1500 3367 1625 3419; x_wconf 89' lang='lat' dir='ltr'><strong>rex</strong></span> <span class='ocrx_word' id='word_1_201' title='bbox 1661 3367 2006 3420; x_wconf 90' lang='lat' dir='ltr'><strong>coronam</strong></span> <span class='ocrx_word' id='word_1_202' title='bbox 2046 3345 2278 3443; x_wconf 89' lang='lat' dir='ltr'><strong>ipsam</strong></span> <span class='ocrx_word' id='word_1_203' title='bbox 2311 3345 2476 3419; x_wconf 83' lang='lat' dir='ltr'><strong>sine</strong></span> <span class='ocrx_word' id='word_1_204' title='bbox 2517 3346 2657 3420; x_wconf 91' lang='lat' dir='ltr'><strong>alio</strong></span> <span class='ocrx_word' id='word_1_205' title='bbox 2701 3347 2974 3422; x_wconf 87' lang='lat' dir='ltr'><strong>birreto</strong></span> <span class='ocrx_word' id='word_1_206' title='bbox 3021 3345 3364 3421; x_wconf 81' lang='lat' dir='ltr'><strong>deferret:</strong></span> 
     </span>
     <span class='ocr_line' id='line_1_24' title="bbox 734 3468 3371 3568; baseline -0 -25"><span class='ocrx_word' id='word_1_207' title='bbox 734 3468 927 3543; x_wconf 85' lang='lat' dir='ltr'><strong>ensis</strong></span> <span class='ocrx_word' id='word_1_208' title='bbox 956 3469 1031 3542; x_wconf 92' lang='lat' dir='ltr'><strong>in</strong></span> <span class='ocrx_word' id='word_1_209' title='bbox 1062 3492 1193 3544; x_wconf 89' lang='lat' dir='ltr'><strong>sua</strong></span> <span class='ocrx_word' id='word_1_210' title='bbox 1222 3469 1479 3566; x_wconf 88' lang='lat' dir='ltr'><strong>vagina</strong></span> <span class='ocrx_word' id='word_1_211' title='bbox 1506 3493 1594 3543; x_wconf 88' lang='lat' dir='ltr'><strong>ex</strong></span> <span class='ocrx_word' id='word_1_212' title='bbox 1625 3470 1848 3568; x_wconf 91' lang='lat' dir='ltr'><strong>perlis</strong></span> <span class='ocrx_word' id='word_1_213' title='bbox 1883 3476 1957 3544; x_wconf 93' lang='lat' dir='ltr'><strong>et</strong></span> <span class='ocrx_word' id='word_1_214' title='bbox 1982 3468 2339 3568; x_wconf 89' lang='lat' dir='ltr'><strong>lapidibus</strong></span> <span class='ocrx_word' id='word_1_215' title='bbox 2369 3470 2719 3568; x_wconf 89' lang='lat' dir='ltr'><strong>preciosis</strong></span> <span class='ocrx_word' id='word_1_216' title='bbox 2751 3493 2884 3568; x_wconf 90' lang='lat' dir='ltr'><strong>per</strong></span> <span class='ocrx_word' id='word_1_217' title='bbox 2914 3477 3152 3545; x_wconf 88' lang='lat' dir='ltr'><strong>totum</strong></span> <span class='ocrx_word' id='word_1_218' title='bbox 3181 3491 3371 3544; x_wconf 86' lang='lat' dir='ltr'><strong>orua-</strong></span> 
     </span>
     <span class='ocr_line' id='line_1_25' title="bbox 734 3575 3366 3692; baseline -0.002 -23"><span class='ocrx_word' id='word_1_219' title='bbox 734 3606 883 3686; x_wconf 86' lang='lat' dir='ltr'><strong>tus;</strong></span> <span class='ocrx_word' id='word_1_220' title='bbox 921 3575 1284 3692; x_wconf 84' lang='lat' dir='ltr'><strong>sceptrum</strong></span> <span class='ocrx_word' id='word_1_221' title='bbox 1322 3601 1753 3692; x_wconf 89' lang='lat' dir='ltr'><strong>argenteum</strong></span> <span class='ocrx_word' id='word_1_222' title='bbox 1790 3596 1868 3668; x_wconf 92' lang='lat' dir='ltr'><strong>in</strong></span> <span class='ocrx_word' id='word_1_223' title='bbox 1907 3595 2322 3670; x_wconf 85' lang='lat' dir='ltr'><strong>summitate</strong></span> <span class='ocrx_word' id='word_1_224' title='bbox 2362 3595 2643 3672; x_wconf 85' lang='lat' dir='ltr'><strong>habens</strong></span> <span class='ocrx_word' id='word_1_225' title='bbox 2680 3596 2909 3670; x_wconf 89' lang='lat' dir='ltr'><strong>lilium</strong></span> <span class='ocrx_word' id='word_1_226' title='bbox 2949 3597 3366 3672; x_wconf 84' lang='lat' dir='ltr'><strong>inauratum.</strong></span> 
     </span>
     <span class='ocr_line' id='line_1_26' title="bbox 733 3719 3374 3820; baseline -0.002 -24"><span class='ocrx_word' id='word_1_227' title='bbox 733 3723 899 3796; x_wconf 87' lang='lat' dir='ltr'><strong>Erat</strong></span> <span class='ocrx_word' id='word_1_228' title='bbox 930 3726 1175 3793; x_wconf 90' lang='lat' dir='ltr'><strong>autem</strong></span> <span class='ocrx_word' id='word_1_229' title='bbox 1204 3726 1571 3816; x_wconf 86' lang='lat' dir='ltr'><strong>sceptrum</strong></span> <span class='ocrx_word' id='word_1_230' title='bbox 1602 3719 1838 3817; x_wconf 92' lang='lat' dir='ltr'><strong>ipsum</strong></span> <span class='ocrx_word' id='word_1_231' title='bbox 1867 3720 1942 3794; x_wconf 91' lang='lat' dir='ltr'><strong>in</strong></span> <span class='ocrx_word' id='word_1_232' title='bbox 1984 3727 2214 3795; x_wconf 85' lang='lat' dir='ltr'><strong>totum</strong></span> <span class='ocrx_word' id='word_1_233' title='bbox 2262 3720 2736 3817; x_wconf 85' lang='lat' dir='ltr'><strong>longitudinis</strong></span> <span class='ocrx_word' id='word_1_234' title='bbox 2775 3722 3190 3820; x_wconf 84' lang='lat' dir='ltr'><strong>palmorum</strong></span> <span class='ocrx_word' id='word_1_235' title='bbox 3215 3721 3374 3796; x_wconf 90' lang='lat' dir='ltr'><strong>duo-</strong></span> 
     </span>
     <span class='ocr_line' id='line_1_27' title="bbox 732 3843 3374 3944; baseline -0.001 -24"><span class='ocrx_word' id='word_1_236' title='bbox 732 3867 893 3920; x_wconf 85' lang='lat' dir='ltr'><strong>rum</strong></span> <span class='ocrx_word' id='word_1_237' title='bbox 942 3868 1109 3918; x_wconf 90' lang='lat' dir='ltr'><strong>cum</strong></span> <span class='ocrx_word' id='word_1_238' title='bbox 1160 3843 1457 3919; x_wconf 89' lang='lat' dir='ltr'><strong>dimidio</strong></span> <span class='ocrx_word' id='word_1_239' title='bbox 1496 3844 1608 3918; x_wconf 88' lang='lat' dir='ltr'><strong>vel</strong></span> <span class='ocrx_word' id='word_1_240' title='bbox 1658 3846 1876 3937; x_wconf 88' lang='lat' dir='ltr'><strong>circa,</strong></span> <span class='ocrx_word' id='word_1_241' title='bbox 1929 3852 2002 3920; x_wconf 90' lang='lat' dir='ltr'><strong>et</strong></span> <span class='ocrx_word' id='word_1_242' title='bbox 2049 3845 2352 3918; x_wconf 90' lang='lat' dir='ltr'><strong>minoris</strong></span> <span class='ocrx_word' id='word_1_243' title='bbox 2409 3846 2914 3942; x_wconf 84' lang='lat' dir='ltr'><strong>grossitudinis</strong></span> <span class='ocrx_word' id='word_1_244' title='bbox 2955 3869 3181 3944; x_wconf 83' lang='lat' dir='ltr'><strong>parvo</strong></span> <span class='ocrx_word' id='word_1_245' title='bbox 3231 3863 3374 3918; x_wconf 81' lang='lat' dir='ltr'><strong>meo</strong></span> 
     </span>
     <span class='ocr_line' id='line_1_28' title="bbox 734 3969 3376 4070; baseline -0.003 -25"><span class='ocrx_word' id='word_1_246' title='bbox 734 3972 989 4068; x_wconf 86' lang='lat' dir='ltr'><strong>digito,</strong></span> <span class='ocrx_word' id='word_1_247' title='bbox 1016 3977 1088 4045; x_wconf 90' lang='lat' dir='ltr'><strong>et</strong></span> <span class='ocrx_word' id='word_1_248' title='bbox 1105 3995 1405 4069; x_wconf 90' lang='lat' dir='ltr'><strong>pomum</strong></span> <span class='ocrx_word' id='word_1_249' title='bbox 1428 3979 1858 4067; x_wconf 87' lang='lat' dir='ltr'><strong>argenteum</strong></span> <span class='ocrx_word' id='word_1_250' title='bbox 1881 3971 2292 4046; x_wconf 89' lang='lat' dir='ltr'><strong>inauratum</strong></span> <span class='ocrx_word' id='word_1_251' title='bbox 2311 3976 2541 4046; x_wconf 90' lang='lat' dir='ltr'><strong>totum</strong></span> <span class='ocrx_word' id='word_1_252' title='bbox 2569 3973 2958 4047; x_wconf 90' lang='lat' dir='ltr'><strong>rotundum</strong></span> <span class='ocrx_word' id='word_1_253' title='bbox 2981 3969 3376 4070; x_wconf 84' lang='lat' dir='ltr'><strong>quantitatis</strong></span> 
     </span>
     <span class='ocr_line' id='line_1_29' title="bbox 736 4096 3372 4196; baseline -0.002 -24"><span class='ocrx_word' id='word_1_254' title='bbox 736 4097 948 4172; x_wconf 90' lang='lat' dir='ltr'><strong>unius</strong></span> <span class='ocrx_word' id='word_1_255' title='bbox 978 4096 1224 4194; x_wconf 88' lang='lat' dir='ltr'><strong>magni</strong></span> <span class='ocrx_word' id='word_1_256' title='bbox 1252 4097 1479 4196; x_wconf 91' lang='lat' dir='ltr'><strong>pomi,</strong></span> <span class='ocrx_word' id='word_1_257' title='bbox 1516 4097 1587 4170; x_wconf 91' lang='lat' dir='ltr'><strong>in</strong></span> <span class='ocrx_word' id='word_1_258' title='bbox 1628 4097 2046 4172; x_wconf 89' lang='lat' dir='ltr'><strong>summitate</strong></span> <span class='ocrx_word' id='word_1_259' title='bbox 2093 4119 2388 4172; x_wconf 89' lang='lat' dir='ltr'><strong>crucem</strong></span> <span class='ocrx_word' id='word_1_260' title='bbox 2429 4119 2720 4196; x_wconf 82' lang='lat' dir='ltr'><strong>parvam</strong></span> <span class='ocrx_word' id='word_1_261' title='bbox 2759 4097 3040 4172; x_wconf 88' lang='lat' dir='ltr'><strong>habens</strong></span> <span class='ocrx_word' id='word_1_262' title='bbox 3081 4102 3372 4172; x_wconf 88' lang='lat' dir='ltr'><strong>erectam</strong></span> 
     </span>
     <span class='ocr_line' id='line_1_30' title="bbox 732 4219 3374 4322; baseline -0.002 -26"><span class='ocrx_word' id='word_1_263' title='bbox 732 4230 1151 4322; x_wconf 84' lang='lat' dir='ltr'><strong>argenteam</strong></span> <span class='ocrx_word' id='word_1_264' title='bbox 1181 4223 1583 4297; x_wconf 88' lang='lat' dir='ltr'><strong>inauratam</strong></span> <span class='ocrx_word' id='word_1_265' title='bbox 1614 4229 1688 4298; x_wconf 88' lang='lat' dir='ltr'><strong>et</strong></span> <span class='ocrx_word' id='word_1_266' title='bbox 1723 4223 1798 4296; x_wconf 92' lang='lat' dir='ltr'><strong>in</strong></span> <span class='ocrx_word' id='word_1_267' title='bbox 1842 4226 2296 4302; x_wconf 82' lang='lat' dir='ltr'><strong>extremitate</strong></span> <span class='ocrx_word' id='word_1_268' title='bbox 2337 4223 2662 4300; x_wconf 78' lang='lat' dir='ltr'><strong>inferiori</strong></span> <span class='ocrx_word' id='word_1_269' title='bbox 2691 4224 2766 4298; x_wconf 89' lang='lat' dir='ltr'><strong>in</strong></span> <span class='ocrx_word' id='word_1_270' title='bbox 2799 4223 3138 4321; x_wconf 88' lang='lat' dir='ltr'><strong>opposito</strong></span> <span class='ocrx_word' id='word_1_271' title='bbox 3169 4219 3374 4296; x_wconf 87' lang='lat' dir='ltr'><strong>crucis</strong></span> 
     </span>
     <span class='ocr_line' id='line_1_31' title="bbox 732 4346 3376 4450; baseline 0 -30"><span class='ocrx_word' id='word_1_272' title='bbox 732 4347 1073 4422; x_wconf 87' lang='lat' dir='ltr'><strong>malleum</strong></span> <span class='ocrx_word' id='word_1_273' title='bbox 1117 4371 1283 4423; x_wconf 88' lang='lat' dir='ltr'><strong>cum</strong></span> <span class='ocrx_word' id='word_1_274' title='bbox 1324 4349 1601 4444; x_wconf 79' lang='lat' dir='ltr'><strong>stringe,</strong></span> <span class='ocrx_word' id='word_1_275' title='bbox 1642 4349 1858 4424; x_wconf 87' lang='lat' dir='ltr'><strong>sirica</strong></span> <span class='ocrx_word' id='word_1_276' title='bbox 1903 4351 1998 4424; x_wconf 91' lang='lat' dir='ltr'><strong>ad</strong></span> <span class='ocrx_word' id='word_1_277' title='bbox 2031 4351 2404 4450; x_wconf 86' lang='lat' dir='ltr'><strong>ligandum</strong></span> <span class='ocrx_word' id='word_1_278' title='bbox 2443 4351 2680 4446; x_wconf 89' lang='lat' dir='ltr'><strong>ipsum</strong></span> <span class='ocrx_word' id='word_1_279' title='bbox 2727 4349 2800 4424; x_wconf 88' lang='lat' dir='ltr'><strong>in</strong></span> <span class='ocrx_word' id='word_1_280' title='bbox 2841 4348 3138 4424; x_wconf 85' lang='lat' dir='ltr'><strong>sinistro</strong></span> <span class='ocrx_word' id='word_1_281' title='bbox 3175 4346 3376 4443; x_wconf 82' lang='lat' dir='ltr'><strong>digito</strong></span> 
     </span>
     <span class='ocr_line' id='line_1_32' title="bbox 732 4472 3374 4573; baseline -0.002 -26"><span class='ocrx_word' id='word_1_282' title='bbox 732 4472 925 4570; x_wconf 88' lang='lat' dir='ltr'><strong>regis</strong></span> <span class='ocrx_word' id='word_1_283' title='bbox 954 4497 1046 4547; x_wconf 90' lang='lat' dir='ltr'><strong>ne</strong></span> <span class='ocrx_word' id='word_1_284' title='bbox 1078 4474 1214 4546; x_wconf 88' lang='lat' dir='ltr'><strong>sibi</strong></span> <span class='ocrx_word' id='word_1_285' title='bbox 1256 4473 1509 4562; x_wconf 89' lang='lat' dir='ltr'><strong>cadat;</strong></span> <span class='ocrx_word' id='word_1_286' title='bbox 1550 4497 1690 4571; x_wconf 93' lang='lat' dir='ltr'><strong>que</strong></span> <span class='ocrx_word' id='word_1_287' title='bbox 1723 4474 1969 4549; x_wconf 90' lang='lat' dir='ltr'><strong>omnia</strong></span> <span class='ocrx_word' id='word_1_288' title='bbox 2007 4476 2082 4548; x_wconf 90' lang='lat' dir='ltr'><strong>in</strong></span> <span class='ocrx_word' id='word_1_289' title='bbox 2121 4475 2328 4550; x_wconf 88' lang='lat' dir='ltr'><strong>altari</strong></span> <span class='ocrx_word' id='word_1_290' title='bbox 2359 4476 2567 4573; x_wconf 90' lang='lat' dir='ltr'><strong>posui</strong></span> <span class='ocrx_word' id='word_1_291' title='bbox 2599 4497 2733 4573; x_wconf 92' lang='lat' dir='ltr'><strong>per</strong></span> <span class='ocrx_word' id='word_1_292' title='bbox 2760 4473 3086 4573; x_wconf 89' lang='lat' dir='ltr'><strong>planum.</strong></span> <span class='ocrx_word' id='word_1_293' title='bbox 3125 4477 3374 4569; x_wconf 86' lang='lat' dir='ltr'><strong>Legato</strong></span> 
     </span>
     <span class='ocr_line' id='line_1_33' title="bbox 731 4596 3374 4699; baseline -0.002 -27"><span class='ocrx_word' id='word_1_294' title='bbox 731 4600 1067 4674; x_wconf 90' lang='lat' dir='ltr'><strong>omnibus</strong></span> <span class='ocrx_word' id='word_1_295' title='bbox 1123 4600 1567 4699; x_wconf 87' lang='lat' dir='ltr'><strong>paramentis</strong></span> <span class='ocrx_word' id='word_1_296' title='bbox 1624 4598 2158 4697; x_wconf 86' lang='lat' dir='ltr'><strong>pontificalibus</strong></span> <span class='ocrx_word' id='word_1_297' title='bbox 2211 4606 2492 4698; x_wconf 79' lang='lat' dir='ltr'><strong>parato,</strong></span> <span class='ocrx_word' id='word_1_298' title='bbox 2547 4608 2620 4676; x_wconf 88' lang='lat' dir='ltr'><strong>et</strong></span> <span class='ocrx_word' id='word_1_299' title='bbox 2677 4599 2752 4674; x_wconf 89' lang='lat' dir='ltr'><strong>in</strong></span> <span class='ocrx_word' id='word_1_300' title='bbox 2809 4623 2944 4674; x_wconf 91' lang='lat' dir='ltr'><strong>suo</strong></span> <span class='ocrx_word' id='word_1_301' title='bbox 2999 4596 3374 4674; x_wconf 78' lang='lat' dir='ltr'><strong>faldistorio</strong></span> 
     </span>
     <span class='ocr_line' id='line_1_34' title="bbox 730 4723 3369 4825; baseline -0.002 -28"><span class='ocrx_word' id='word_1_302' title='bbox 730 4729 901 4797; x_wconf 89' lang='lat' dir='ltr'><strong>ante</strong></span> <span class='ocrx_word' id='word_1_303' title='bbox 932 4725 1254 4800; x_wconf 88' lang='lat' dir='ltr'><strong>medium</strong></span> <span class='ocrx_word' id='word_1_304' title='bbox 1284 4726 1527 4801; x_wconf 89' lang='lat' dir='ltr'><strong>altaris</strong></span> <span class='ocrx_word' id='word_1_305' title='bbox 1570 4725 1898 4816; x_wconf 88' lang='lat' dir='ltr'><strong>sedente,</strong></span> <span class='ocrx_word' id='word_1_306' title='bbox 1932 4732 2284 4801; x_wconf 89' lang='lat' dir='ltr'><strong>venerunt</strong></span> <span class='ocrx_word' id='word_1_307' title='bbox 2313 4726 2408 4800; x_wconf 92' lang='lat' dir='ltr'><strong>ad</strong></span> <span class='ocrx_word' id='word_1_308' title='bbox 2435 4727 2670 4825; x_wconf 91' lang='lat' dir='ltr'><strong>ipsum</strong></span> <span class='ocrx_word' id='word_1_309' title='bbox 2709 4723 3007 4799; x_wconf 88' lang='lat' dir='ltr'><strong>nomine</strong></span> <span class='ocrx_word' id='word_1_310' title='bbox 3045 4723 3260 4820; x_wconf 80' lang='lat' dir='ltr'><strong>regiS,</strong></span> <span class='ocrx_word' id='word_1_311' title='bbox 3293 4725 3369 4796; x_wconf 89' lang='lat' dir='ltr'><strong>D.</strong></span> 
     </span>
     <span class='ocr_line' id='line_1_35' title="bbox 726 4846 3374 4948; baseline 0.001 -28"><span class='ocrx_word' id='word_1_312' title='bbox 726 4846 1094 4924; x_wconf 71' lang='lat' dir='ltr'><strong>lohannes</strong></span> <span class='ocrx_word' id='word_1_313' title='bbox 1128 4855 1493 4926; x_wconf 88' lang='lat' dir='ltr'><strong>Pontanus</strong></span> <span class='ocrx_word' id='word_1_314' title='bbox 1524 4849 1957 4926; x_wconf 88' lang='lat' dir='ltr'><strong>secretarius</strong></span> <span class='ocrx_word' id='word_1_315' title='bbox 2003 4852 2196 4948; x_wconf 86' lang='lat' dir='ltr'><strong>regis</strong></span> <span class='ocrx_word' id='word_1_316' title='bbox 2241 4860 2313 4926; x_wconf 91' lang='lat' dir='ltr'><strong>et</strong></span> <span class='ocrx_word' id='word_1_317' title='bbox 2355 4852 2536 4927; x_wconf 89' lang='lat' dir='ltr'><strong>alius</strong></span> <span class='ocrx_word' id='word_1_318' title='bbox 2579 4859 2996 4928; x_wconf 87' lang='lat' dir='ltr'><strong>asserentes</strong></span> <span class='ocrx_word' id='word_1_319' title='bbox 3037 4875 3186 4926; x_wconf 87' lang='lat' dir='ltr'><strong>non</strong></span> <span class='ocrx_word' id='word_1_320' title='bbox 3215 4871 3374 4924; x_wconf 88' lang='lat' dir='ltr'><strong>cou-</strong></span> 
     </span>
     <span class='ocr_line' id='line_1_36' title="bbox 732 4973 3374 5076; baseline 0 -30"><span class='ocrx_word' id='word_1_321' title='bbox 732 4973 1053 5047; x_wconf 85' lang='lat' dir='ltr'><strong>suevisse</strong></span> <span class='ocrx_word' id='word_1_322' title='bbox 1088 4998 1299 5072; x_wconf 85' lang='lat' dir='ltr'><strong>reges</strong></span> <span class='ocrx_word' id='word_1_323' title='bbox 1340 4979 1703 5074; x_wconf 90' lang='lat' dir='ltr'><strong>Aragonie</strong></span> <span class='ocrx_word' id='word_1_324' title='bbox 1748 4978 1823 5051; x_wconf 92' lang='lat' dir='ltr'><strong>in</strong></span> <span class='ocrx_word' id='word_1_325' title='bbox 1861 4978 2280 5075; x_wconf 86' lang='lat' dir='ltr'><strong>receptione</strong></span> <span class='ocrx_word' id='word_1_326' title='bbox 2325 4978 2720 5076; x_wconf 89' lang='lat' dir='ltr'><strong>insignium</strong></span> <span class='ocrx_word' id='word_1_327' title='bbox 2763 4978 3116 5076; x_wconf 89' lang='lat' dir='ltr'><strong>regalium</strong></span> <span class='ocrx_word' id='word_1_328' title='bbox 3161 4997 3374 5074; x_wconf 89' lang='lat' dir='ltr'><strong>genu-</strong></span> 
     </span>
     <span class='ocr_line' id='line_1_37' title="bbox 732 5100 3374 5199; baseline -0.002 -25"><span class='ocrx_word' id='word_1_329' title='bbox 732 5101 1051 5191; x_wconf 85' lang='lat' dir='ltr'><strong>flectere,</strong></span> <span class='ocrx_word' id='word_1_330' title='bbox 1086 5101 1199 5176; x_wconf 89' lang='lat' dir='ltr'><strong>vel</strong></span> <span class='ocrx_word' id='word_1_331' title='bbox 1230 5100 1303 5174; x_wconf 90' lang='lat' dir='ltr'><strong>in</strong></span> <span class='ocrx_word' id='word_1_332' title='bbox 1342 5126 1597 5176; x_wconf 90' lang='lat' dir='ltr'><strong>eorum</strong></span> <span class='ocrx_word' id='word_1_333' title='bbox 1641 5103 2112 5177; x_wconf 90' lang='lat' dir='ltr'><strong>coronatione</strong></span> <span class='ocrx_word' id='word_1_334' title='bbox 2144 5110 2218 5178; x_wconf 89' lang='lat' dir='ltr'><strong>et</strong></span> <span class='ocrx_word' id='word_1_335' title='bbox 2247 5105 2694 5199; x_wconf 82' lang='lat' dir='ltr'><strong>juramentO,</strong></span> <span class='ocrx_word' id='word_1_336' title='bbox 2743 5125 2894 5176; x_wconf 90' lang='lat' dir='ltr'><strong>non</strong></span> <span class='ocrx_word' id='word_1_337' title='bbox 2933 5100 3374 5178; x_wconf 75' lang='lat' dir='ltr'><strong>consuevisse</strong></span> 
     </span>
     <span class='ocr_line' id='line_1_38' title="bbox 732 5224 3370 5325; baseline -0.002 -25"><span class='ocrx_word' id='word_1_338' title='bbox 732 5251 867 5324; x_wconf 87' lang='lat' dir='ltr'><strong>per</strong></span> <span class='ocrx_word' id='word_1_339' title='bbox 908 5251 985 5300; x_wconf 87' lang='lat' dir='ltr'><strong>se</strong></span> <span class='ocrx_word' id='word_1_340' title='bbox 1026 5226 1221 5324; x_wconf 89' lang='lat' dir='ltr'><strong>ipsos</strong></span> <span class='ocrx_word' id='word_1_341' title='bbox 1269 5234 1596 5325; x_wconf 89' lang='lat' dir='ltr'><strong>prestare</strong></span> <span class='ocrx_word' id='word_1_342' title='bbox 1650 5252 1774 5304; x_wconf 92' lang='lat' dir='ltr'><strong>seu</strong></span> <span class='ocrx_word' id='word_1_343' title='bbox 1821 5228 2094 5325; x_wconf 84' lang='lat' dir='ltr'><strong>legere,</strong></span> <span class='ocrx_word' id='word_1_344' title='bbox 2145 5228 2274 5303; x_wconf 90' lang='lat' dir='ltr'><strong>sed</strong></span> <span class='ocrx_word' id='word_1_345' title='bbox 2320 5229 2510 5325; x_wconf 92' lang='lat' dir='ltr'><strong>quod</strong></span> <span class='ocrx_word' id='word_1_346' title='bbox 2557 5228 2739 5303; x_wconf 89' lang='lat' dir='ltr'><strong>alius</strong></span> <span class='ocrx_word' id='word_1_347' title='bbox 2785 5251 3036 5304; x_wconf 90' lang='lat' dir='ltr'><strong>eorum</strong></span> <span class='ocrx_word' id='word_1_348' title='bbox 3091 5224 3370 5301; x_wconf 84' lang='lat' dir='ltr'><strong>nomine</strong></span> 
     </span>
    </p>
   </div>
  </div>
 </body>
</html>
