3625 6059
243 557 407 619 [Aout
438 558 583 618 1496]
918 556 1169 615 RERUM
1220 556 1673 615 URBANARUM
1714 558 2242 619 COMMENTARH.
2808 568 2918 623 299

242 710 382 786 alia
422 732 631 786 more
674 713 873 808 prins
920 713 1299 789 observata
1336 720 1499 789 acta
1540 720 1732 789 sunt.
1784 714 2136 812 Equitavit
2182 712 2446 791 deinde
2485 718 2772 815 legatus
2817 720 2912 794 ad

244 834 519 908 curiam
562 838 651 909 D.
698 834 1175 913 Ariminensis
1214 839 1306 913 ad
1334 862 1554 935 quam
1595 840 1914 937 prefatus
1961 838 2390 935 magnificus
2433 841 2823 917 pandolfus
2870 867 2915 918 a

246 960 557 1035 sinistris
584 960 801 1058 legati
833 964 1165 1059 equitans
1203 964 1445 1059 ipsum
1475 965 1854 1039 associavit
1883 966 2006 1041 ubi
2035 966 2442 1063 hospitatus
2475 972 2612 1058 est,
2665 989 2804 1065 ego
2835 969 2908 1041 in

247 1084 564 1182 hospitio
594 1086 881 1184 Angeli,
916 1088 1037 1161 alii
1067 1087 1239 1162 hinc
1272 1094 1345 1163 et
1376 1089 1573 1165 inde.

336 1214 419 1285 In
472 1210 665 1286 dicta
714 1212 1027 1289 ecclesia
1076 1218 1189 1288 est
1240 1222 1458 1312 caput
1508 1238 1569 1289 s.
1628 1215 2004 1309 Columbe,
2063 1224 2138 1291 et
2189 1240 2380 1291 unus
2431 1240 2522 1293 ex
2569 1217 2908 1297 dentibus

246 1362 303 1409 s.
346 1336 855 1435 christophori
892 1340 1229 1438 martyris
1269 1364 1487 1438 quem
1528 1340 1834 1415 vidimus
1863 1342 2334 1440 longitudinis
2378 1342 2582 1441 digiti
2622 1342 2768 1418 mei
2798 1342 2909 1418 vel

248 1463 461 1552 circa,
512 1470 587 1537 et
622 1461 1019 1537 latitudinis
1050 1464 1161 1538 ovi
1202 1466 1447 1563 magni
1488 1466 1777 1564 galline.
1827 1470 2202 1565 Expensas
2234 1468 2410 1545 fecit
2439 1474 2526 1545 D.
2572 1468 2906 1544 Arimini.

338 1588 553 1662 Feria
580 1594 865 1684 quarta,
922 1594 1011 1664 10
1040 1590 1355 1689 augusti,
1396 1590 1663 1667 festum
1694 1616 1756 1666 s.
1794 1594 2186 1683 Laurentii,
2221 1597 2470 1668 Rmus,
2509 1596 2594 1669 D.
2629 1593 2914 1691 legatus
3061 1648 3067 1653 -

250 1715 627 1813 prandium
668 1715 839 1789 fecit
878 1721 1079 1787 extra
1122 1721 1193 1787 et
1230 1714 1423 1790 circa
1452 1715 1799 1813 oppidum
1843 1717 2374 1814 Ganignanum,
2419 1717 2540 1791 uhi
2580 1738 2914 1791 commu·-

252 1841 435 1915 nitas
474 1840 597 1915 illa
640 1840 913 1938 paravit
952 1844 1023 1913 et
1066 1838 1271 1914 solvit
1310 1840 1580 1914 omnia.
1628 1841 1904 1917 Deinde
1943 1841 2140 1917 venit
2177 1844 2532 1917 Cesenam
2571 1841 2694 1915 ubi
2743 1862 2915 1936 pro-

250 1966 747 2041 cessionaliter
782 1971 1117 2062 receptus
1156 1972 1292 2054 est,
1338 1966 1657 2063 episcopi
1696 1965 1962 2040 vicario
2003 1965 2326 2041 officium
2369 1972 2660 2065 agente.
2697 1968 2783 2041 R.
2822 1969 2908 2038 D.

254 2092 735 2191 Hieronymus
773 2092 1186 2181 porcarius,
1228 2090 1505 2165 electus
1549 2090 2003 2183 Andriensis,
2053 2092 2498 2190 gubernator
2535 2098 2611 2167 et
2649 2088 2915 2167 castel-

252 2217 455 2293 lanus
480 2217 1017 2309 Cesenatensis,
1046 2217 1238 2293 venit
1266 2218 1401 2292 sibi
1428 2217 1711 2292 obviam
1736 2240 1870 2315 per
1897 2217 2172 2315 aliquot
2201 2217 2536 2292 milliaria
2561 2222 2637 2292 et
2657 2214 2916 2290 habuit

254 2342 559 2440 primum
606 2342 854 2417 locum
900 2342 1095 2417 inter
1142 2343 1459 2441 prelatos
1509 2350 1828 2418 nostros.
1887 2343 2038 2419 Sub
2085 2350 2298 2441 porta
2345 2343 2629 2440 legatus
2679 2363 2912 2439 genu-

260 2467 477 2543 tlexus
518 2489 813 2543 crucem
854 2469 1221 2545 osculatus
1259 2478 1405 2559 est;
1443 2468 1705 2543 deinde
1744 2468 2021 2543 mulam
2060 2468 2493 2559 ascendens,
2543 2475 2914 2564 assumpto

260 2592 593 2667 mantello
646 2599 998 2668 consueto
1052 2593 1188 2667 suh
1244 2593 1703 2686 baldachino,
1761 2594 1958 2691 quod
2008 2598 2552 2667 conservatores
2605 2590 2912 2666 civitatis

260 2726 627 2815 portarunt
672 2725 747 2792 et
788 2718 906 2793 alii
952 2719 1173 2808 civeS‚
1224 2719 1418 2795 venit
1470 2716 1563 2793 ad
1601 2717 1992 2793 ecclesiam
2031 2717 2528 2792 cathedralem
2570 2716 2694 2789 ubi
2733 2714 2912 2789 dixit

264 2845 652 2919 orationem
682 2842 773 2917 de
814 2866 874 2915 s,
909 2845 1189 2917 Joanne
1222 2841 1567 2939 Baptista,
1604 2850 1913 2939 patrono
1943 2841 2279 2915 ecclesie.
2319 2839 2531 2914 Dedit
2562 2838 2912 2914 benedic-

265 2969 523 3044 tionem
562 2977 641 3044 ut
680 2968 756 3043 in
795 2966 1110 3041 ecclesia
1144 2967 1655 3043 Assisinatensi
1700 2974 1771 3042 et
1806 2965 2292 3064 indulgentias
2331 2964 2636 3039 duorum
2677 2986 2908 3039 anno-

268 3116 413 3166 rum
454 3098 525 3166 et
568 3092 871 3167 totidem
912 3091 1568 3189 quadragenarum,
1622 3114 1801 3189 quas
1852 3090 2348 3189 pronunciavit
2393 3088 2704 3163 vicarius
2742 3111 2910 3186 pre-

270 3218 487 3293 dictus
522 3242 538 3291 :
572 3216 717 3291 alia
744 3238 949 3291 more
980 3216 1195 3292 solito
1228 3224 1394 3291 sunt
1423 3218 1828 3291 observata.

356 3344 561 3445 Pueri
592 3366 834 3415 ramos
864 3344 1271 3439 palmarum
1300 3342 1713 3417 deserentes
1739 3348 2097 3417 venerunt
2126 3338 2410 3415 obviam
2437 3339 2683 3438 legato
2711 3344 2917 3414 extra

268 3476 533 3564 portam
584 3467 915 3543 civitatis.
962 3468 1310 3542 Ascendit
1352 3468 1623 3542 mulam
1670 3475 1842 3544 ante
1880 3467 2266 3543 ecclesiam
2315 3473 2389 3543 et
2439 3467 2782 3565 equitavit
2823 3466 2916 3541 ad

272 3596 583 3669 Castrum
638 3594 1032 3669 civitatem.
1099 3595 1179 3667 In
1237 3593 1551 3669 ecclesia
1600 3595 2073 3668 Cesenatensi
2132 3602 2242 3669 est
2301 3594 2596 3669 sinistra
2649 3615 2912 3666 manus

272 3742 326 3789 s.
352 3720 630 3817 Georgii
662 3743 877 3817 pape,
920 3718 1181 3817 pollice
1211 3718 1536 3816 dempto,
1572 3719 1689 3815 qui
1726 3720 1793 3793 ei
1829 3720 2109 3795 ablatus
2141 3727 2278 3812 est,
2313 3742 2532 3816 quam
2575 3718 2648 3792 in
2682 3716 2918 3793 taher-

275 3844 509 3919 naculo
556 3854 815 3919 ornato
861 3844 1195 3919 vidimus.
1250 3842 1747 3917 Communitas
1792 3843 1964 3919 fecit
2007 3868 2364 3943 expensas
2417 3844 2782 3932 omnibus,
2845 3850 2914 3917 et

278 3969 721 4063 gubernator.

360 4096 551 4171 Feria
600 4097 883 4193 quinta,
942 4100 1020 4167 11
1068 4094 1383 4192 augusti,
1423 4097 1706 4194 legatus
1745 4096 2050 4173 recessit
2089 4097 2164 4171 in
2201 4120 2416 4171 mane
2459 4118 2550 4171 ex
2604 4098 2907 4185 Cesena,

282 4198 481 4295 iturus
508 4220 883 4297 Faentiam
915 4220 1098 4296 citra
1126 4220 1565 4295 Forolivium
1594 4245 1727 4319 per
1754 4222 1898 4297 duo
1928 4221 2262 4297 milliaria
2298 4220 2410 4296 vel
2437 4222 2634 4297 circa
2668 4248 2682 4294 ε
2717 4220 2912 4296 venit

282 4342 393 4416 sibi
436 4344 721 4421 obviam
772 4344 1207 4443 magnificus
1256 4350 1343 4420 D.
1404 4347 1767 4437 Octavius,
1817 4348 2128 4423 vicarius
2181 4345 2514 4420 Forolivii
2563 4354 2635 4422 et
2683 4345 2908 4421 Imole

282 4464 605 4560 dominus,
663 4470 785 4567 qui
839 4494 1007 4545 eum
1060 4478 1268 4546 extra
1318 4471 1753 4547 Forolivium
1808 4478 1884 4547 et
1925 4473 2114 4548 ultra
2153 4493 2286 4571 per
2329 4494 2552 4546 unum
2603 4470 2910 4547 milliare

282 4595 371 4667 vel
402 4598 589 4673 circa
634 4598 1047 4673 associavit.
1095 4598 1315 4674 Venit
1364 4598 1737 4673 Faentiam
1776 4598 2058 4696 legatus
2109 4598 2228 4671 ubi
2275 4595 2912 4695 processionaliter

286 4732 585 4821 receptus
624 4730 773 4815 est;
832 4724 1177 4822 episcopo
1234 4724 1583 4799 Faentino
1638 4724 1960 4798 officium
2003 4729 2425 4822 peragente.
2484 4720 2914 4818 Magnificus

286 4842 353 4915 ὓ.
383 4850 641 4923 Hector
668 4847 1115 4938 Manfredus,
1158 4848 1455 4923 Faentie
1484 4848 1821 4923 dominus
1852 4872 2019 4922 cum
2053 4850 2137 4922 D.
2177 4846 2556 4922 Dominico
2565 4900 2745 4936 ......
2789 4846 2914 4921 do-

286 4968 455 5045 minii
479 4976 925 5049 Venetorum
975 4981 1292 5066 oratore,
1348 4976 1559 5073 cujus
1608 4974 1907 5049 dominii
1961 4973 2250 5049 tuitioni
2307 4974 2464 5072 ipse
2507 4976 2592 5047 D.
2641 4978 2910 5048 Hector

290 5112 441 5185 puer
466 5098 845 5173 duodecim
894 5121 1247 5174 annorum
1284 5098 1399 5173 vel
1436 5098 1659 5187 circa,
1704 5098 2137 5171 commissus
2175 5103 2320 5187 est;
2372 5096 2911 5173 inadvertenter

292 5235 327 5285 a
348 5216 593 5297 dextris
614 5224 839 5321 ipsius
868 5228 955 5299 D.
1004 5224 1337 5299 Hectoris
1365 5224 1761 5319 equitante,
1798 5225 1994 5299 venit
2023 5223 2305 5297 obviam
2333 5222 2576 5319 legato
2605 5244 2758 5343 per·
2773 5219 2914 5297 tria
