3625 6059
685 616 790 668 570
1583 607 1936 663 sommis
1990 605 2429 678 evacuatam,
2925 617 3183 676 [nombre
3215 619 3329 667 ¹⁴⁹⁹

687 767 944 839 ‹linalis
997 766 1379 838 tirimanus
1430 791 1593 838 cum
1649 774 1925 864 septem
1976 774 2253 840 tantum
2301 767 2797 858 familiaribus,
2852 769 3221 867 aliquibus
3262 799 3343 846 ex

685 893 840 965 aliis
874 892 1108 988 ipsum
1141 891 1633 987 sequentihus,
1670 894 1902 966 iturus
1933 893 2275 967 Venetias
2308 917 2437 990 pro
2466 893 2894 969 liberatione
2928 899 3013 968 D.
3054 898 3345 971 Antonii

687 1017 999 1090 Grimani
1053 1017 1426 1112 genitoris,
1477 1019 1596 1113 qui
1656 1021 1726 1093 in
1784 1019 1938 1092 dies
1996 1017 2265 1092 ibidem
2320 1017 2853 1114 expectabatur,
2904 1042 3040 1114 per
3096 1019 3345 1091 Domi-

687 1142 884 1214 nium
917 1142 1276 1232 detentus·‚
1303 1143 1762 1238 judicandus.
1811 1145 1991 1217 Nam
2032 1167 2199 1216 cum
2243 1168 2366 1215 rex
2408 1143 2732 1232 Franrie,
2780 1151 2857 1215 ut
2898 1143 3345 1218 Ludovicum

685 1268 942 1339 «lucem
987 1266 1368 1340 Mediolani
1415 1268 1698 1342 facilius
1739 1269 2087 1360 vinceret,
2137 1292 2215 1341 se
2261 1293 2429 1341 cum
2471 1269 2771 1343 Venetis
2812 1268 3237 1365 colligasset
3280 1283 3347 1342 et

685 1393 750 1464 in
785 1399 1116 1466 eventum
1147 1393 1442 1467 victorie
1476 1398 1907 1468 Cremonam
1948 1400 2161 1491 atque
2203 1395 2449 1468 omnia
2484 1394 2670 1473 loca.
2710 1400 2939 1468 terras
2970 1405 3045 1468 et
3082 1397 3351 1493 oppida

683 1520 866 1592 ultra
920 1519 1184 1592 flumen
1239 1520 1440 1592 Adde
1496 1545 1623 1593 seu
1679 1520 1855 1595 citra
1910 1521 2305 1617 respectiva
2360 1544 2402 1593 a
2454 1527 2655 1618 parte
2710 1517 3015 1593 civitatis
3074 1523 3346 1616 Berga-

682 1645 951 1718 mensis
994 1651 1064 1718 et
1097 1646 1491 1718 Brixiensis
1535 1647 1670 1719 sita
1710 1646 2030 1719 dominio
2068 1649 2518 1722 Venetorum
2551 1643 2779 1720 libere
2818 1652 3179 1742 perpetuo
3220 1647 3345 1719 ad-

671 1770 1055 1867 junxisset,
1089 1775 1389 1868 Magnus
1432 1772 1760 1846 Turchus
1789 1796 2128 1868 magnam
2162 1773 2465 1846 classem
2498 1771 2933 1844 maritimam
2963 1779 3033 1844 et
3076 1777 3345 1845 terres-

681 1905 860 1968 trem
909 1897 1352 1995 [exercitum]
1394 1899 1691 1995 paravit,
1736 1898 1823 1972 de
1866 1921 2009 1994 quo
2056 1899 2311 1972 Veneti
2356 1897 2696 1995 suspicati
2738 1903 2806 1971 et
2846 1897 2981 1994 ipsi
3030 1897 3343 1970 classem

679 2009 1184 2095 ordinaverunt
1236 2022 1325 2095 ad
1376 2023 1538 2096 loca
1589 2025 1875 2097 Turcho
1929 2025 2203 2112 vicina;
2264 2023 2379 2096 cui
2437 2027 2885 2097 Venetorum
2947 2023 3162 2096 classi
3224 2048 3343 2098 rex

677 2148 975 2221 Francie
1019 2155 1091 2221 et
1139 2147 1568 2243 magnificus
1622 2153 1925 2245 Magnus
1975 2149 2322 2244 Magister
2372 2147 2603 2221 Rhodi
2656 2148 2899 2245 plures
2954 2173 3180 2223 naves
3220 2175 3339 2224 seu

677 2275 870 2372 ligna
909 2273 1363 2348 addiderunt.
1408 2275 1948 2347 Constituerunt
1989 2275 2251 2350 Veneti
2298 2272 2548 2346 classis
2590 2297 2717 2346 sue
2757 2274 3221 2370 capitaneum
3254 2278 3337 2348 D.

675 2398 1064 2473 Antonium
1129 2399 1585 2490 Grimanum,
1654 2405 2205 2496 procuratorem
2271 2423 2329 2470 s,
2398 2398 2656 2488 Marci,
2720 2399 2962 2494 magni
3026 2400 3343 2472 nominis

677 2525 926 2612 virum,
963 2525 1110 2619 qui,
1147 2524 1401 2598 itinere
1435 2531 1761 2621 accepte,
1801 2531 1873 2598 et
1906 2525 1995 2597 ad
2023 2522 2267 2596 locum
2301 2545 2427 2596 seu
2460 2521 2549 2595 ad
2582 2546 2875 2620 passum
2914 2523 3337 2621 deputatum

673 2657 1083 2748 perventuS,
1132 2673 1295 2722 cum
1349 2651 1674 2723 Turchus
1721 2673 1967 2724 versus
2023 2653 2469 2745 Naupactum
2521 2655 2587 2720 et
2641 2651 3029 2744 Corcyram
3083 2657 3155 2722 et
3206 2649 3345 2723 alia

673 2776 833 2849 loca
861 2782 1196 2872 potenter
1234 2784 1510 2848 armata
1548 2781 1910 2873 pergeret,
1959 2781 2043 2849 D.
2090 2773 2444 2848 Antonius
2486 2773 2869 2846 Grimanus
2911 2775 3339 2872 capitaneus

674 2925 840 2975 eum
874 2900 1274 2975 formidans
1311 2924 1457 2973 non
1489 2925 1704 2975 ausus
1737 2909 1847 2974 est
1878 2899 1945 2976 ei
1986 2899 2352 2989 resistere,
2399 2898 2527 2973 sed
2568 2922 2645 2973 se
2685 2900 2777 2972 ad
2808 2908 3103 2997 portum
3134 2925 3342 2974 rece-

672 3028 797 3126 pit.
833 3029 1162 3102 Turchus
1193 3027 1640 3125 propositum
1685 3051 1895 3101 suum
1927 3048 2404 3124 prosequenS‚
2444 3029 2892 3120 Naupactum
2934 3029 3005 3095 et
3047 3047 3345 3098 succes-

673 3154 816 3226 sive
872 3153 1012 3225 alia
1060 3153 1224 3226 loca
1271 3161 1606 3249 potenter
1655 3152 1999 3227 invadens
2050 3149 2300 3224 ditioni
2356 3172 2482 3222 sue
2528 3149 2925 3245 subjunxit,
2972 3149 3189 3244 cujus
3240 3151 3341 3222 rei

669 3301 958 3351 causam
997 3277 1326 3374 predicto
1371 3283 1457 3351 D.
1508 3279 1819 3352 Antonio
1859 3278 2169 3351 Ascanio
2210 3275 2599 3356 dederunt;
2651 3282 2748 3362 et,
2791 3272 3019 3345 alium
3062 3274 3343 3370 capita-

672 3425 888 3475 neum
931 3402 1389 3500 deputanteS‚
1440 3407 1522 3476 D.
1573 3404 1965 3476 Antonium
2008 3401 2383 3476 detentum
2422 3399 2766 3474 Venetias
2806 3397 2993 3470 mitti
3036 3399 3345 3472 manda-

670 3536 946 3617 verunt,
999 3535 1068 3600 ut
1118 3552 1282 3603 eum
1326 3552 1456 3626 pro
1503 3528 1893 3602 commisso
1934 3527 2235 3600 crimine
2280 3526 2645 3624 punirent.
2699 3524 3058 3597 Dubitavit
3100 3523 3345 3596 cardi-

674 3652 852 3726 nalis
897 3676 986 3724 ne
1035 3652 1188 3728 sine
1237 3678 1454 3743 causa
1497 3661 1700 3752 pater
1749 3653 2132 3750 capitalem
2180 3651 2452 3724 subiret
2499 3649 2962 3738 sententiam,
3010 3647 3124 3722 vel
3172 3671 3343 3722 cum

672 3801 932 3874 magna
970 3778 1199 3875 gratia
1230 3787 1298 3853 et
1330 3779 1599 3872 favore,
1636 3783 2065 3875 perpetuam
2098 3776 2621 3872 relegationem
2647 3781 2717 3848 et
2751 3771 3081 3845 omnium
3114 3771 3349 3845 bono-

671 3929 825 3978 rum
861 3929 1154 3980 suorum
1193 3905 1818 3980 confiscationem.
1864 3903 2034 3978 Ideo
2067 3903 2437 4001 profectus
2468 3908 2604 3990 est,
2644 3907 2721 3972 ut
2751 3897 3141 3997 prefertur,
3180 3922 3345 3972 car-

670 4030 925 4102 dinalis
962 4032 1114 4128 ipse
1145 4031 1489 4108 Venetias
1533 4031 1651 4103 ubi
1685 4028 1790 4120 (ut
1832 4033 2059 4102 Rome
2092 4027 2400 4099 relatum
2443 4025 2578 4116 est)
2622 4025 2925 4120 singulis
2966 4023 3341 4102 noctibus.

671 4162 951 4229 secrete
993 4157 1185 4252 apud
1225 4155 1562 4251 patricios
1603 4155 1772 4227 hinc
1811 4153 1977 4227 inde
2020 4151 2367 4249 genitoris
2404 4151 2509 4224 sui
2552 4150 3041 4224 innocentiam
3088 4149 3345 4225 decla-

672 4280 924 4370 rando,
963 4281 1118 4378 ejus
1149 4280 1650 4354 liberationem
1683 4279 2191 4378 pertractabat.

773 4403 894 4476 His
932 4402 1214 4494 diebus,
1253 4407 1379 4477 SS.
1424 4407 1507 4476 D.
1549 4408 1602 4477 N
1617 4461 1663 4495 .,
1702 4404 1890 4476 facta
1922 4429 2141 4477 causa
2171 4405 2366 4500 quod
2399 4405 2685 4478 Domini
2720 4429 2848 4480 seu
2877 4403 3143 4480 Vicarii
3180 4407 3349 4480 Ari-

676 4531 1068 4622 minenseS,
1120 4531 1615 4620 PisaurenseS,
1667 4529 2092 4621 imolenseS,
2144 4530 2700 4622 ForolivienseS,
2750 4531 3341 4606 CamerinenseS.

680 4655 996 4727 Faentini
1035 4661 1104 4727 et
1136 4655 1280 4727 dux
1312 4655 1587 4735 L‘rbini,
1623 4653 2002 4729 feudatarii
2035 4656 2342 4730 ecclesie
2378 4661 2722 4746 Romane,
2762 4679 3065 4730 censum
3096 4657 3241 4731 sibi
3274 4667 3341 4728 et

677 4803 964 4853 camere
1013 4779 1408 4878 apostolice
1456 4781 1827 4854 annuatim
1871 4780 2195 4854 debitum
2244 4805 2391 4854 non
2440 4762 2957 4878 persolverant,
3010 4782 3347 4856 authori-

677 4913 818 4979 tate
863 4905 1284 5001 apostolica,
1333 4929 1476 4977 non
1522 4911 1760 4977 tamen
1809 4905 2431 4998 consistorialiter,
2480 4906 2771 5004 privavit
2815 4931 2941 4980 eos
2983 4913 3055 4982 et
3094 4907 3345 4982 decla—

682 5030 855 5104 ravit
900 5031 1236 5126 privatos.
1291 5033 1628 5103 Preterea
1676 5031 2159 5104 communitas
2204 5032 2765 5106 mediolanensis
2814 5032 3172 5108 mutuavit
3222 5058 3345 5108 ca-

677 5179 875 5226 mere
918 5155 1311 5251 apostolice
1349 5168 1530 5228 xcvm
1577 5156 2005 5228 ducatorum
2058 5155 2331 5228 eisdem
2374 5157 2629 5230 diebus
2669 5180 2800 5255 pro
2844 5157 3341 5232 conducendis

679 5279 1013 5373 gentibus
1051 5302 1416 5352 armorum
1450 5279 1540 5352 ad
1585 5281 1997 5353 intrandum
2038 5304 2251 5354 manu
2289 5280 2455 5355 forti
2496 5281 2816 5354 civitates
2856 5281 3217 5378 predictas
3260 5291 3331 5354 et
