3625 6059
242 596 580 658 [Decembre
612 595 748 658 1499]
927 591 1180 651 RERUM
1229 585 1682 653 URBANARUM
1729 595 2251 655 COMMENTARH.
2452 682 2462 693 ⁹
2818 605 2924 661 585

247 747 591 845 proxime
631 745 884 835 futuri,
927 745 1202 842 primus
1236 752 1313 820 ut
1342 746 1538 821 bulla
1577 748 1733 844 ipsa
1753 749 2073 845 Jacebat,
2117 750 2298 824 alius
2329 773 2461 848 per
2490 751 2925 850 interpreta⁴

247 874 538 947 tionem
585 871 716 945 sub
761 870 998 944 verbis
1046 871 1302 944 italicis
1340 871 1909 968 publicaverunt,
1955 875 2393 948 tubicinibus
2437 877 2708 968 multiS,
2755 887 2921 953 ante

246 1006 329 1073 et
363 1007 558 1094 post,
599 996 1169 1096 publicationem
1201 997 1436 1094 ipsam
1473 997 1924 1071 sonantibus
1963 1000 2126 1074 Fuit
2156 1005 2227 1072 et
2255 1000 2415 1096 ipsa
2450 1001 2670 1091 bulla,
2704 1025 2924 1100 pran-

245 1123 384 1196 dio
414 1122 676 1196 deinde
720 1126 1042 1218 peract0,
1093 1144 1225 1216 per
1274 1121 1949 1219 interpretationem
1987 1123 2329 1212 italicam,
2377 1130 2451 1199 et
2490 1124 2922 1202 tubicinibus

243 1255 429 1322 ante
475 1254 547 1320 et
591 1255 754 1345 post
799 1245 1226 1320 sonantibus
1269 1269 1402 1342 per
1441 1246 1825 1321 officialem
1868 1248 2079 1322 Urbis
2110 1248 2201 1322 ad
2237 1249 2379 1324 hoc
2410 1252 2819 1326 ordinatum
2850 1253 2923 1326 in

239 1373 468 1464 locis,
503 1373 623 1446 ubi
657 1371 897 1446 banna
925 1378 996 1444 et
1026 1371 1632 1467 proclamationes
1663 1373 1951 1472 publice
1988 1373 2143 1448 fieri
2179 1385 2731 1470 consueverunt,
2768 1401 2926 1451 om-

243 1498 473 1570 nibus
518 1497 880 1595 publicata
931 1525 946 1570 ε
998 1497 1206 1592 cujus
1250 1497 1543 1593 quidem
1587 1499 1776 1574 bulle
1828 1507 2038 1574 tenor
2078 1500 2168 1574 de
2218 1500 2435 1574 verbo
2490 1501 2580 1574 ad
2628 1503 2923 1576 verbum

245 1624 586 1720 sequitur
615 1629 688 1697 et
717 1631 830 1696 est
859 1622 1020 1697 talis
1058 1650 1074 1694 ε

359 1751 771 1825 Alexander
804 1751 1217 1848 episcopuS,
1261 1775 1510 1826 servus
1550 1774 1917 1826 servorum
1960 1755 2119 1846 Dei,
2155 1753 2593 1829 adfuturam
2636 1755 2737 1829 rei
2769 1779 2925 1831 me-

243 1876 597 1967 moriam,
642 1875 830 1950 inter
879 1899 1088 1950 curas
1138 1877 1570 1975 multiplices
1617 1900 1757 1973 que
1801 1879 2012 1952 nobis
2056 1903 2146 1953 ex
2194 1881 2634 1978 apostolatus
2684 1881 2924 1958 officio

244 2001 684 2076 incumbere
716 2001 1216 2094 dinoscuntur,
1253 2003 1450 2076 illam
1479 2002 1793 2076 libenter
1822 2004 2323 2100 amplectimur
2352 2030 2483 2104 per
2512 2029 2729 2104 quam
2762 2008 2925 2080 uni·

241 2129 444 2202 versi
485 2125 748 2200 Christi
788 2125 1068 2214 fideles,
1113 2127 1256 2200 hoc
1298 2151 1506 2201 sacro
1531 2127 1783 2224 jubilei
1820 2151 2009 2202 anno
2050 2130 2394 2222 instante,
2441 2132 2922 2229 indulgentias

243 2279 290 2328 a
353 2252 698 2338 Romanis
751 2251 1250 2341 Pontificibus,
1305 2253 1945 2350 predecessoribus
1996 2256 2263 2328 nostris
2311 2264 2384 2330 et
2437 2281 2481 2330 a
2532 2257 2743 2331 nobis
2791 2280 2922 2354 pro

241 2379 580 2476 priorum
613 2377 1020 2474 expiatione
1064 2383 1528 2473 peccatorum
1571 2400 1959 2452 concessas
1991 2379 2285 2454 uberius
2313 2381 2599 2456 valeant
2628 2405 2925 2479 promo-

245 2505 434 2592 veri,
472 2511 546 2576 et
575 2504 664 2576 ad
698 2502 794 2591 id,
845 2525 974 2599 pro
1017 2525 1309 2576 suarum
1341 2503 1570 2577 salute
1607 2503 2012 2578 animarum
2053 2507 2453 2603 promptius
2493 2507 2927 2581 inducantur

248 2634 329 2701 et
380 2651 522 2724 que
565 2632 946 2724 propterea
995 2627 1085 2700 ab
1139 2627 1414 2702 eisdem
1463 2628 2104 2724 predecessoribus
2155 2639 2227 2707 et
2276 2655 2317 2706 a
2368 2631 2575 2706 nobis
2624 2632 2925 2729 perinde

251 2761 806 2842 emanaverunt,
865 2751 958 2825 ad
1005 2753 1330 2826 omnium
1384 2754 1771 2828 notititiam
1822 2754 2296 2845 deducantur,
2355 2761 2432 2830 ut
2481 2757 2616 2853 ipsi
2666 2757 2925 2830 Christi

256 2877 526 2950 fideles
564 2876 1173 2973 indulgentiarum
1213 2878 1633 2974 hujusmodi
1674 2879 1933 2954 melius
1974 2888 2044 2954 et
2076 2881 2354 2954 facilius
2394 2903 2698 2976 capaces
2729 2880 2923 2954 effici

252 3008 480 3098 atque
533 3007 780 3075 eterne
839 3001 1300 3075 beatitudinis
1351 3004 1655 3101 premia,
1712 3005 2066 3101 largiente
2120 3004 2515 3096 AltissimO,
2577 3005 2923 3100 consequi

249 3127 569 3224 possint.
617 3129 794 3199 Cum
831 3125 1074 3222 itaque
1107 3150 1340 3200 annus
1363 3127 1646 3224 jubilei,
1683 3128 2129 3202 remissionis
2172 3135 2245 3204 et
2272 3129 2513 3226 gaudii
2546 3152 2631 3202 ac
2662 3151 2923 3204 recon-

247 3251 642 3324 ciliationis
683 3251 977 3324 humani
1020 3247 1306 3347 generis
1345 3258 1595 3327 nostro
1639 3253 1964 3350 piissimo
2004 3252 2499 3350 Redemptori,
2537 3254 2688 3349 qui,
2740 3277 2926 3351 quo·

247 3378 434 3452 libet
488 3399 680 3452 anno
739 3375 1167 3466 centesimo,
1229 3377 1320 3450 ab
1375 3377 1562 3450 illius
1618 3379 1938 3475 primeva
1996 3378 2449 3452 ordinatione
2505 3399 2639 3473 per
2693 3377 2924 3452 felicis
3009 3453 3015 3460 ,

247 3503 778 3576 recordationis
809 3502 1258 3576 Bonifacium
1287 3506 1446 3578 thl
1479 3502 1852 3577 institutus
1895 3526 1979 3576 ac
2022 3502 2282 3576 deinde
2312 3527 2443 3600 per
2476 3504 2924 3578 Clementem

249 3626 348 3699 ad
395 3625 1074 3722 quinquagesimum
1117 3650 1412 3717 annum,
1470 3633 1543 3702 et
1586 3627 1993 3702 successive
2042 3651 2177 3724 per
2217 3629 2648 3726 Gregorium
2696 3632 2788 3702 XI
2834 3628 2931 3702 ad

251 3750 738 3846 trigesimum,
793 3752 1088 3826 tertium
1138 3758 1210 3825 et
1255 3757 1626 3849 postremo
1677 3750 1766 3823 ad
1815 3751 2242 3848 vigesimum
2287 3753 2613 3849 quintum
2653 3777 2926 3827 annum

249 3898 388 3970 per
432 3874 551 3972 pie
601 3875 954 3950 memorie
1006 3876 1306 3950 Paulum
1352 3878 1434 3965 11,
1492 3879 1855 3948 Romanos
1904 3876 2312 3973 pontificeS,
2360 3878 2925 3974 predecessores

251 4004 546 4073 nostros
603 4008 900 4097 propter
949 4001 1270 4075 humane
1328 4001 1470 4074 vite
1530 4000 1956 4074 brevitatem
2016 4001 2360 4074 reductus
2420 4000 2597 4088 fuit3
2653 4001 2921 4074 instare

251 4134 606 4200 noscatur
647 4126 882 4222 sitque
939 4148 1104 4200 vere
1152 4125 1270 4200 ille
1315 4125 1756 4200 centesimus
1805 4149 2037 4199 annus
2088 4126 2207 4223 qui
2257 4125 2348 4198 ab
2399 4124 2555 4222 ipsa
2604 4125 2926 4222 primeva

252 4251 713 4326 ordinatione
761 4251 892 4325 fuit
937 4250 1331 4342 institutuS,
1386 4258 1460 4326 et
1500 4251 1571 4323 in
1614 4274 1759 4346 quo
1811 4251 2118 4325 universi
2160 4249 2425 4323 Christi
2478 4248 2732 4323 fideles
2773 4249 2927 4345 qui-

250 4376 732 4471 buscumque,
781 4378 1000 4451 etiam
1043 4379 1483 4476 gravissimis
1526 4377 1810 4452 delictis
1847 4377 2163 4468 obnoxii,
2204 4399 2372 4451 vere
2405 4377 2818 4473 penitentes
2854 4385 2925 4452 et

251 4497 603 4587 confessi,
651 4499 1006 4574 visitando
1046 4502 1380 4576 basilicas
1419 4508 1493 4576 et
1531 4501 1876 4577 ecclesias
1917 4502 2129 4577 Urbis
2172 4509 2246 4575 et
2282 4505 2487 4575 extra
2529 4523 2653 4576 eas
2696 4500 2926 4597 depu-

251 4628 437 4696 tatas
494 4622 920 4720 illarumque
979 4627 1260 4722 majora
1314 4627 1605 4717 altaria,
1671 4627 1763 4701 ob
1822 4627 2235 4726 passionem
2294 4631 2378 4700 D.
2441 4631 2525 4700 N.
2582 4632 2646 4701 J.
2703 4630 2782 4701 C.
2841 4651 2925 4701 ac

252 4746 748 4844 apostolorum
789 4771 924 4823 nec
963 4772 1111 4823 non
1153 4759 1545 4849 martyrum
1588 4752 2041 4850 aliorumque
2085 4758 2506 4827 sanctorum
2554 4753 2918 4841 meritam,

251 4871 749 4967 plenissimam
797 4876 1124 4950 omnium
1180 4885 1648 4974 peccatorum
1697 4878 2218 4974 indulgentiam
2264 4883 2807 4974 consequantur
2854 4883 2926 4951 et

251 5005 640 5095 propterea
684 5001 775 5074 ab
820 5001 1158 5074 omnibus
1202 5002 1464 5076 Christi
1506 5002 1840 5077 fidelibus
1878 5026 2042 5077 cum
2085 5005 2363 5100 majore
2405 5001 2811 5098 frequentia
2852 5008 2926 5076 et

252 5121 636 5196 devotione
691 5148 838 5199 non
894 5126 1257 5201 immerito
1316 5128 1823 5218 celebranduS,
1884 5128 2417 5226 Cupiamusque
2472 5133 2629 5201 toto
2682 5125 2923 5200 cordis

249 5247 511 5321 affectu
561 5249 841 5323 animas
888 5251 1312 5325 lucrifacere
1357 5255 1704 5348 Creatori,
1753 5255 2171 5350 dictumque
2218 5277 2493 5326 annum
2530 5251 2785 5348 jubilei
2832 5251 2921 5324 ab
