3625 6059
299 540 407 605 [lai
444 536 575 599 ¹⁴9⁴}
948 532 1199 591 RERUM
1250 532 1703 591 URBANARUM
1750 532 2275 598 COMMENTARII.
2416 484 2422 490 ·
2846 538 2945 593 143

306 712 569 775 corona,
618 692 916 784 sceptro
962 692 1035 759 et
1074 708 1290 782 pomo
1333 684 1409 761 in
1451 711 1581 763 suo
1618 688 1900 779 sedisfl,
1945 696 2016 763 et
2050 686 2305 785 prelati
2351 687 2426 759 in
2460 688 2713 763 baucis
2757 690 2933 778 suis,

310 837 531 889 omnes
560 812 867 889 detectis
908 810 1261 909 capitibus
1301 813 1824 909 genuflectunt.
1863 812 2038 910 Regi
2078 810 2466 908 deponitur
2509 835 2783 887 corona
2809 838 2944 912 per

312 945 449 1015 Don
484 938 955 1027 Fridericum,
998 944 1068 1011 et
1110 941 1195 1011 D.
1234 938 1494 1011 Gentili
1534 940 1865 1036 virginio
1918 938 2176 1013 Ursino
2222 937 2539 1013 tenenda
2587 938 2934 1027 traditum

315 1065 605 1139 similiter
652 1071 1025 1160 sceptrum
1075 1068 1149 1135 et
1202 1066 1363 1137 Don
1408 1063 1725 1138 Joffredo
1772 1067 2100 1155 traditur,
2159 1094 2244 1143 ac
2300 1092 2600 1169 pomum
2651 1076 2722 1142 et
2783 1070 2942 1141 Don

316 1190 591 1267 Hearico
634 1190 1073 1287 assignatur,
1119 1194 1192 1262 et
1236 1212 1367 1261 suo
1410 1194 1737 1287 tempore
1787 1215 1920 1289 per
1971 1192 2311 1267 eumdem
2363 1198 2450 1267 D.
2495 1193 2943 1267 Fridericum

312 1316 527 1391 omnia
562 1316 716 1413 regi
759 1322 1255 1412 reponuntur3
1306 1320 1378 1389 et
1419 1315 1705 1409 quando
1747 1324 1859 1390 est
1900 1341 2032 1414 per
2071 1342 2320 1416 regem
2357 1318 2686 1393 facienda
2727 1342 2950 1417 genu-

308 1442 519 1533 flexio,
550 1464 697 1516 non
728 1441 996 1516 debent
1026 1441 1223 1539 prius
1255 1440 1577 1537 predicta
1620 1440 1750 1516 sibi
1791 1441 2058 1537 deponi
2096 1443 2436 1540 quoniam
2469 1467 2598 1518 rex
2631 1444 2722 1516 sit
2753 1445 2944 1541 apud

306 1566 543 1641 sediale
585 1574 661 1641 et
706 1565 979 1641 ibidem
1028 1564 1293 1639 deinde
1342 1572 1734 1662 antequam
1778 1567 2070 1641 recedet
2118 1569 2370 1666 reponi
2415 1593 2430 1641 ε
2479 1568 2683 1643 finito
2729 1593 2944 1643 versu

302 1688 625 1785 predicto,
676 1696 984 1787 surgunt
1023 1712 1279 1764 omnes
1324 1699 1397 1765 et
1430 1692 1498 1764 in
1540 1690 1686 1765 suis
1715 1691 1896 1766 locis
1932 1692 2181 1769 sedent
2213 1717 2590 1791 quousque
2636 1717 2942 1793 evange-

300 1814 457 1887 lium
488 1814 807 1913 incipiat.

386 1939 733 2015 Diaconus
762 1939 940 2015 dicit
974 1965 989 2013 :
1024 1940 1313 2015 Munda
1342 1966 1459 2016 cor
1494 1967 1753 2034 meum,
1804 1955 1966 2034 ete„
2010 1943 2294 2041 legatus
2339 1942 2652 2042 imponit
2689 1944 2942 2019 incen-

294 2088 461 2157 sum,
494 2064 864 2140 benedicit
896 2064 1369 2156 subdiacono,
1404 2074 1477 2141 et
1496 2067 1639 2141 alia
1660 2068 1846 2141 fiunt
1866 2091 2070 2142 more
2097 2068 2338 2143 solito.

378 2188 478 2263 Ad
502 2190 955 2287 evangelium
980 2191 1367 2290 deponitur
1394 2194 1551 2291 regi
1576 2217 1871 2284 corona,
1903 2202 1982 2268 ut
2012 2218 2253 2291 supra,
2293 2200 2578 2293 sceptro
2606 2202 2678 2271 et
2711 2218 2932 2293 pomo

280 2313 355 2387 in
386 2315 713 2389 manibus
752 2316 1055 2391 retentis
1088 2342 1103 2389 ε
1140 2342 1284 2416 quo
1326 2317 1559 2407 finite,
1594 2326 1667 2394 et
1704 2318 1930 2393 Credo
1969 2344 2138 2395 cum
2183 2320 2462 2395 duobus
2506 2322 2656 2394 suis
2701 2322 2936 2419 capel-

276 2439 449 2513 lanis
488 2440 893 2539 majoribus
936 2442 1158 2531 dicto,
1212 2444 1444 2535 sedet,
1492 2452 1563 2519 et
1606 2445 1982 2541 reponitur
2027 2444 2164 2519 sibi
2213 2463 2488 2519 corone
2528 2469 2544 2517 ε
2592 2446 2686 2520 ad
2713 2445 2938 2519 verba

276 2564 833 2667 Ine-amatusque
862 2581 987 2658 est,
1020 2592 1147 2644 rex
1172 2592 1341 2643 cum
1370 2592 1641 2646 corona
1666 2570 1895 2643 suain
1919 2568 2092 2643 sede
2115 2592 2192 2643 se
2217 2569 2590 2643 humiliter
2609 2570 2928 2645 inclinet.

368 2692 557 2767 ldem
588 2694 765 2769 facit
791 2694 1072 2792 legatus
1102 2694 1177 2767 in
1215 2693 1611 2769 faldistorio
1642 2718 1807 2781 suo;
1845 2694 2100 2791 prelati
2142 2718 2310 2769 vero
2351 2718 2606 2770 omnes
2639 2694 2714 2768 in
2745 2695 2929 2771 locis

276 2816 445 2907 suiS,
476 2819 789 2893 detectis
812 2819 1193 2916 capitibuS‚
1229 2819 1753 2917 genuflectunt.

368 2945 543 3018 Tum
585 2944 899 3043 legatuS‚
938 2944 1142 3017 finito
1195 2943 1447 3035 Crede,
1502 2944 1677 3019 dicit
1716 2943 2074 3017 Dominus
2121 2946 2493 3035 vobiscum,
2532 2947 2761 3044 surgit
2803 2970 2927 3021 rex

272 3092 437 3145 cum
460 3094 733 3145 corona
754 3076 853 3160 et,
884 3069 1079 3144 dicto
1112 3070 1435 3160 OremuS,
1469 3070 1701 3145 sedet.

372 3198 589 3269 Lecto
646 3218 781 3291 per
822 3194 1145 3292 legatum
1198 3194 1596 3283 offertorio,
1648 3197 1976 3290 portatur
2024 3193 2504 3269 faldistorium
2561 3196 2638 3269 in
2687 3196 2930 3271 medio

280 3319 518 3395 altaris
548 3320 623 3393 in
654 3342 799 3417 quo
825 3319 1011 3394 sedit
1043 3320 1359 3417 legatum
1392 3342 1560 3393 cum
1590 3316 1832 3408 mitra,
1867 3326 1946 3393 ut
1971 3320 2191 3417 prius.

374 3445 979 3545 Archiepiscopus
1026 3452 1095 3519 et
1144 3444 1556 3543 patriarcha
1610 3444 2032 3520 assistentes
2077 3453 2466 3519 occurrunt
2506 3444 2658 3542 regi
2701 3470 2926 3543 usque

274 3570 365 3644 ad
392 3572 655 3669 gradus
687 3570 1011 3663 thalami,
1045 3570 1167 3643 ubi
1200 3569 1353 3667 regi
1384 3592 1553 3643 cum
1584 3592 1854 3645 corona
1883 3576 1954 3645 et
1975 3592 2194 3667 pomo
2227 3569 2696 3645 descendenti
2728 3594 2928 3645 reve-

274 3698 573 3773 rentiam
603 3698 905 3788 t'aciunt,
939 3705 1013 3773 et
1042 3720 1169 3770 rex
1196 3696 1397 3795 ipsiS,
1436 3702 1516 3769 ut
1538 3695 1775 3794 prius;
1817 3702 1890 3772 et
1921 3721 2172 3795 regem
2201 3718 2434 3793 usque
2475 3695 2568 3769 ad
2603 3695 2924 3792 legatum

274 3822 661 3899 deducunt.
726 3824 903 3921 Regi
956 3820 1397 3922 pretet-eunti
1448 3828 1518 3895 et
1569 3819 1896 3896 redeunti
1949 3828 2332 3920 assurgunt
2379 3843 2634 3895 omnes
2673 3818 2928 3918 prelati

274 3972 437 4023 cum
456 3949 691 4025 mitris
714 3955 785 4025 et
810 3947 1293 4024 reverentiam
1318 3946 1617 4037 faciunt,
1644 3954 1715 4021 et
1734 3946 1892 4045 ipse
1915 3948 2046 4038 eis,
2079 3952 2151 4021 et
2171 3970 2367 4037 eum,
2395 3954 2468 4018 ut
2491 3946 2715 4043 prius,
2748 3944 2926 4039 regii

272 4082 693 4173 sequuntur.

365 4200 723 4277 Pervento
760 4200 850 4275 ad
883 4199 1209 4298 legatum
1254 4197 1697 4297 competenti
1738 4196 1998 4296 spatio,
2031 4197 2361 4273 videlicet
2405 4220 2451 4269 x
2494 4195 2602 4271 vel
2641 4220 2742 4271 xn
2780 4195 2928 4297 pal-

270 4348 585 4417 morum,
645 4326 1035 4425 deponitur
1082 4325 1239 4423 regi
1292 4348 1423 4423 per
1472 4328 1555 4399 D.
1608 4323 2056 4398 Fridericum
2100 4344 2396 4413 corona,
2443 4320 2806 4421 sceptrum
2855 4328 2930 4396 et

268 4474 597 4547 pomum,
646 4457 719 4526 et
752 4450 1111 4549 deputatis
1142 4457 1216 4527 et
1250 4451 1749 4550 assignantur;
1786 4454 1860 4523 et
1887 4449 2074 4523 datis
2103 4472 2236 4547 per
2264 4447 2606 4523 eumdem
2646 4451 2733 4520 D.
2774 4446 2931 4521 Fri-

272 4576 595 4653 dericum
634 4600 739 4651 xn
780 4576 1111 4651 medaliis
1150 4576 1244 4650 ad
1283 4577 1425 4651 hoc
1464 4574 1811 4651 ordinatis
1843 4574 2021 4673 regi,
2060 4598 2186 4650 rex
2225 4573 2416 4648 facte,
2449 4574 2692 4670 legato
2737 4593 2934 4646 reve-

276 4704 521 4793 rentia,
558 4725 783 4800 super
814 4701 1187 4777 cussinum
1218 4726 1465 4777 coram
1494 4724 1581 4777 eo
1614 4700 2060 4798 genuflectit,
2099 4707 2171 4773 et
2195 4699 2422 4773 dictas
2447 4720 2554 4771 xn
2583 4696 2930 4772 medalias

276 4826 501 4927 legato
542 4830 619 4903 in
668 4850 969 4903 manum
1008 4826 1337 4903 dextrum
1382 4826 1623 4915 offert,
1660 4831 1728 4902 et
1762 4848 2062 4899 manum
2098 4823 2325 4923 ipsam
2369 4825 2762 4900 osculatur.
2802 4822 2926 4899 Cui

278 4950 531 5051 legatus
560 4953 743 5041 dicit
780 4977 797 5026 ε
844 4952 1269 5051 Centuplum
1307 4951 1627 5049 accipie&
1664 4964 1735 5026 et
1769 4952 1984 5025 vitam
2013 4963 2341 5025 eternam.
2357 4949 2774 5049 possidebis.

362 5081 599 5182 Surgit
654 5102 795 5154 rex
846 5087 920 5155 et
963 5078 1401 5179 competenti
1454 5077 1683 5178 spatio
1740 5075 2068 5175 predicto
2116 5078 2504 5153 reassumit
2554 5096 2928 5162 coronam,

284 5214 621 5307 sceptrum
686 5210 767 5279 et
824 5227 1161 5301 pomum3
1211 5210 1311 5295 et,
1365 5205 1556 5279 facta
1612 5202 1854 5300 legato
1926 5226 2096 5277 cum
2155 5228 2424 5280 corona
2493 5199 2920 5286 reverentia,
