3625 6059
218 556 383 621 [Aodt
408 556 545 617 14⁹⁶]
882 553 1137 613 RERUM
1181 552 1636 617 URBANARUM
1684 557 2210 618 COMMENTARII.
2775 564 2882 622 315

222 722 413 787 tores
440 716 753 808 quatuor
783 711 1169 809 supradicti
1192 712 1523 811 [iverunt]
1547 712 1639 787 ad
1668 713 2056 787 ecclesiam
2079 715 2288 790 beate
2313 718 2534 792 Marie
2565 739 2880 793 conven-

218 846 339 911 tus
364 837 656 910 fratrum
689 839 1052 911 Minorum
1082 839 1173 912 de
1201 839 1655 914 observantia
1686 842 2268 937 congregationis
2310 844 2512 917 Beati
2541 843 2872 934 Amadei,

218 974 419 1039 extra
460 967 751 1037 Portam
804 968 1171 1054 Rosatam‚
1234 967 1355 1039 ubi
1404 965 1791 1040 celebravit
1840 966 2138 1040 missam
2181 969 2594 1065 capellanus
2639 970 2872 1059 duciS‚

214 1091 616 1165 cantoribus
646 1091 1103 1165 cantantibus
1133 1098 1414 1188 partem
1449 1075 1809 1183 introitus,
1846 1093 2014 1163 etin
2045 1102 2256 1183 terra,
2291 1093 2606 1185 Patrem,
2643 1092 2874 1167 Sanc-

220 1232 360 1307 tus,
402 1223 470 1289 et
498 1215 767 1313 Aynus
810 1216 971 1307 Dei,
1009 1217 1279 1314 absque
1325 1239 1414 1290 eo
1463 1216 1661 1312 quod
1698 1216 2100 1308 celebranS,
2146 1216 2386 1290 Gloria
2435 1221 2510 1291 in
2555 1218 2876 1292 Eoecelsis

218 1342 331 1423 vel
366 1342 607 1432 CredO,
641 1347 767 1416 aut
796 1341 967 1439 quid
999 1341 1193 1415 aliud
1222 1350 1501 1435 cantet;
1544 1343 1673 1418 sed
1712 1366 1801 1415 eo
1835 1343 2120 1417 dicente
2153 1367 2280 1417 seu
2311 1367 2488 1419 voce
2521 1346 2880 1421 submissa

214 1466 627 1566 hujusmodi
672 1466 1063 1564 incipiente
1096 1466 1195 1540 illi
1237 1468 1624 1543 cantabant
1660 1494 1674 1541 :
1714 1468 1825 1542 cui
1868 1468 2351 1544 interfuerunt
2391 1470 2699 1568 legatuS,
2734 1473 2877 1547 dux

218 1600 293 1667 et
318 1592 431 1666 alii
460 1592 767 1689 predicti
796 1616 812 1679 ;
849 1599 920 1667 et
941 1594 1041 1666 ita
1065 1593 1572 1669 accelerabant
1602 1600 1895 1668 cantum
1927 1602 2264 1670 cantores
2285 1596 2481 1691 quod
2511 1596 2880 1672 celebran-

218 1728 363 1792 tem
392 1720 461 1791 in
480 1718 680 1792 nullo
703 1718 1220 1816 impediebant,
1256 1743 1395 1794 nec
1425 1719 1579 1818 ipse
1610 1719 1988 1793 celebrans
2017 1742 2270 1795 eorum
2303 1730 2597 1795 cantum
2647 1723 2722 1796 in
2755 1724 2878 1797 ali-

214 1866 361 1941 quo
385 1844 799 1918 advertebat
818 1844 928 1918 vel
954 1868 1081 1917 eos
1103 1845 1555 1941 expectabat,
1576 1846 1707 1918 sed
1722 1846 2295 1942 prosequebatur
2315 1846 2613 1921 missam
2641 1872 2870 1941 suam,

210 1992 297 2042 ac
341 1968 401 2041 si
440 1969 597 2042 sine
627 1969 767 2043 illis
808 1968 1237 2044 celebraret.
1281 1971 1521 2045 Paravi
1561 1970 1633 2043 in
1664 1958 1879 2068 plano
1919 1971 2349 2070 presbyterii
2391 1973 2484 2047 ad
2512 1974 2876 2048 sinistram

212 2094 544 2167 intrantis
576 2096 651 2168 in
682 2118 909 2169 cornu
940 2097 1317 2193 evangelii,
1345 2100 1550 2194 juxta
1579 2110 1870 2170 murum
1901 2103 1973 2171 et
2011 2120 2238 2195 prope
2280 2098 2531 2191 altare,
2569 2100 2712 2174 duo
2741 2100 2878 2174 fal-

210 2220 509 2293 distoria
536 2219 766 2317 paria,
803 2243 1025 2293 unum
1058 2217 1261 2293 altari
1295 2220 1525 2316 magis
1568 2242 1969 2316 congruum
2001 2242 2131 2317 pro
2165 2219 2446 2316 legat03
2479 2223 2675 2297 aliud
2699 2245 2875 2297 con-

212 2344 540 2419 veniebat
566 2368 730 2419 esse
762 2346 852 2419 ad
878 2345 1251 2419 dexteram
1281 2344 1523 2442 legati,
1560 2368 1691 2442 pro
1722 2345 1935 2437 duce,
1973 2345 2495 2442 aliquantulum
2529 2353 2774 2419 tamen
2803 2346 2876 2419 in

214 2477 405 2544 retro
432 2472 755 2569 positum
787 2470 863 2546 in
902 2471 1116 2568 plano
1148 2470 1469 2545 inferiori
1500 2477 1667 2545 ante
1695 2470 2265 2569 presbyterium3
2296 2471 2388 2543 ad
2409 2470 2598 2543 latus
2627 2470 2876 2545 faldis-

214 2596 369 2669 torii
406 2596 615 2670 ducis
644 2620 873 2669 unum
902 2595 1271 2670 banchum
1295 2596 1623 2693 longum,
1652 2593 1988 2670 banchali
2020 2600 2471 2693 coopertum,
2506 2620 2674 2669 cum
2704 2620 2878 2693 qua-

215 2732 367 2797 tuor
418 2724 732 2797 eussinis
790 2724 865 2796 in
924 2730 1115 2796 terra
1167 2722 1453 2820 positiS,
1494 2743 1625 2819 pro
1677 2727 1988 2818 quatuor
2040 2724 2452 2798 oratoribus
2503 2724 2870 2823 predictiS,

212 2849 367 2924 lit-et
426 2848 885 2923 ordinatores
939 2848 1170 2937 ducis,
1230 2848 1349 2943 qui
1408 2854 1719 2944 quatuor
1758 2846 1901 2920 alia
1939 2845 2342 2923 faldistoria
2387 2872 2518 2946 pro
2563 2856 2880 2946 quatuor

214 2974 615 3049 oratoribus
645 2974 1015 3071 predictis,
1052 2971 1210 3046 aliis
1243 2970 1526 3044 duobus
1548 2970 1844 3045 omnino
1863 2970 2087 3066 paria,
2125 2972 2490 3067 apportari
2521 2972 2869 3067 fecerant,

216 3108 626 3173 assererent
693 3099 952 3173 ducem
1012 3099 1116 3171 sic
1164 3098 1547 3171 observare
1594 3098 2070 3191 {consuetum,
2126 3097 2590 3193 quodquein
2636 3098 2876 3171 missis

214 3232 273 3297 et
312 3223 765 3299 orationibus
812 3230 883 3298 et
924 3224 1081 3297 aliis
1120 3222 1339 3312 lociS,
1386 3229 1533 3295 tam
1569 3218 1875 3318 publicis
1917 3243 2135 3315 quam
2184 3220 2502 3318 privatis,
2547 3229 2873 3297 oratores

214 3349 530 3421 omnium
560 3370 817 3444 regum
844 3354 915 3422 et
952 3347 1359 3445 principum
1402 3369 1620 3444 supra
1663 3344 1899 3441 ipsum
1942 3344 2016 3417 in
2061 3368 2363 3421 romana
2401 3347 2603 3421 curia
2632 3349 2872 3423 locum

212 3474 633 3548 habentium
676 3497 891 3569 supra
932 3496 1010 3546 se
1051 3472 1293 3545 locare
1326 3494 1473 3544 non
1501 3469 1850 3567 placeret,
1888 3475 1962 3543 et
1999 3479 2439 3545 conarentur
2469 3474 2872 3548 orationem

216 3623 447 3675 meam
480 3600 879 3674 reformare
920 3605 993 3671 et
1030 3598 1103 3669 in
1137 3620 1347 3671 suum
1390 3595 1685 3670 modum
1729 3595 2078 3669 reducere
2117 3620 2131 3667 :
2170 3595 2430 3691 quibus
2473 3599 2870 3672 contradixi

216 3730 275 3797 et
304 3724 511 3798 ducis
556 3725 850 3799 decreto
894 3746 1011 3797 me
1058 3722 1328 3796 remisi.
1365 3725 1635 3795 Tamen
1680 3721 1853 3810 duic,
1888 3743 1967 3794 re
1999 3720 2392 3811 intellecta,
2421 3723 2643 3798 voluit
2677 3725 2872 3798 ordi—

214 3848 477 3922 nationi
514 3871 635 3922 me
672 3847 918 3922 locum
956 3845 1256 3936 babere,
1292 3868 1509 3942 quam
1552 3846 1978 3933 observavit,
2017 3852 2089 3920 et
2121 3852 2478 3921 steterunt
2509 3848 2770 3946 singuli
2799 3849 2868 3922 in

216 3970 377 4047 locis
401 3997 539 4071 pro
573 3974 681 4047 eis
710 3972 1082 4047 ordinatis

298 4099 591 4173 Missale
630 4103 793 4195 post
837 4096 1289 4193 evangelium
1326 4094 1754 4169 ministravit
1800 4094 2074 4169 electus
2105 4097 2696 4196 archiepiscopus
2729 4100 2870 4171 Ba-

218 4225 425 4299 rensis
475 4224 748 4319 legam,
800 4224 923 4318 qui
972 4228 1359 4319 antequam
1415 4221 1655 4318 ipsum
1700 4220 2180 4313 oscularetur,
2235 4223 2556 4297 invitavit
2602 4224 2866 4297 ducem

216 4350 315 4443 qui
342 4372 515 4424 eum
548 4371 697 4422 non
728 4348 1151 4446 acceptavit.
1190 4346 1334 4420 Sed
1362 4351 1526 4443 post
1562 4344 1776 4442 legati
1810 4345 2430 4422 deosculationem
2464 4348 2682 4422 etiam
2711 4349 2868 4447 ipse

218 4470 335 4547 dux
362 4472 835 4548 deosculatus
864 4478 1011 4562 est;
1047 4473 1239 4546 idem
1283 4471 1373 4545 de
1414 4493 1592 4567 pace
1633 4494 1852 4567 quam
1885 4472 2104 4545 etiam
2143 4473 2340 4549 idem
2383 4474 2658 4549 electus
2692 4475 2867 4570 ipsis

218 4600 630 4674 ministravit
661 4600 1123 4672 observatum
1161 4605 1296 4672 est.
1341 4598 1516 4672 Aliis
1548 4597 1956 4673 oratoribus
1987 4623 2073 4673 ac
2111 4597 2626 4695 principalibus
2663 4595 2869 4669 nobi-

218 4719 375 4799 libus
406 4724 615 4799 dedit
641 4747 899 4822 pacem
931 4750 1117 4798 unus
1148 4748 1235 4799 ex
1280 4724 1671 4823 capellanis
1699 4724 1918 4822 legati
1956 4749 1971 4796 ε
2008 4748 2196 4797 unus
2236 4730 2516 4798 tantum
2557 4721 2864 4797 clericus

220 4849 611 4925 scholarum
636 4849 1010 4946 capellano
1042 4851 1437 4926 celebranti
1467 4852 1847 4943 serviebat,
1875 4851 1996 4948 qui
2029 4874 2160 4949 pro
2193 4849 2592 4925 elevatione
2625 4870 2865 4924 sacra-

218 4976 417 5050 menti
474 4976 694 5049 dabat
768 4982 1075 5070 quatuor
1133 4982 1384 5073 parata
1436 4977 1788 5051 intortitia
1858 4982 2169 5074 quatuor
2235 4977 2698 5051 servitoribus
2770 4975 2860 5048 de

218 5120 477 5176 camera
523 5100 733 5175 ducis
778 5101 1129 5192 tenenda;
1166 5102 1363 5199 quod
1405 5126 1570 5175 cum
1603 5102 1777 5176 mibi
1818 5084 2166 5177 indecens
2209 5102 2600 5194 videretur,
2639 5103 2863 5175 missa

220 5223 419 5319 finita,
460 5226 537 5301 id
596 5226 765 5300 duci
814 5227 1181 5324 exposito,
1228 5228 1469 5325 rogavi
1524 5235 1601 5303 ut
1662 5226 1988 5303 officium
2051 5230 2467 5329 hujusmodi
2515 5228 2860 5325 deinceps
