3625 6059
207 525 573 589 [samm-1⁴95]
818 524 1071 581 RERUM
1119 525 1575 584 URBANARUM
1622 526 2152 583 COMMENTARH.
2721 531 2820 585 ’221

206 678 555 753 Perusinus
580 679 990 773 episcopu3‚
1022 676 1361 766 datarium,
1394 679 1689 751 nomine
1724 684 1946 777 Pape,
1977 686 2046 753 et
2080 683 2232 753 DD.
2269 680 2360 753 de
2393 681 2712 753 Bresach
2753 688 2830 761 et

198 810 291 877 Jo.
316 804 395 877 de
415 804 909 899 Montpensier
932 810 1005 877 et
1032 808 1116 875 D.
1149 802 1521 879 lohannes
1556 804 1647 877 de
1681 809 1929 903 Ganay
1960 807 2088 905 (1),
2133 805 2412 902 primus
2447 806 2828 902 presidens

203 928 599 1001 parlamenti
631 927 1073 1023 parisiensis.
1120 928 1265 1001 Sed
1302 929 1685 1003 cardinalis
1727 954 1787 1002 s,
1842 930 2032 1002 Petri
2065 929 2152 1003 ad
2185 928 2493 1005 Vincula
2537 936 2610 1003 et
2641 934 2830 1004 Gur-

198 1052 427 1141 censiS,
462 1052 833 1126 intellecta
860 1053 1327 1127 conclusione
1360 1053 1515 1129 sine
1546 1056 1653 1127 eis
1684 1056 1897 1145 facta,
1935 1054 2314 1150 conquesti
2347 1062 2510 1129 sunt
2549 1057 2697 1152 regi
2733 1056 2824 1129 de

194 1180 391 1273 pactis
417 1178 591 1274 ipsis
620 1201 751 1275 per
778 1201 949 1251 eum
982 1202 1127 1251 non
1158 1178 1455 1254 servatis
1496 1203 1665 1252 cum
1707 1179 1902 1276 ipsis·
1925 1179 2406 1276 promissis·et
2438 1202 2572 1277 per
2611 1204 2824 1254 coro-

198 1327 339 1375 nam
365 1304 635 1399 regiam
666 1304 823 1377 sine
854 1302 959 1375 eis
990 1310 1062 1377 et
1093 1328 1347 1377 eorum
1378 1304 1562 1379 scitu
1590 1311 1661 1380 et
1695 1304 2058 1378 voluntate
2101 1328 2268 1379 cum
2303 1306 2650 1402 pontifice
2683 1330 2826 1381 non

195 1429 345 1502 velle
388 1428 833 1501 concordare
878 1428 987 1501 vel
1032 1428 1303 1525 aliquid
1352 1428 1787 1503 concludere
1833 1438 1908 1503 et
1953 1428 2094 1503 hoc
2135 1429 2378 1502 medio
2421 1431 2830 1505 conclusio-

196 1576 337 1627 nem
362 1553 813 1650 hujusmodi‚
850 1562 923 1629 et
952 1578 1043 1629 ne
1076 1554 1176 1627 illi
1208 1554 1297 1627 ad
1330 1559 1621 1628 Rmum.
1658 1558 1745 1628 D.
1783 1553 2234 1629 cardinalem
2264 1553 2832 1629 Alexandrinum

196 1679 510 1767 venirent,
548 1678 1111 1776 impediverunt.

272 1802 463 1875 Feria
514 1804 867 1885 secunda,
930 1809 1013 1877 12
1054 1804 1393 1900 januarii,
1454 1830 1576 1877 rex
1631 1805 1934 1892 Francie
1985 1804 2324 1901 equitavit
2377 1828 2508 1901 per
2560 1804 2824 1879 Urbem

198 1929 395 2017 solue,
460 1930 672 2003 illam‘
720 1928 1009 2001 videndi
1074 1952 1327 2018 causa,
1394 1952 1613 2025 quem
1680 1929 2063 2002 associavit
2120 1933 2370 2001 Rmus.
2441 1927 2824 2004 cardinalis

200 2080 246 2125 s.
278 2054 577 2153 Dionysii
625 2053 845 2150 longe
885 2058 1049 2152 post
1097 2076 1341 2151 regem
1388 2077 1555 2127 cum
1596 2052 1754 2127 aliis
1796 2052 2159 2127 nobilibus
2203 2054 2532 2150 equitans
2579 2077 2593 2124 :
2645 2054 2831 2127 inter

204 2180 399 2274 ipsum
442 2181 639 2253 enim
688 2188 763 2253 et
804 2203 1051 2277 regem
1090 2179 1459 2275 equitabat
1496 2179 1787 2275 quidam
1831 2178 2250 2277 capitaneus
2295 2178 2620 2275 peditum
2665 2201 2829 2250 cus-

208 2304 365 2377 todie
404 2306 595 2401 regis
642 2304 841 2377 circa
876 2304 1115 2401 ipsum
1152 2305 1671 2393 incedentium,
1713 2328 1964 2378 curam
1996 2304 2274 2377 habens
2313 2292 2510 2399 quod
2551 2301 2831 2398 pedites

206 2437 645 2524 sequerentur
682 2455 699 2503 :
738 2429 1181 2525 sequebatur
1209 2430 1595 2503 cardinalis
1636 2454 1803 2503 cum
1839 2427 2202 2503 nobilibus
2233 2427 2416 2502 aliis,

284 2554 611 2650 Sequenti
642 2555 790 2643 die,
835 2559 918 2628 13
940 2555 1285 2653 januarii,
1321 2580 1449 2630 rex
1478 2556 1822 2652 equitavit
1847 2554 1938 2628 ad
1967 2561 2298 2627 sanctum
2330 2551 2832 2626 Sebastianum

207 2676 277 2746 ab
309 2677 449 2751 istis
490 2680 719 2753 etiam
755 2680 1192 2771 associatus3
1238 2680 1395 2755 aliis
1428 2679 1902 2777 sequentibus
1931 2678 2186 2753 diebus
2225 2678 2424 2765 alibi,
2457 2699 2590 2774 pro
2622 2676 2831 2750 libito

208 2824 305 2873 sue
332 2803 709 2879 voluntatis
741 2804 873 2893 (2),

284 2928 467 3003 Feria
504 2941 741 3019 sexta,
801 2938 887 3005 16
933 2932 1103 3006 dicti
1144 2932 1414 3008 mensis
1449 2930 1791 3028 januarii,
1847 2929 2037 3003 bono
2079 2952 2320 3018 mane,
2373 2938 2833 3003 recesserunt

208 3078 275 3125 ex
300 3056 497 3147 Urbe,
536 3062 793 3132 Rmus,
838 3060 1193 3134 Ascanius
1232 3058 1867 3134 vicecancellarius
1899 3062 1972 3129 et
2006 3054 2096 3128 de
2129 3058 2398 3125 Lunate
2433 3050 2832 3125 cardinales

208 3177 651 3253 Mediolanum
685 3182 883 3271 ituri,
919 3190 1069 3256 uta
1097 3182 1465 3257 nonnullis
1496 3180 1982 3255 asserebatur.

286 3304 535 3377 Eodem
568 3305 721 3394 die,
752 3306 827 3378 in
856 3330 1097 3397 mane,
1130 3332 1259 3383 rex
1285 3307 1585 3382 Francie
1614 3305 1954 3403 equitavit
1981 3305 2073 3379 ad
2109 3305 2482 3379 basilicam
2513 3328 2574 3375 s.
2607 3301 2826 3389 Petri,

207 3425 301 3498 ubi
334 3428 563 3503 audita
608 3431 837 3506 missa
875 3433 949 3505 in
996 3434 1273 3531 capella
1318 3460 1375 3506 s.
1428 3432 1818 3507 Petronille
1867 3454 1998 3529 per
2043 3454 2269 3503 unum
2313 3453 2400 3503 ex
2442 3426 2831 3524 capellanis

207 3550 360 3641 suis;
393 3552 471 3651 (si
508 3561 711 3629 recte
752 3557 1081 3647 memini,
1120 3558 1277 3633 sine
1308 3565 1519 3633 cantu
1559 3558 1926 3633 celebrata
1954 3556 2119 3653 est),
2157 3555 2482 3630 ascendit
2511 3554 2604 3627 ad
2631 3552 2831 3649 pala-

210 3674 351 3749 tium
396 3682 583 3778 Pape
626 3681 727 3755 ad
762 3705 1091 3757 cameras
1136 3708 1359 3758 novas
1395 3709 1532 3787 pro
1584 3708 1673 3757 eo
1712 3688 1998 3780 paratas
2045 3680 2164 3755 ubi
2203 3679 2374 3753 fecit
2417 3677 2826 3775 prandium.

210 3802 469 3895 Deinde,
520 3808 721 3880 circa
764 3808 1021 3883 horam
1050 3834 1169 3898 xx,
1208 3814 1403 3907 Papa
1444 3814 1764 3906 portatus
1814 3806 1945 3880 fuit
1989 3829 2122 3904 per
2169 3800 2828 3879 deambulatorium

266 4044 307 4099 1.
340 4046 477 4104 Tous
508 4068 599 4105 ces
632 4068 771 4107 msS.
805 4053 1049 4107 donnent
1078 4070 1139 4107 ce
1170 4069 1297 4108 nom
1337 4056 1446 4107 tres
1477 4051 1942 4106 incorrectement.
1981 4070 2008 4097 «
2038 4046 2308 4103 „lohannes
2336 4045 2569 4111 Socrati,
2607 4044 2831 4109 55222,

214 4132 239 4185 s.
262 4136 307 4187 8.
334 4168 393 4177 —
423 4139 471 4195 J.
504 4140 746 4209 Sotlemi,
772 4141 965 4209 13735,
988 4140 1025 4197 f.
1048 4144 1118 4196 85
1138 4159 1215 4198 vo.
1240 4174 1307 4182 -
1328 4144 1378 4197 J.
1404 4142 1469 4196 de
1494 4142 1779 4202 Serranm',
1813 4139 1974 4193 5¹60.
2013 4136 2047 4192 f.
2072 4136 2176 4190 214
2208 4153 2286 4190 vo.
2312 4134 2530 4199 Serani,
2557 4132 2678 4197 149,
2701 4138 2830 4193 etc„

212 4222 629 4285 etdifferemment
648 4230 789 4285 dans
810 4228 1049 4287 d’autres
1070 4248 1342 4304 passages
1364 4230 1462 4285 des
1484 4234 1689 4285 memes
1709 4246 1846 4283 mse.
1868 4232 1970 4283 etc.
1995 4223 2128 4281 Voir
2142 4223 2359 4296 preced.
2373 4265 2385 4289 ,
2399 4239 2454 4294 p.
2485 4220 2612 4287 215,
2633 4228 2760 4273 note
2773 4220 2831 4271 2.

264 4314 307 4365 2.
344 4338 369 4362 ⁴<
482 4318 555 4373 Le
588 4336 690 4392 roy
718 4326 807 4375 est
832 4318 935 4374 alle
963 4318 1308 4392 aujourd'hui
1337 4336 1435 4392 par
1454 4318 1505 4375 la
1532 4317 1655 4373 ville
1685 4322 1755 4373 ou
1786 4316 1824 4369 il
1841 4316 2062 4386 n’avoyt
2089 4311 2242 4387 point
2269 4326 2464 4367 encore
2483 4311 2600 4365 este
2630 4311 2702 4363 ou
2733 4305 2770 4361 il
2799 4322 2836 4377 y

214 4414 315 4455 aeu
349 4422 445 4460 une
480 4406 857 4464 merveilleuse
896 4425 1087 4482 presse
1126 4409 1193 4463 de
1232 4407 1493 4463 Romains
1524 4426 1557 4463 a
1586 4407 1633 4463 le
1670 4424 1875 4480 veoyr3
1911 4403 1948 4457 il
1987 4410 2073 4458 est
2100 4404 2257 4475 ayma
2286 4407 2339 4455 et
2377 4396 2668 4454 volontiers
2707 4414 2832 4456 veu,

218 4486 311 4557 plus
336 4512 395 4548 en
424 4496 593 4567 partie
623 4514 733 4571 que
762 4496 941 4573 celluy
970 4497 1063 4570 qui
1094 4514 1160 4553 en
1199 4504 1287 4554 est.
1316 4498 1591 4569 seigneur.
1627 4496 1686 4553 Si
1710 4498 1912 4570 justice
1944 4491 2158 4567 reg-nait
2199 4488 2379 4545 mieux
2418 4484 2612 4560 qu’elle
2643 4502 2710 4539 ne
2741 4483 2841 4541 fait

216 4590 269 4629 on
294 4581 439 4638 serait
466 4584 589 4641 bien
630 4604 775 4642 venu
813 4592 1049 4660 pat-tout,
1078 4592 1133 4641 et
1160 4587 1350 4655 adore3
1384 4585 1523 4641 mais
1553 4585 1633 4639 les
1664 4583 1904 4658 pilleries
1943 4590 1998 4639 et
2037 4592 2462 4649 ranconnemenz
2503 4575 2669 4648 qu’on
2707 4572 2838 4629 faict

216 4662 319 4721 dont
342 4673 627 4745 pugnicion
660 4692 731 4731 ou
760 4674 1070 4748 reparacion
1110 4674 1254 4732 n'est
1292 4674 1446 4748 point
1480 4673 1659 4743 faicte,
1701 4674 1948 4731 donnent
1983 4689 2059 4727 un
2097 4665 2340 4724 mauvais
2369 4664 2553 4737 bruyt‚
2585 4669 2641 4719 et
2677 4662 2836 4718 ceulx

218 4754 287 4823 qui
319 4755 361 4812 le
398 4760 503 4818 sont
542 4772 675 4822 sont
710 4771 1031 4833 soustenuz;
1071 4782 1219 4839 quoy
1256 4783 1362 4838 que
1408 4784 1469 4821 ce
1517 4764 1642 4833 soit,
1674 4764 1914 4819 chascun
1955 4761 2048 4834 n'y
2077 4758 2172 4815 fait
2197 4774 2298 4831 pas
2338 4772 2399 4810 ce
2436 4751 2569 4827 qu’il
2607 4753 2758 4826 doyt.
2807 4774 2833 4801 n

224 4860 243 4889 ε
267 4842 453 4906 Lecti-es
485 4853 551 4908 de
586 4854 771 4910 Mons‘
801 4855 869 4910 de
899 4854 1089 4911 Sainet
1118 4854 1261 4911 Malo
1291 4854 1553 4929 escriptes
1584 4859 1617 4910 a
1648 4853 1698 4909 la
1735 4870 1907 4926 royne
1945 4852 2217 4923 envoyees
2256 4848 2324 4903 de
2361 4844 2414 4901 la
2443 4841 2584 4901 dicte
2623 4844 2836 4898 damme

220 4946 273 4985 au
303 4936 401 4993 vice
428 4940 729 4999 chancelier
763 4945 831 5001 de
870 4943 1165 5018 Bretaigne
1220 4944 1547 5015 (Guillaume
1587 4944 1862 5015 Guegen),
1899 4964 1927 4992 υ
1961 4937 2282 5011 Pilorgerie,
2331 4938 2520 5007 Gamp.
2575 4939 2626 4991 el
2663 4934 2830 4997 &cll-³

222 5036 261 5089 l».
299 5022 399 5085 134.
430 5029 555 5085 Voir
592 5037 739 5089 toute
780 5039 919 5092 cette
948 5034 1127 5104 lettre,
1158 5033 1289 5091 tire'e
1323 5035 1421 5089 des
1452 5032 1698 5090 archives
1729 5032 1795 5087 de
1835 5031 1887 5086 la
1913 5028 2122 5085 maison
2163 5027 2231 5081 de
2269 5028 2487 5093 Rohan,
2519 5030 2573 5079 et
2600 5024 2653 5081 la
2681 5022 2836 5077 lettre

226 5110 427 5171 ›uis-anu?
462 5120 533 5175 du
570 5120 763 5178 batard
800 5123 1045 5180 Mathieu
1083 5125 1151 5179 de
1202 5122 1479 5193 Bourbon,
1512 5140 1579 5179 en
1618 5123 1743 5177 date
1782 5121 1850 5176 de
1891 5120 2084 5187 Rome,
2119 5120 2186 5174 13
2219 5115 2431 5191 janvier
2471 5115 2629 5181 1495,
2661 5114 2695 5166 a
2737 5128 2837 5166 son

226 5194 335 5255 frere
358 5206 565 5267 charles
598 5216 675 5284 (p.
710 5194 851 5282 1111).
