3625 6059
617 556 652 610 ss
1316 576 1322 583 -
1363 530 1370 537 ’
1489 531 1498 537 ’
1537 550 1889 609 sonANle
1938 550 2382 624 eunomiam,
2802 554 3115 621 [Decembre
3146 546 3293 622 {4922‘1

623 712 783 780 Don
845 704 1252 780 Fridericus
1319 706 1510 780 filius
1581 708 1771 803 regis
1844 706 2313 797 Ferdinandi,
2380 714 2725 805 tanquam
2800 708 3291 787 ambasciator

619 831 871 927 patriS,
895 830 1090 905 venit
1119 832 1211 905 ad
1243 834 1508 907 Urbem
1537 832 1629 906 ad
1656 833 2119 930 prestandam
2151 832 2639 909 obedientiam
2660 840 2733 908 et
2758 836 2953 909 venit
2974 838 3293 912 multum-

631 962 1050 1053 sumptuose
1095 960 1168 1029 et
1209 956 1397 1032 bene
1446 964 1765 1031 ornatus.
1817 960 1904 1031 Et
1957 982 2122 1032 cum
2164 982 2430 1056 magno
2461 959 2743 1035 honore
2780 961 2914 1035 fuit
2959 969 3293 1061 receptus

626 1106 671 1156 a
709 1080 1052 1155 cardinali
1097 1082 1322 1155 sancti
1365 1083 1556 1157 Petri
1607 1082 1699 1156 ad
1740 1082 2073 1172 Vincula,
2120 1083 2242 1180 qui
2291 1084 2474 1159 adeo
2522 1084 2929 1161 honorifice
2980 1094 3050 1161 et
3095 1112 3309 1162 sum-·

625 1214 882 1317 ptuose
915 1230 1081 1282 eum
1103 1208 1378 1304 recepit
1402 1215 1475 1283 et
1505 1231 1638 1306 per
1668 1207 1939 1303 aliquot
1968 1207 2123 1281 dies
2146 1209 2467 1301 retinuit,
2502 1210 2698 1306 quod
2726 1210 2841 1284 vix
2861 1211 3002 1285 dici
3024 1219 3291 1310 potest.

633 1336 888 1406 Fertur
933 1334 1205 1409 dictum
1265 1332 1714 1407 Fridericum
1769 1331 1957 1405 inter
2014 1333 2156 1406 alia
2208 1332 2471 1409 dixisse
2530 1358 2715 1432 pape
2772 1336 3179 1410 Alexandro
3220 1340 3293 1412 in

629 1458 1093 1550 consistori0,
1147 1467 1225 1534 ut
1287 1457 1683 1532 abstineret
1741 1478 1819 1531 se
1883 1481 1927 1531 a
1982 1456 2521 1554 dispensatione
2578 1460 3019 1535 matrimonii
3078 1486 3293 1559 quam

630 1584 937 1681 petierat
976 1584 1486 1681 rex'Ungarie,
1545 1582 1664 1679 qui
1713 1580 1998 1655 volebat
2042 1582 2473 1658 renunciare
2522 1584 2957 1658 Eleonoram
2998 1584 3091 1684 (1)
3138 1589 3297 1686 ejus

633 1734 960 1802 uxorem,
993 1717 1066 1785 et
1091 1710 1312 1784 filiam
1338 1708 1503 1783 dicti
1539 1707 1754 1804 regie,
1793 1730 1883 1781 eo
1906 1708 2102 1804 quod
2127 1732 2215 1781 ex
2245 1732 2329 1781 ea
2350 1732 2495 1781 non
2520 1709 2959 1807 suscipiebat
2981 1712 3292 1807 prolem,

634 1841 708 1910 et
746 1836 1035 1911 volebat
1083 1858 1342 1933 capere
1387 1834 1613 1907 filiam
1662 1832 1864 1906 ducis
1904 1832 2465 1908 Mediolanensis
2504 1858 2589 1908 ac
2636 1858 2962 1910 sororem
3006 1838 3297 1912 Ascanii

634 1960 1020 2035 cardinalis
1064 1957 1651 2047 MediolanensiS,
1689 1962 1761 2031 et
1807 1958 2003 2055 quod
2039 1982 2173 2055 pro
2218 1957 2411 2033 dicta
2463 1960 2998 2057 dispensatione
3044 1985 3299 2037 conse-

633 2083 924 2181 quenda
951 2084 1177 2157 multa
1214 2082 1438 2156 millia
1481 2080 1907 2155 ducatorum
1938 2082 2457 2157 offerebantur.
2496 2088 2581 2157 Et
2618 2108 2783 2159 cum
2822 2090 3017 2183 Papa
3052 2088 3295 2161 inten-

633 2209 837 2285 deret
875 2211 1110 2285 facere
1149 2209 1370 2285 talem
1411 2208 2058 2307 dispensationem,
2093 2208 2385 2283 fuerunt
2427 2209 2651 2283 multe
2692 2210 2879 2284 inter
2912 2232 3039 2285 eos
3078 2211 3295 2287 alter-

634 2335 983 2427 cationes„
1033 2335 1216 2409 adeo
1273 2333 1494 2432 quod,
1546 2340 1621 2407 ut
1691 2333 1947 2423 fertur,
1992 2333 2219 2408 iratus
2272 2332 2573 2408 recessit
2634 2341 2704 2407 et
2757 2358 2889 2431 per
2944 2360 3144 2411 mare
3202 2338 3297 2411 ad

633 2461 905 2536 Ostiam
945 2460 1093 2534 ivit.
1131 2465 1218 2533 Et
1257 2458 1640 2534 cardinalis
1683 2483 1739 2534 s,
1784 2459 1978 2532 Petri
2021 2458 2113 2532 ad
2160 2458 2469 2535 Vincula
2506 2481 2671 2532 cum
2713 2484 2801 2532 eo
2840 2460 2990 2552 ivit,
3035 2462 3182 2558 qui,
3216 2470 3297 2537 ut

633 2586 921 2673 dicitur,
952 2610 1044 2660 ex
1073 2608 1160 2661 eo
1193 2585 1386 2683 quod
1414 2584 1584 2657 favit
1614 2582 1808 2657 dicto
1846 2584 2027 2679 regi,
2064 2583 2292 2658 factus
2320 2583 2456 2657 fuit
2486 2583 2820 2658 inimicus
2854 2589 3072 2682 Pape,
3108 2585 3295 2661 adeo

633 2712 828 2808 quod
875 2710 1188 2786 noluerit
1235 2710 1545 2809 amplius
1586 2709 1825 2783 redire
1874 2708 1967 2783 ad
2011 2709 2310 2799 Urbem,
2348 2708 2478 2782 sed
2524 2710 2958 2783 remanserit
3005 2712 3080 2791 in
3125 2735 3295 2785 arce

633 2834 825 2910 dicte
857 2836 1170 2909 Civitatis
1203 2836 1396 2909 Ostie
1427 2836 1615 2909 bene
1647 2840 1966 2909 armatus
1989 2839 2061 2908 et
2087 2834 2436 2923 munituS,
2464 2858 2547 2909 ac
2580 2835 2638 2908 si
2670 2857 3009 2933 campum
3043 2844 3299 2911 contra

639 2984 716 3035 se
763 2968 1204 3059 expectaret,
1253 2968 1323 3035 et
1371 2960 1798 3035 abstinuerit
1850 2958 2089 3032 venire
2139 2958 2230 3031 ad
2274 2959 2542 3034 Urbem
2576 2959 2697 3060 (2).
2732 2964 2817 3035 Et
2859 2985 3025 3035 cum
3070 2964 3298 3037 semel

637 3110 826 3185 papa
851 3084 1260 3161 Alexander
1288 3086 1725 3160 destinasset
1749 3083 1853 3157 ire
1886 3088 1957 3157 et
1986 3083 2339 3180 prandere
2372 3084 2445 3157 in
2475 3085 2741 3182 palatio
2775 3088 3003 3160 sancti
3033 3087 3301 3162 Johan-

709 3274 762 3329 1.
800 3272 947 3329 Tous
990 3270 1070 3328 les
1107 3272 1436 3330 manuscrits
1483 3276 1539 3329 et
1586 3271 1665 3329 les
1713 3272 1992 3349 imprimes
2039 3273 2285 3330 donnent
2326 3272 2651 3329 Eleonoram
2692 3271 2945 3345 (Eccard,
2984 3274 3301 3343 Leonoram,

640 3358 743 3419 col.
775 3360 960 3433 2010).
994 3360 1038 3416 Il
1076 3361 1193 3417 saut
1228 3360 1324 3417 lire
1359 3364 1679 3419 Beatricem.
1711 3353 1975 3420 Eleonore
2012 3362 2157 3420 avait
2184 3350 2389 3437 epouse
2428 3362 2656 3417 Hercule
2684 3362 2889 3431 d'Este,
2920 3362 3030 3419 duc
3066 3362 3136 3418 de
3170 3362 3303 3418 Fer-

639 3468 781 3521 rare‚
813 3457 868 3508 et
895 3450 1161 3521 Beatrice,
1195 3467 1344 3505 soeur
1374 3438 1714 3521 d'Eleonore,
1745 3451 1893 3509 avait
1920 3454 2125 3526 epouse
2168 3451 2428 3522 MathiaS,
2460 3450 2540 3506 roi
2569 3451 2638 3507 de
2666 3450 2930 3525 Hongrie.
2964 3450 3106 3526 Voy.
3140 3451 3303 3507 Sum-

641 3542 844 3610 monte,
884 3541 982 3596 Ist.
1014 3540 1162 3597 della
1199 3540 1344 3597 cina
1381 3556 1410 3596 e
1443 3542 1626 3610 Reque
1665 3541 1726 3596 di
1759 3540 1983 3613 Napozi,
2016 3544 2058 3600 t.
2100 3539 2197 3609 ΙΙΙ,
2240 3537 2332 3597 liv.
2363 3556 2419 3609 v,
2450 3555 2507 3613 p.
2555 3540 2679 3609 471,
2720 3546 2773 3596 et
2816 3538 3129 3608 BoufiniuS,
3174 3542 3302 3599 Rer.

646 3631 855 3699 Unqar.
887 3628 1025 3699 dec„
1055 3628 1124 3697 V,
1153 3626 1191 3685 l.
1215 3627 1260 3699 1,
1293 3644 1346 3701 p.
1377 3628 1486 3685 703
1516 3626 1789 3700 (Basileae,
1823 3628 2005 3699 1568).

713 3716 963 3774 L’affaire
993 3716 1130 3773 dont
1156 3716 1195 3771 il
1231 3723 1317 3774 est
1353 3716 1424 3772 ici
1461 3716 1715 3791 question
1751 3717 2103 3791 preoccupait
2135 3718 2413 3776 vivement
2445 3717 2497 3774 le
2539 3718 2620 3775 roi
2656 3718 2963 3775 Ferdinand
3000 3716 3117 3792 qui,
3150 3717 3307 3791 quel-

644 3824 782 3881 ques
812 3808 970 3881 jours
1009 3804 1312 3863 seulement
1349 3810 1509 3881 apres
1548 3805 1880 3865 l'exaltation
1910 3806 2273 3865 d’Alexandre
2316 3808 2407 3878 Vl,
2444 3804 2520 3862 lui
2558 3805 2705 3863 avait
2729 3804 2828 3864 fait
2865 3805 3043 3880 parler
3076 3822 3177 3879 par
3204 3822 3305 3861 son

647 3896 935 3953 secretaire
961 3894 1229 3953 Giovanni
1257 3896 1509 3953 Pontano
1537 3913 1604 3951 en
1635 3896 1823 3953 saveur
1852 3896 1920 3953 de
1948 3896 2001 3953 la
2038 3896 2187 3952 reine
2226 3894 2495 3954 Beatrice.
2527 3895 2602 3952 Le
2630 3914 2771 3971 pape
2801 3896 2981 3953 l’avait
3008 3898 3200 3951 ecoute
3228 3894 3307 3949 sa-

645 3983 1016 4043 vorablement
1053 3992 1108 4041 et
1142 3984 1288 4041 avait
1325 3983 1512 4040 decide
1549 3982 1747 4040 l’envoi
1789 3984 1920 4040 d'un
1958 3983 2112 4057 legat
2148 4002 2218 4041 en
2260 3985 2521 4059 Hongrie.
2556 3986 2717 4061 (Voy.
2752 3984 2804 4042 la
2832 3984 2988 4042 lettre
3014 3986 3085 4041 de
3120 3983 3305 4041 Ferdi-

647 4076 794 4131 nand
823 4079 856 4131 a
886 4074 1152 4132 Giovauni
1183 4074 1431 4131 Pontano
1463 4076 1547 4146 (21
1589 4078 1720 4130 aout
1750 4074 1934 4145 1492),
1966 4074 2105 4129 dans
2143 4074 2456 4145 Trinchera,
2482 4074 2587 4133 vol.
2623 4077 2693 4147 ΙΙ,
2724 4093 2779 4150 p.
2814 4077 2858 4146 I,
2888 4094 3019 4150 pag.
3053 4076 3200 4146 156).
3232 4075 3308 4130 Le

649 4163 730 4221 roi
758 4164 957 4222 faisant
983 4163 1218 4221 allusion
1247 4164 1384 4220 dans
1413 4168 1553 4219 cette
1582 4161 1738 4220 lettre
1767 4166 1800 4219 a
1835 4161 2103 4220 l'election
2128 4163 2196 4219 de
2227 4164 2447 4237 Borgia,
2478 4164 2705 4237 ajoutait
2736 4166 2811 4237 (p.
2839 4166 2961 4233 157)
2997 4180 3009 4220 :
3045 4186 3075 4215 «
3202 4163 3305 4219 Nui

648 4251 886 4309 credimo
924 4253 1024 4310 che
1059 4252 1202 4310 facta
1229 4252 1281 4309 18
1318 4252 1589 4310 creatione
1620 4253 1708 4309 del
1743 4260 1999 4327 presente
2035 4253 2291 4328 pontifice
2328 4253 2559 4311 habeate
2588 4252 2727 4310 facte
2754 4252 2942 4310 lettere
2974 4252 3032 4309 in
3059 4252 3227 4311 latino
3256 4254 3307 4309 al

648 4341 782 4399 Ill-²⁰
813 4342 972 4400 Stato
999 4341 1056 4399 di
1085 4341 1288 4399 Milano
1324 4350 1379 4399 et.
1407 4341 1623 4399 excelsa
1659 4342 1772 4400 S=¹⁸
1808 4344 1878 4399 de
1904 4341 2183 4415 Fiorenza,
2228 4340 2726 4417 congratulandove
2752 4360 2857 4399 con
2896 4342 3011 4399 loro
3041 4343 3107 4398 de
3137 4341 3189 4399 18
3216 4358 3305 4399 as-

651 4430 960 4506 sumptione
993 4431 1062 4487 de
1099 4448 1200 4488 sua
1239 4430 1342 4486 Bne
1381 4430 1434 4487 al
1469 4438 1689 4506 papam,
1729 4448 1829 4505 per
1862 4438 2169 4488 monstrare
2206 4432 2307 4487 che
2342 4432 2571 4489 havemo
2614 4431 2979 4505 grandissimo
3017 4431 3229 4507 piacere
3260 4432 3310 4487 la

651 4528 796 4579 sorte
827 4522 972 4579 fosse
1001 4522 1198 4578 caduta
1225 4520 1282 4576 in
1311 4520 1364 4577 la
1391 4520 1482 4578 Su
1511 4538 1638 4590 sua;
1667 4538 1771 4595 pur
1801 4520 2022 4595 quando
2050 4538 2163 4577 non
2190 4520 2242 4577 lo
2280 4521 2510 4578 habeate
2536 4522 2681 4579 facto
2711 4540 2771 4577 ce
2798 4522 3035 4595 piaceria
3063 4522 3114 4578 lo
3144 4522 3305 4578 fecis-

651 4628 776 4669 sero
803 4611 871 4667 de
901 4610 1210 4670 continente
1240 4632 1295 4673 >›.
1325 4611 1401 4668 Le
1439 4610 1520 4667 roi
1558 4610 1872 4667 Ferdinand
1913 4608 2098 4668 faisait
2126 4617 2311 4667 contre
2336 4610 2551 4668 fortune
2580 4610 2687 4667 bon
2725 4628 2877 4667 coeur
2903 4618 2957 4668 et
2992 4609 3313 4685 applaudis-

652 4701 759 4757 sait
783 4706 818 4757 a
843 4720 950 4758 une
978 4701 1211 4759 election
1250 4706 1283 4758 a
1309 4699 1545 4776 laquelle
1573 4700 1611 4755 il
1641 4698 1823 4757 s’etait
1851 4700 2299 4773 energiquement
2326 4706 2535 4776 oppose
2561 4722 2575 4771 ;
2604 4701 2745 4758 mais
2776 4701 2825 4757 le
2853 4718 2993 4776 pape
3021 4704 3149 4758 n‘en
3176 4703 3311 4759 etait

645 4806 748 4865 pas
777 4789 940 4864 dupe.
973 4791 1112 4865 Voy.
1146 4791 1532 4863 Guicciardini,
1555 4792 1908 4847 Dell'Istov-ia
1937 4790 2175 4857 d'ltalia,
2199 4808 2327 4850 ann.
2356 4792 2572 4862 1492,1.
2598 4792 2642 4848 1.
2669 4822 2739 4833 —
2758 4790 3105 4865 Desjardins,
3135 4795 3309 4862 Νέςο-

647 4882 879 4936 ciations
898 4881 1124 4952 diplom.
1157 4882 1222 4939 de
1250 4884 1306 4939 la
1331 4884 1534 4939 France
1561 4898 1688 4939 avec
1715 4884 1769 4939 la
1801 4883 2053 4946 Toscane‚
2084 4887 2125 4939 t.
2162 4882 2205 4951 1,
2238 4899 2294 4955 p.
2325 4882 2453 4939 434.

715 4970 770 5027 2.
810 4968 889 5025 La
917 4968 1132 5025 retraite
1160 4971 1236 5025 du
1271 4970 1506 5026 cardinal
1534 4970 1713 5027 Julian
1743 4971 1810 5027 de
1842 4970 1893 5025 la
1921 4969 2133 5027 Rovere
2172 4969 2303 5027 etait
2331 4968 2382 5026 la
2418 4974 2799 5043 consequence
2837 4988 3077 5043 presque
3128 4974 3306 5029 forcee

647 5056 714 5113 de
741 5056 1007 5116 l’election
1044 5060 1119 5115 du
1151 5058 1616 5119 vice-chancelier.
1660 5060 1830 5117 Gracc
1867 5079 1937 5117 au
1976 5060 2149 5117 credit
2190 5060 2522 5135 d'Ascagne,
2562 5060 2870 5117 l'intluence
2913 5059 3200 5118 milanaise
3230 5062 3311 5119 fut

643 5148 1107 5223 toute-puissante
1145 5152 1178 5205 a
1213 5148 1266 5205 la
1301 5166 1434 5205 cour
1473 5148 1541 5205 de
1577 5148 1771 5207 Rome.
1809 5149 1953 5225 Voy.
1996 5154 2029 5206 a
2070 5149 2409 5223 l’appendice
2456 5152 2563 5224 (n⁰⁸
2601 5150 2775 5223 7-13),
2817 5149 2899 5206 les
2938 5151 3211 5224 depeches
3242 5153 3309 5207 de

646 5236 1076 5295 l'ambassadeur
1101 5237 1282 5297 Valori
1308 5239 1406 5295 des
1438 5238 1526 5307 16,
1556 5240 1646 5307 20,
1678 5240 1768 5308 22,
1799 5241 1891 5311 26,
1920 5240 1992 5295 29
2012 5240 2245 5313 janvier,
2279 5245 2331 5295 et
2352 5239 2481 5297 celle
2512 5240 2585 5296 du
2616 5242 2647 5295 4
2679 5240 2873 5296 sevrier
2894 5239 3053 5307 1493,
3084 5244 3141 5295 et
3168 5240 3308 5295 dans
