3625 6059
332 535 663 597 [nst-omma
696 534 835 593 1499]
1020 530 1269 586 RERUM
1320 527 1771 584 ι’ΒΒΑΝΑι-ωῐνι
1824 506 2343 590 COMMENTAHH.
2909 540 3016 594 599

452 692 529 781 Ῡ.
583 688 677 760 In
710 699 1027 759 eternum
1056 681 1531 756 misericordia
1563 681 1745 776 ejus,

447 815 527 904 ἢ.
584 811 690 884 Et
719 835 763 884 a
789 809 1243 908 ‚qeneratione
1272 830 1493 904 usqae
1522 806 1596 877 in
1618 808 2144 901 yenerationem
2175 809 2423 880 veritas
2454 810 2637 906 ejch.

440 943 517 1032 v.
576 937 641 1008 A
646 937 877 1032 perite
907 935 1083 1008 milei
1102 944 1345 1030 portas
1352 932 1664 1026 justitie,

440 1067 521 1156 ἰῇ.
580 1064 687 1136 Et
715 1064 1074 1158 inyressus
1107 1060 1181 1130 in
1210 1083 1325 1130 eas
1356 1056 1737 1154 confitebor
1761 1055 2097 1129 Domine.

501 1247 517 1262 .
575 1188 731 1261 Hec
747 1197 963 1284 porta
990 1184 1315 1270 Domini,

502 1373 519 1388 .
570 1313 763 1386 Juxta·
792 1310 1167 1384 intrabunt
1193 1309 1267 1378 in
1294 1331 1471 1378 eam.

505 1497 521 1512 .
578 1436 895 1511 Introibo
926 1433 1024 1507 ad
1046 1432 1331 1506 domum
1364 1443 1591 1519 tuam,

502 1619 517 1634 .
576 1561 911 1636 Adorabo
942 1559 1041 1632 ad
1064 1558 1398 1655 templum
1427 1567 1753 1627 sanct-mn
1784 1567 1987 1628 tuum
2018 1558 2092 1628 in
2116 1559 2362 1630 timore
2391 1572 2536 1632 tuo.

508 1747 525 1761 .
580 1687 738 1760 Her
768 1687 913 1760 dies
942 1711 1157 1784 quam
1186 1685 1361 1783 fecit
1390 1681 1760 1768 Dominus,

504 1869 520 1884 .
578 1813 1011 1887 Erulcemus
1042 1825 1107 1884 et
1136 1812 1431 1883 letemur
1458 1809 1532 1879 in
1558 1832 1663 1879 eo.
1780 1891 1785 1897 ¹

502 1996 519 2011 .
574 1937 903 2012 Laudate
930 1937 1353 2024 Dominum,
1388 1956 1627 2006 omnes
1650 1945 1922 2029 yentes,

503 2122 518 2138 .
576 2065 901 2140 Laudato
933 2088 1119 2150 eum,
1156 2084 1395 2132 omnes
1416 2057 1695 2154 populi.

566 2191 861 2288 Aperite
890 2188 1062 2262 milti
1078 2198 1324 2282 portas
1336 2185 1647 2280 justitie,

506 2375 521 2388 .
579 2317 671 2389 In
677 2338 959 2412 qressus
990 2315 1063 2386 in
1090 2337 1204 2384 eas
1235 2309 1611 2407 confitebor
1634 2308 1972 2380 Domino.

498 2499 515 2516 .
571 2441 729 2514 Hec
743 2452 950 2538 porta
987 2437 1298 2525 Domini,

507 2625 523 2640 .
582 2563 773 2638 Justi
804 2564 1175 2638 intrabunt
1192 2563 1269 2633 in
1296 2586 1474 2633 eam.

512 2747 528 2764 .
583 2690 885 2762 Introite
914 2689 989 2758 in
1018 2696 1459 2782 conspectum
1490 2683 1673 2778 ejus,

506 2870 520 2884 .
580 2815 675 2887 In
708 2812 1164 2885 emcltatione.

510 2996 526 3011 .
582 2937 915 3026 Domine,
952 2936 1213 3009 eoeazcdi
1236 2936 1619 3008 orationem
1648 2959 1900 3024 meam,

510 3116 525 3130 .
582 3063 695 3136 Et
716 3061 977 3133 clamor
1004 3083 1199 3132 meus
1230 3056 1327 3129 ad
1351 3043 1703 3130 te‘veniat.

502 3241 517 3256 .
573 3185 933 3257 Dominus
962 3182 1337 3272 vobiscum,

511 3366 527 3382 .
584 3310 689 3383 Et
720 3333 878 3382 cum
905 3309 1157 3405 spiritu
1186 3321 1333 3382 tuo.

440 1194 487 1282 ηρ

436 1317 508 3404 ,ωψωᾋῷψῶψῡψῶῆ-ῶψῶψῶ

1508 3519 1833 3590 OREMUS.

450 3675 651 3746 Deus
677 3673 802 3771 qui
819 3694 957 3767 per
982 3669 1309 3764 Moysem
1338 3669 1699 3768 famulum
1731 3681 1934 3741 tuum
1953 3671 2218 3765 populo
2241 3671 2630 3746 Israelitico
2662 3671 3014 3767 quinqua-

352 3807 701 3903 yesimum
730 3819 1003 3872 annum
1043 3795 1470 3868 remissionis
1510 3804 1580 3865 et
1599 3793 1860 3888 jubilei
1906 3794 2299 3885 instituisti,
2339 3793 2633 3868 concede
2657 3796 3014 3890 propitius

348 3931 549 4004 nobis
587 3924 884 4026 famulis
929 3922 1067 3994 tuis
1094 3919 1355 4015 jubilei
1384 3919 1833 3992 centesimum
1875 3943 2146 3992 annum
2194 3932 2315 3992 tua
2355 3920 2773 3992 auctoritate
2811 3921 3016 3991 insti-

349 4064 585 4124 tutum
638 4071 775 4146 quo
827 4046 1011 4118 lianc
1045 4054 1331 4140 portam
1382 4041 1639 4139 populo
1692 4043 1985 4114 contrito
2047 4043 2309 4138 aperiri
2363 4042 2666 4131 voluisti,
2714 4042 3018 4140 feliciter

352 4176 713 4263 inchoare,
762 4186 839 4245 ut
888 4173 963 4243 in
1010 4194 1086 4243 eo
1130 4171 1331 4241 venia
1370 4170 1576 4266 plene
1624 4168 2062 4264 indulyentie
2105 4179 2176 4240 ct
2215 4167 2643 4240 remissionis
2701 4167 3015 4240 omnium

351 4303 759 4375 delictorum
800 4297 1105 4385 obtenta,
1142 4317 1303 4367 cum
1342 4294 1487 4366 dies
1531 4295 1906 4366 vocationis
1946 4293 2329 4382 advenerit,
2372 4294 2832 4369 inenarrabili
2857 4293 3016 4390 ylo-

350 4431 456 4500 ria
486 4439 551 4500 et
567 4424 875 4522 perenni
904 4421 1245 4521 felicitate
1266 4421 1764 4519 perfruamur.
1792 4419 1941 4492 Per
1966 4418 2065 4490 D.
2095 4417 2196 4489 N.
2224 4415 2298 4489 J.
2333 4417 2418 4490 C.
2448 4434 2576 4493 etc.
2614 4419 3014 4517 Responsio

352 4577 393 4627 a
422 4549 843 4625 cantoribus
874 4572 889 4618 :
932 4545 1192 4620 Amen.

448 4697 575 4768 SS.
614 4693 829 4774 1).‚N.
874 4691 1180 4763 accessit
1217 4689 1557 4784 pedester
1598 4690 1689 4763 ad
1730 4698 2012 4786 portam
2059 4691 2552 4788 aperiendam,
2600 4702 2672 4765 et
2715 4700 3015 4789 accepto

355 4821 441 4894 (le
470 4818 804 4892 manibus
834 4814 1159 4910 magistri
1190 4814 1556 4889 Thomasii
1590 4815 1869 4888 Mat-atii
1907 4817 2294 4892 muratoris
2327 4824 2398 4890 et
2430 4817 2734 4915 prefecti
2767 4815 3016 4902 officii,

362 4943 625 5018 malleo
665 4965 807 5038 quo
848 4943 1333 5015 communiter
1368 4948 1772 5015 moratores
1828 4948 2149 5034 utuntur,
2182 4942 2377 5016 dedit
2418 4941 2662 5040 plures
2703 4943 2889 5015 ictus
2935 4941 3025 5014 ad

368 5069 541 5143 illud
580 5068 910 5142 foramen
952 5068 1025 5139 in
1071 5067 1309 5141 medio
1354 5072 1559 5164 porte
1615 5066 1910 5150 factum,
1953 5065 2299 5141 lateribus
2347 5067 2788 5157 obturatum,
2833 5067 3030 5163 quod

369 5194 541 5268 fecit
570 5191 831 5266 cadere
864 5192 935 5263 in
972 5197 1268 5281 terram,
1294 5200 1366 5266 et
1396 5191 1811 5266 retrocessit
1843 5193 1914 5264 in
1946 5191 2192 5265 sedem
2221 5215 2455 5282 suam,
2483 5199 2556 5264 et
2583 5192 3031 5267 laboratores
