3625 6059
259 554 502 622 [εφη-ωι-
529 555 678 617 1⁴93]
945 552 1196 611 RERUM
1243 552 1696 614 URBANARUM
1744 526 2288 615 COMMENTARns
2868 564 2937 620 43

359 711 580 787 Faria
605 709 955 801 secunda,
984 713 1074 784 25
1107 708 1476 802 februarii,
1513 710 1648 786 fuit
1673 712 2043 810 publicum
2075 713 2586 790 consistorium
2616 714 2691 789 in
2726 717 2937 791 tertia

255 838 432 915 aula
459 836 696 935 palatii
725 842 1102 927 consueta,
1137 836 1212 908 in
1243 859 1386 933 quo
1413 840 1498 909 R.
1531 838 1605 909 in
1637 836 1919 913 Christo
1952 840 2031 912 P.
2066 843 2151 913 D.
2186 840 2515 916 Andreas
2549 842 2935 941 episcopus

258 961 694 1039 Albanensis
737 968 812 1035 et
857 960 1228 1058 magnifici
1277 965 1426 1037 DD.
1473 961 1608 1035 viri
1659 966 2113 1039 Beneventus
2169 966 2258 1040 de
2318 974 2568 1041 sancto
2618 970 2932 1066 Georgio

258 1114 354 1165 ex
389 1088 778 1163 comitibus
828 1085 1254 1161 Blandracte
1303 1087 1576 1162 ordinis
1627 1087 1855 1163 sancti
1900 1090 2247 1163 Johannis
2302 1091 2933 1191 Hierosolymitani

257 1222 332 1291 et
375 1214 794 1289 Ludovicus
845 1212 1170 1287 Titionus
1221 1216 1510 1289 Vesane
1569 1213 1869 1303 militeS,
1922 1213 2389 1289 illustrissimi
2448 1222 2534 1291 D.
2595 1217 2933 1293 Bonifatii

257 1338 712 1416 marchionis
759 1337 1640 1413 Montisferratioratores
1684 1340 1810 1413 SS.
1868 1344 1954 1413 D.
2014 1343 2099 1414 N.
2148 1340 2557 1418 Alexandro
2604 1365 2791 1440 pape
2834 1346 2929 1420 Vl

261 1465 756 1541 obedientiam
787 1463 1104 1539 debitam
1134 1463 1632 1562 prestiterunt.

365 1589 742 1687 Proposite
769 1590 1064 1665 fuerunt
1103 1589 1244 1665 due
1285 1590 1837 1665 commissiones
1874 1616 1890 1666 ε
1934 1592 2173 1690 prima
2206 1617 2340 1691 per
2376 1599 2462 1670 D.
2492 1598 2933 1669 Coronatum

259 1720 354 1794 de
391 1716 684 1809 Planca,
717 1716 1074 1792 decanum
1104 1716 1654 1808 advocatorum3
1701 1716 2025 1791 secunda
2053 1740 2189 1815 per
2218 1721 2306 1792 D.
2344 1718 2813 1794 Franciscum
2844 1722 2932 1793 de

261 1843 552 1934 Padua;
598 1866 742 1941 qua
790 1841 1104 1941 incepta,
1159 1842 1250 1917 de
1298 1842 1596 1938 speciali
1639 1842 1985 1916 mandato
2032 1844 2161 1917 SS.
2216 1847 2305 1918 D.
2352 1846 2438 1919 N.
2491 1843 2749 1919 ivimus
2800 1868 2935 1944 pro

261 1969 678 2046 oratoribus
725 1968 1068 2068 predictis
1121 1968 1194 2041 in
1242 1990 1462 2066 parva
1507 1966 1782 2065 capella
1833 1990 2039 2041 more
2089 1968 2298 2042 solito
2356 1970 2931 2069 expectantibuS,

261 2119 451 2195 quos
495 2094 948 2169 associarunt
985 2092 1078 2168 ad
1126 2092 1492 2192 pontificis
1538 2092 1981 2191 presentiam
2030 2096 2179 2166 RR.
2234 2093 2309 2167 in
2358 2095 2648 2171 Christo
2692 2103 2936 2194 patres

263 2225 422 2295 DD.
475 2218 922 2295 Arelatensis
971 2224 1043 2293 et
1085 2219 1520 2293 Cusentinus
1568 2217 2095 2315 archiepiscopi
2146 2222 2218 2294 et
2261 2220 2809 2296 vulteranensis
2850 2245 2935 2295 ac

262 2345 796 2421 Alexandrinus
843 2344 1191 2442 episcopi,
1241 2342 1666 2420 assistentes
1711 2347 1931 2441 Pape.
1989 2347 2505 2420 Presentarunt
2549 2349 2675 2422 SS.
2721 2350 2809 2421 D.
2845 2349 2931 2421 N.

261 2472 514 2547 literas
543 2470 1022 2547 credentiales
1053 2478 1126 2546 et
1151 2470 1576 2546 mandatum
1603 2494 1736 2569 per
1763 2472 2131 2546 notarium
2159 2472 2531 2570 publicum
2566 2471 2935 2569 subscrip-

265 2606 466 2687 tum;
515 2621 656 2695 que
699 2596 916 2671 ambo
972 2596 1166 2671 lecta
1207 2599 1525 2672 fuerunt.
1589 2598 1926 2671 Secunda
1968 2596 2481 2702 commissione
2534 2597 2930 2695 proposita,

265 2721 438 2795 licet
467 2726 553 2796 D.
585 2723 910 2797 Justinus
931 2722 1351 2812 VilitranuS,
1387 2721 1774 2796 advocatus
1799 2720 1987 2808 fisci,
2022 2723 2313 2797 tertiam
2342 2722 2937 2797 commissionem

265 2846 794 2945 prepositurae,
841 2871 1004 2924 eam
1043 2856 1289 2922 tamen
1331 2848 1422 2923 de
1455 2847 1798 2922 mandato
1840 2850 1964 2922 SS.
2012 2852 2095 2923 D.
2136 2852 2221 2922 N.
2268 2872 2401 2947 per
2428 2872 2549 2924 me
2578 2850 2712 2924 sibi
2744 2850 2937 2924 facto

267 2997 420 3049 non
457 2974 860 3073 proposuit.
915 2973 1330 3048 Orationem
1375 2974 1548 3048 fecit
1589 2977 1675 3047 D.
1727 2976 2209 3063 Beneventus,
2260 2974 2621 3048 secundus
2662 2980 2932 3063 orator,

266 3099 396 3198 qui
446 3099 710 3175 deinde
761 3098 1084 3173 fimbrias
1134 3098 1468 3196 pluvialis
1534 3102 1726 3197 Pape
1783 3098 1879 3173 ad
1944 3121 2311 3173 cameram
2379 3099 2713 3197 portavit,
2790 3122 2937 3171 non

265 3226 603 3301 obstante
629 3225 825 3323 quod
851 3225 1231 3323 religiosus
1263 3223 1538 3300 ordinis
1569 3248 1628 3297 s,
1662 3222 2012 3299 Johannis
2046 3222 2682 3325 Hierosolymitani
2712 3231 2933 3313 esset,

271 3360 470 3453 Papa
519 3354 594 3426 id
651 3352 832 3427 mihi
883 3374 1226 3451 expresse
1287 3350 1819 3427 committente.
1882 3353 2205 3425 Fuerunt
2260 3351 2451 3426 inter
2501 3373 2669 3424 suos
2730 3348 2938 3423 multi

265 3479 540 3555 milites
567 3486 641 3554 et
670 3478 980 3571 nobiles,
1009 3478 1258 3577 perlis,
1291 3477 1608 3553 vestibus
1638 3475 1728 3550 de
1762 3477 2106 3551 broccato
2136 3473 2287 3549 auri
2320 3480 2395 3549 et
2421 3473 2703 3571 argenti
2732 3496 2817 3549 ac
2848 3472 2937 3546 de

263 3607 540 3683 velluto
581 3604 1041 3681 ornatissime
1069 3604 1329 3702 parati.

371 3731 582 3807 Feria
612 3737 870 3827 quarta
907 3736 1218 3827 quatuor
1255 3736 1694 3827 temporum,
1733 3734 1822 3803 27
1858 3726 2228 3819 februarii,
2274 3724 2587 3800 statione
2616 3724 2709 3798 ad
2736 3746 2941 3798 sanc-

267 3868 418 3933 tam
446 3858 750 3934 Mariam
781 3858 1136 3955 majorem
1165 3855 1544 3946 existente,
1579 3857 1707 3930 SS.
1745 3858 1833 3928 D.
1871 3856 1958 3928 N.
1995 3852 2240 3927 audita
2278 3851 2501 3925 missa
2534 3850 2610 3924 in
2650 3873 2942 3927 camera

267 4006 404 4057 sua
457 3982 639 4057 dixit
683 4004 763 4056 se
811 3982 1080 4056 iturum
1123 3980 1216 4054 ad
1273 3988 1599 4056 sanctam
1648 3983 1955 4057 Mariam
2010 3985 2367 4081 maiorem
2431 3978 2681 4053 habito
2738 3976 2937 4075 prius

267 4112 560 4188 modico
591 4112 1022 4188 consistorio
1054 4110 1200 4185 sive
1233 4106 1455 4197 brevi,
1489 4130 1574 4182 ac
1606 4106 1875 4181 ibidem
1908 4106 2233 4183 oratione
2262 4111 2429 4180 ante
2460 4102 2684 4177 altare
2716 4102 2931 4191 facta,

265 4266 347 4316 se
377 4241 702 4315 visurum
745 4262 886 4335 que
925 4260 1058 4336 pro
1098 4240 1460 4310 structura
1495 4232 1684 4306 illius
1729 4234 2039 4308 ecclesie
2080 4234 2226 4306 sive
2267 4229 2647 4327 supracelo
2686 4234 2938 4327 parata

267 4374 503 4460 erant,
538 4366 995 4463 interrogans
1039 4385 1157 4438 me
1197 4384 1385 4437 anne
1429 4358 1849 4434 conveniret
1891 4358 2189 4457 populo,
2237 4358 2566 4432 oratione
2599 4378 2731 4454 per
2768 4376 2932 4429 eum

261 4590 376 4649 doli
413 4609 546 4649 cosa
580 4596 770 4648 strana
805 4588 906 4645 che
940 4584 1142 4644 Prelati
1189 4600 1302 4641 non
1341 4582 1498 4640 siano
1538 4581 1702 4639 sicuri
1742 4582 1799 4637 in
1836 4581 2033 4651 Roma,
2075 4582 2161 4639 ne'
2202 4581 2259 4637 in
2308 4598 2437 4637 casa
2474 4596 2584 4637 uno
2624 4575 2936 4636 Cardinale.

269 4680 478 4757 Hoggi,
516 4698 550 4738 o
587 4696 686 4755 per
741 4683 937 4752 questo
985 4693 1018 4732 o
1063 4691 1161 4750 per
1195 4673 1352 4743 altro,
1392 4672 1454 4729 S.
1498 4670 1746 4729 Sanctita
1791 4688 1825 4727 a
1865 4676 2004 4727 tutte
2049 4670 2101 4727 le
2152 4676 2309 4745 porte
2357 4668 2411 4724 di
2451 4668 2625 4725 Roma
2678 4668 2749 4725 ha
2803 4666 2938 4724 fatto

285 4778 511 4829 mettere
557 4786 654 4845 per
691 4766 926 4842 guardia
966 4765 1043 4822 VI
1089 4762 1224 4820 fanti
1271 4764 1410 4819 dove
1455 4767 1713 4819 staranno
1761 4761 2202 4818 continuamente
2252 4776 2348 4834 per
2396 4764 2583 4815 tenere
2611 4762 2775 4815 conto
2797 4755 2938 4813 delle

269 4877 500 4935 persone
527 4865 761 4917 entrano
789 4856 846 4913 in
882 4856 1126 4913 Roma...

343 4990 374 5019 ιι
415 4967 608 5037 Rome,
639 4982 754 5021 xxv
782 4962 918 5019 febr.
956 4960 1186 5034 1492s3.

1771 5034 1799 5064 «
1840 5010 1995 5067 Serv.
2042 5004 2213 5067 Pan.
2253 5007 2525 5065 Vnomus
2558 5006 2650 5065 Or.
2698 5028 2725 5057 »

336 5166 520 5235 (Arc-h.
569 5166 816 5221 Fiorent.
864 5164 1070 5219 Lettere
1115 5162 1232 5232 aqli
1269 5161 1371 5216 otti
1409 5160 1470 5215 di
1511 5160 1751 5225 Pratica,
1784 5154 1917 5212 clas,
1946 5154 2017 5224 X,
2058 5152 2188 5212 dist.
2230 5153 2287 5225 6,
2330 5171 2387 5211 n.
2417 5153 2474 5222 9,
2514 5169 2565 5211 a.
2608 5170 2655 5209 c.
2690 5150 2839 5223 260.)
2868 5180 2937 5190 —

265 5253 402 5329 Voy.
433 5254 908 5329 precedemment,
939 5268 1066 5325 pag.
1096 5253 1154 5320 7,
1173 5249 1228 5307 la
1245 5254 1374 5307 note
1403 5252 1476 5305 ou
1507 5246 1542 5304 il
1571 5251 1656 5302 est
1683 5244 1780 5303 fait
1809 5243 2043 5301 allusion
2072 5248 2105 5301 a
2134 5247 2222 5299 cet
2254 5244 2595 5300 evenement.
