3625 6059
198 525 543 587 [Septembre
574 525 717 585 ¹496]
866 522 1121 581 RERUM
1170 522 1625 581 URBANARUM
1670 524 2196 582 COMMENTARH.
2775 530 2882 586 333

202 682 449 753 Castro
484 704 547 753 s.
582 678 855 753 Nazarii
896 678 1045 768 ubi,
1080 685 1154 754 et
1196 679 1309 753 die
1342 678 1672 775 sequenti
1724 679 2056 753 fecerunt
2099 678 2506 777 prandium,
2554 688 2627 756 et
2669 683 2865 775 inde,

202 826 359 877 sero
392 803 593 877 illius
624 804 797 896 diei,
829 812 1187 879 venerunt
1227 809 1645 880 Tortonam.

296 929 574 1003 Eadem
608 929 755 1017 die,
790 931 1433 1005 reverendissimus
1466 935 1552 1004 D.
1592 930 1897 1027 legatuS,
1931 930 2146 1005 etiam
2176 930 2484 1004 recessit
2514 954 2602 1005 ex
2631 931 2877 1029 Vigle-

202 1078 405 1147 vano,
461 1055 802 1130 videlicet
848 1061 937 1130 23
974 1055 1427 1154 septembriS‚
1465 1062 1537 1131 et
1566 1056 2012 1152 pernoctavit
2041 1057 2115 1129 in
2156 1062 2405 1131 Castro
2443 1055 2744 1147 Adorni,
2784 1057 2873 1131 de

204 1204 335 1276 quo
382 1181 698 1255 recessit
742 1182 1041 1256 sabbato
1092 1181 1421 1279 sequenti
1476 1188 1546 1255 et
1598 1182 1789 1255 venit
1832 1185 2248 1269 Tortonam‚
2302 1179 2424 1254 ubi
2473 1184 2872 1278 permansit

202 1305 531 1401 pluribus
562 1307 845 1395 diebuS,
882 1330 1019 1405 ego
1052 1331 1365 1404 quoque.
1404 1306 1653 1380 Febris
1684 1307 2013 1397 tertiana,
2053 1311 2094 1379 2
2133 1308 2253 1405 huj
2269 1332 2348 1380 us
2381 1306 2680 1395 mensis,
2718 1310 2871 1381 Me-

202 1428 465 1503 diolani
504 1432 764 1506 invasit
803 1441 873 1507 et
902 1433 1229 1530 pluribus
1263 1432 1515 1506 diebus
1546 1438 1920 1531 gravatum
1951 1455 2067 1505 me
2118 1432 2346 1505 tenuit
2393 1457 2409 1505 :
2447 1430 2538 1503 ab
2573 1454 2660 1505 ea
2687 1431 2872 1506 libe-

204 1562 420 1646 ratus,
460 1556 625 1631 veni
662 1562 1081 1633 Tortonam.

296 1682 575 1758 Eadem
622 1683 737 1757 die
782 1684 1085 1775 sabbati,
1144 1691 1233 1758 24
1280 1684 1738 1783 septembriS,
1774 1684 1968 1758 circa
1994 1683 2302 1781 primam
2340 1680 2598 1757 horam
2634 1683 2868 1755 noctis

206 1817 467 1881 etcum
499 1808 697 1907 apud
727 1813 1012 1883 Rmum.
1048 1813 1133 1883 D.
1168 1809 1488 1907 legatum
1518 1811 1757 1884 nullus
1782 1832 1916 1908 pro
1951 1833 2068 1884 me
2097 1809 2302 1883 locus
2341 1816 2563 1898 esset,
2594 1832 2730 1882 nec
2761 1806 2872 1881 sui

206 1932 609 2027 provisores
669 1934 849 2008 mihi
898 1934 1409 2031 providissent,
1470 1937 1558 2010 de
1630 1935 1939 2010 adventu
1999 1941 2245 2009 tamen
2299 1956 2467 2009 meo
2527 1933 2872 2032 magistro

206 2056 459 2129 domus
499 2080 635 2155 per
674 2081 793 2132 me
838 2058 1077 2155 ipsum
1116 2059 1503 2135 Mediolani
1538 2061 2020 2158 personaliter
2057 2060 2404 2150 advisatO,
2444 2058 2752 2154 equitavi
2783 2058 2876 2131 ad

208 2182 731 2257 monasterium
764 2208 823 2256 s,
860 2184 1160 2259 Mariani
1200 2186 1659 2274 Dertonensi,
1696 2186 1968 2259 ordinis
1999 2210 2058 2258 s,
2098 2182 2495 2272 Benedicti,
2531 2188 2739 2256 Rmo,
2779 2187 2864 2256 D.

210 2306 547 2381 cardinali
600 2310 907 2385 Senensi
958 2311 1496 2401 commendato,
1531 2311 1605 2383 in
1655 2288 1797 2406 (ino
1845 2314 1926 2383 R.
1960 2314 2038 2383 P.
2079 2313 2163 2382 D.
2202 2307 2550 2381 Martinus
2599 2307 2873 2380 Nimira

210 2432 393 2505 sedis
422 2436 824 2531 apostolice
856 2436 1419 2533 protonotariuS,
1456 2435 2008 2511 archidiaconus
2033 2431 2636 2529 AlbenganensiS,
2673 2454 2870 2505 reve-

214 2557 636 2635 rendissime
686 2561 1215 2635 Dominationis
1258 2587 1387 2637 sue
1438 2561 1910 2659 negociorum
1957 2565 2238 2656 gestor,
2287 2580 2407 2632 me
2456 2579 2624 2629 cum
2668 2556 2863 2629 omni

220 2706 375 2755 mea
404 2684 679 2760 familia
708 2688 982 2783 recepit
1010 2694 1081 2762 et
1106 2688 1510 2761 honorifice
1538 2687 1749 2761 nimis
1784 2685 2135 2760 tractavit.

308 2808 627 2899 visitavi,
654 2812 1015 2887 dominica
1048 2814 1407 2910 sequenti,
1439 2819 1529 2888 25
1564 2813 2024 2911 septembris,
2064 2817 2347 2885 Rmum.
2394 2813 2480 2883 D.
2515 2810 2862 2905 legatum,

232 2958 269 3003 a
290 2956 421 3029 quo
450 2936 819 3012 licentiam
848 2939 1021 3034 petii
1052 2946 1124 3013 et
1155 2938 1430 3013 obtinui
1451 2938 1997 3012 serenissimum
2025 2933 2616 3023 Maximilianum,
2639 2936 2868 3009 Janue

234 3058 673 3151 existentem,
698 3062 1053 3153 visitandi,
1085 3064 1251 3138 inde
1284 3070 1585 3138 Romam
1620 3060 1998 3137 redeundi.

326 3186 607 3261 Recessi
651 3187 867 3284 igitur
903 3192 1321 3279 Tortonam,
1366 3193 1671 3263 Januam
1710 3189 1964 3279 ituruS,
2009 3185 2378 3276 mercurii,
2424 3189 2514 3258 28
2555 3188 2867 3280 septem-

234 3308 388 3402 bris,
419 3318 493 3387 et
541 3312 711 3387 inde
755 3337 873 3387 me
914 3338 1163 3405 versus
1211 3319 1601 3389 Tortonam
1646 3313 2024 3403 redeunte,
2059 3310 2320 3410 reperii
2363 3307 2869 3385 reverendissi-

236 3456 413 3509 mum
444 3441 530 3510 D.
562 3438 882 3535 legatum
913 3440 1105 3513 circa
1129 3444 1516 3515 Tei-tonam
1542 3439 1634 3513 ad
1664 3462 1789 3513 sex
1819 3438 1929 3511 vel
1961 3444 2240 3534 septem
2271 3434 2629 3523 milliaria,
2659 3458 2701 3507 a
2723 3456 2864 3529 quo

238 3558 1025 3661 benedictionempetii,
1062 3572 1135 3639 et
1162 3565 1490 3640 honestis
1522 3565 1751 3639 verbis
1779 3562 2125 3661 pecunias
2155 3586 2286 3659 pro
2317 3560 2654 3659 expensis
2687 3558 2861 3631 mihi

238 3694 302 3759 et
338 3690 597 3765 familie
642 3716 805 3765 mee
852 3715 1080 3788 usque
1124 3690 1216 3765 ad
1256 3690 1524 3765 Urbem
1568 3689 1940 3763 faciendis.
1984 3685 2380 3785 Respondit
2421 3686 2706 3783 legatus
2747 3707 2862 3755 me

241 3814 449 3910 ipsum
473 3816 711 3891 minus
736 3817 1096 3892 munitum
1124 3816 1535 3914 reperiisse,
1572 3838 1707 3889 nec
1738 3814 1916 3888 mihi
1946 3812 2164 3886 modo
2198 3810 2578 3885 commode
2611 3808 2864 3882 subve-

240 3938 369 4013 nire
394 3964 529 4017 nec
558 3965 737 4041 ergo
769 3942 942 4017 satis
972 3964 1169 4032 esse;
1208 3918 1471 4016 fecisse
1501 3941 1575 4013 in
1616 3963 1880 4036 magna
1908 3944 2111 4035 parte
2145 3936 2319 4008 mihi
2359 3935 2514 4032 ipse
2559 3957 2649 4006 ex
2675 3932 2862 4007 Urbe

242 4086 593 4161 expensas,
632 4068 1062 4167 expendisse
1100 4068 1295 4142 enim
1337 4092 1427 4142 ex
1460 4066 1647 4142 Urbe
1678 4064 1966 4139 circiter
1991 4086 2126 4136 Lxx
2156 4062 2454 4135 ducatos
2483 4056 2618 4154 (1);
2651 4078 2861 4153 opor-

242 4192 367 4263 tere
418 4192 657 4267 adhuc
706 4195 893 4269 meis
950 4195 1285 4291 expensis
1344 4198 1649 4267 Romam
1708 4188 1947 4263 redire
1983 4212 1998 4260 ε
2032 4186 2227 4284 quod
2277 4185 2337 4258 si
2386 4182 2858 4282 pecuniarum

240 4319 685 4394 commoditas
730 4319 910 4393 mihi
948 4320 1261 4409 adesset,
1296 4319 1531 4417 ipsum
1570 4340 1688 4390 me
1732 4340 1879 4389 non
1912 4334 2233 4411 gravare,
2280 4309 2411 4384 sed
2451 4308 2645 4405 quod
2689 4316 2854 4382 octo

244 4436 504 4517 ducatos
546 4468 593 4517 a
636 4445 1020 4519 Francisco
1060 4445 1431 4518 Musciano
1478 4448 1551 4518 et
1598 4440 1849 4539 viginti
1893 4440 2208 4535 quinque
2264 4435 2536 4525 similes
2581 4434 2671 4507 ab
2714 4432 2855 4506 alio

243 4567 439 4642 amico
476 4576 727 4643 mutuo
764 4571 1009 4668 recepi
1046 4570 1120 4644 in
1154 4568 1569 4666 hujusmodi
1614 4592 1747 4641 usu
1787 4564 2329 4663 expendendOS,
2374 4558 2638 4635 deinde
2677 4558 2854 4653 ipsis

250 4708 354 4780 per
395 4717 505 4769 me
552 4693 1067 4770 restituendos.
1131 4694 1519 4792 Replicavit
1566 4694 1846 4789 legatus
1901 4714 2020 4765 me
2079 4689 2369 4763 mentiri
2424 4710 2556 4784 per
2611 4687 2856 4781 gutlur

250 4836 479 4906 meum,
506 4820 847 4895 meliores
878 4819 1054 4893 mihi
1086 4818 1345 4895 fecisse
1378 4841 1731 4916 expensas
1762 4839 1982 4913 quam
2011 4816 2084 4888 in
2117 4816 2345 4895 domo,
2369 4810 2664 4910 propria
2692 4832 2858 4882 mea

257 4938 395 5013 mibi
418 4942 559 5040 ipse
578 4944 940 5021 fecissem.
960 4945 1393 5042 Interrogavi
1416 4967 1591 5041 quas
1610 4963 1962 5038 expensas
1980 4942 2196 5012 Torto
2207 4960 2291 5010 ne
2315 4935 2411 5007 mi
2421 4934 2490 5007 hi
2518 4932 2710 5026 fecit,
2731 4932 2848 5004 ubi

312 5208 351 5265 1.
380 5236 405 5263 «
430 5212 643 5277 Circiter
672 5217 1075 5293 quinquaginta
1100 5219 1241 5275 duos
1270 5218 1566 5275 ducatos...
1600 5238 1628 5268 »
1658 5205 1820 5281 5160,
1849 5214 1942 5275 sol.
1975 5216 2098 5273 265.
