3625 6059
268 473 369 535 [Mai
396 472 521 530 1494]
883 463 1136 521 RERUM
1182 461 1633 518 URBANARUM
1674 463 2199 520 COMMENTARII.
2775 470 2878 526 159

266 618 595 696 multitudo
640 617 883 716 populi
928 616 1254 714 pluribus
1302 616 1573 690 vicibus
1635 616 1807 690 Viva
1847 643 1922 689 re
1957 617 2299 715 Alfonw.
2342 617 2604 693 Prolati
2643 623 2874 718 parati

265 771 383 821 non
415 751 561 819 sunt
598 743 825 818 secuti
854 765 1105 840 regem
1138 748 1565 816 coronatum
1596 741 1688 815 ad
1720 741 2114 815 thalamum
2145 749 2440 840 propter
2469 747 2878 843 oppressio-

262 895 401 946 nem
427 869 739 967 superius
776 867 1043 942 dictam
1084 874 1159 940 et
1194 865 1492 941 thalami
1523 865 2102 965 incapacitatem,
2143 865 2264 963 qui
2299 877 2542 945 tamen
2572 893 2702 967 pro
2733 872 2875 947 situ

256 997 371 1072 loci
393 996 604 1094 major
630 1017 793 1068 esse
827 1016 972 1067 non
998 993 1261 1090 potuit.
1301 992 1507 1066 Dicto
1532 1017 1667 1090 per
1687 992 2006 1090 legatum
2038 993 2432 1084 offertoriO,
2467 994 2567 1068 fui
2596 1018 2877 1071 memor

258 1122 482 1196 debere
508 1121 749 1195 venire
781 1143 1031 1217 regem
1068 1117 1160 1193 ad
1190 1118 1645 1193 offerendum
1690 1142 1706 1190 :
1752 1124 2136 1216 propterea
2169 1118 2363 1193 dicto
2397 1141 2529 1216 per
2559 1119 2874 1218 legatum

258 1249 315 1320 in
341 1247 535 1320 altare
564 1247 749 1334 veni,
784 1244 1263 1342 sanctificator
1302 1245 1619 1317 (menium
1650 1255 1808 1332 ele„
1838 1249 2227 1340 antequam
2255 1243 2626 1318 incensum
2654 1245 2879 1342 impo-

254 1378 424 1446 neret
448 1371 513 1443 in
544 1369 939 1460 thuribulo,
976 1369 1229 1466 reponi
1258 1367 1398 1443 feci
1430 1367 1912 1443 faldistorium
1945 1375 2111 1442 ante
2141 1369 2460 1443 medium
2491 1368 2764 1462 altaris,
2801 1369 2874 1441 in

253 1521 393 1593 qu0,
430 1495 661 1594 legato
696 1520 860 1570 cum
900 1495 1117 1569 mitra
1148 1494 1477 1584 sedente,
1513 1494 1703 1571 venit
1737 1518 1892 1585 reX,
1939 1500 2011 1568 et
2050 1494 2478 1592 genuflexus
2510 1495 2767 1570 obtulit
2809 1495 2876 1571 ei

249 1621 579 1696 duodecim
616 1621 856 1719 petias
895 1621 1051 1694 auri
1091 1626 1497 1696 monetatas
1536 1644 1843 1718 quarum
1884 1618 2198 1717 quelibet
2236 1621 2514 1695 valebat
2555 1628 2720 1696 octo
2751 1623 2878 1696 du-

250 1743 571 1822 catis'auri
609 1746 835 1844 largis
874 1771 1055 1843 quas
1088 1746 1370 1844 legatus
1416 1746 1595 1819 mihi
1640 1744 1838 1821 dedit
1881 1745 2408 1820 conservandas
2455 1770 2470 1817 ε
2518 1755 2590 1820 et
2635 1747 2880 1821 omnia

248 1871 363 1944 hec
394 1879 540 1946 acta
568 1881 745 1946 sunt
774 1862 1027 1946 ordine
1060 1872 1392 1970 superius
1425 1870 1720 1969 scripto.
1757 1871 2000 1945 Dictas
2034 1870 2418 1945 duodecim
2456 1863 2688 1969 petias
2721 1870 2872 1947 auri

246 1999 507 2094 portavit
534 1998 925 2096 episcopus
954 1997 1371 2095 Tropiensis
1408 2004 1572 2094 post
1603 2019 1854 2094 regem
1886 2020 2113 2094 usque
2157 1996 2248 2070 ad
2279 2020 2624 2071 coronam
2658 1997 2878 2097 depo-

246 2123 455 2212 sitam3
487 2130 655 2198 tunc
692 2123 898 2198 dedit
930 2147 1052 2197 eas
1086 2128 1247 2198 Don
1277 2122 1669 2212 Frideric0‚
1710 2133 1784 2196 et
1810 2120 1931 2195 ille
1964 2122 2141 2219 regi.

328 2254 459 2324 Rex
494 2249 695 2325 finito
741 2248 1113 2347 evangelio
1154 2249 1437 2347 accepit
1474 2233 1820 2325 coronam
1860 2271 1904 2324 a
1941 2252 2103 2323 Don
2143 2247 2533 2339 FridericO,
2577 2256 2650 2323 et
2695 2245 2878 2323 sedit

248 2399 351 2472 per
394 2379 609 2450 totum
673 2375 909 2450 Credo
954 2398 1087 2474 per
1134 2373 1730 2457 inadvertentiam
1784 2373 2109 2472 episcopi
2160 2372 2600 2471 TropiensiS,
2661 2397 2880 2470 quem

250 2506 451 2575 tamen
483 2523 703 2600 super
743 2502 883 2575 hoc
927 2499 1441 2591 avvisaveram3
1484 2499 1607 2598 qui
1646 2499 1864 2574 etiam
1905 2499 2096 2574 circa
2132 2498 2450 2598 legatum
2487 2498 2878 2597 impeditus

244 2625 435 2698 noluit
460 2625 643 2700 infra
688 2625 920 2698 Credo
956 2630 1264 2715 mutare,
1307 2647 1399 2699 ne
1437 2647 1759 2699 errorem
1795 2625 2035 2723 ipsum
2071 2648 2326 2701 omnes
2363 2623 2872 2722 intelligerent,

242 2773 425 2844 quem
473 2751 643 2827 alias
708 2749 1641 2849 pauciconsideraverunt.
1702 2751 1940 2824 Finita
1989 2751 2209 2825 etiam
2261 2749 2693 2848 prefatione,
2753 2774 2877 2822 rex

244 2874 400 2948 sedit
424 2901 581 2950 cum
612 2898 895 2951 corona
922 2873 1197 2971 absque
1238 2897 1327 2949 eo
1358 2876 1553 2971 quod
1580 2874 1857 2949 diceret
1884 2878 2217 2964 Sanctae,
2261 2898 2394 2972 per
2425 2874 2879 2949 inadverten-

240 3000 385 3074 tiam
413 3011 483 3076 ut
524 3025 775 3101 supra..
823 3001 1231 3075 Incensatio
1276 3007 1349 3075 et
1379 2999 1787 3075 distributio
1827 3000 2025 3098 pacis
2056 3001 2249 3075 facta
2285 3001 2579 3074 fuerunt
2623 3000 2874 3075 ordine

238 3127 529 3222 superius
558 3127 765 3216 dato,
801 3132 1103 3222 excepto
1136 3126 1333 3222 quod
1365 3129 1448 3198 D.
1484 3127 1904 3200 Leonardus
1935 3126 2287 3224 Capocius
2329 3126 2744 3223 capellanus
2785 3125 2874 3199 de

240 3249 463 3326 baculo
496 3252 847 3351 pastorali
880 3249 1223 3339 serviem,
1258 3252 1381 3346 qui
1412 3273 1667 3350 pacem
1700 3259 1854 3327 erat
1884 3250 2041 3325 aliis
2073 3249 2396 3344 daturus,
2434 3276 2580 3325 non
2611 3275 2876 3349 expec-

242 3376 379 3449 tavit
413 3381 493 3452 D.
528 3377 1169 3474 archiepiscopum
1210 3377 1786 3473 Neapolitanum,
1833 3402 1923 3453 ex
1951 3403 2041 3452 eo
2081 3377 2278 3474 quod
2309 3378 2461 3475 regi
2501 3401 2680 3476 pace
2711 3377 2880 3452 data

236 3500 311 3574 ad
349 3502 577 3578 locum
623 3527 843 3578 suum
892 3502 1136 3592 rediit;
1191 3503 1320 3574 sed
1366 3501 1704 3578 adstatim
1748 3505 1900 3577 viso
1945 3502 2141 3602 quod
2185 3527 2312 3579 rex
2355 3527 2611 3601 pacem
2667 3527 2876 3580 acce-

233 3636 433 3720 perat,
490 3629 693 3704 dedit
751 3652 1008 3727 pacem
1066 3627 1476 3724 patriarche
1532 3629 1989 3706 Antiocheno
2047 3637 2120 3704 et
2177 3628 2333 3704 aliis
2391 3630 2686 3727 prelatis
2745 3655 2876 3705 suo

234 3753 453 3829 ordine
500 3781 517 3829 :
568 3779 661 3830 ex
710 3777 854 3852 quo
900 3777 1064 3852 ego,
1113 3754 1256 3828 hoc
1298 3753 1478 3845 viso,
1528 3753 2078 3854 archiepiscopo
2121 3755 2449 3854 predicto
2495 3757 2587 3829 ad
2635 3756 2877 3831 locum

234 3899 409 3952 suum
450 3903 751 3956 reverso
792 3881 959 3956 dedi
991 3904 1249 3979 pacem
1292 3881 1527 3956 eidem
1560 3905 1728 3956 cum
1767 3906 1948 3979 pace
1979 3881 2198 3979 regie,
2250 3888 2322 3956 et
2349 3882 2504 3980 ipse
2535 3882 2676 3955 alio
2706 3906 2875 3978 pre·
2961 3915 2966 3921 ·

234 3999 356 4076 lato
392 4004 461 4078 in
516 4030 825 4082 scamno
876 4030 1008 4082 suo
1058 4011 1131 4080 et
1177 4007 1297 4081 ille
1348 4006 1581 4100 alteri,
1632 4007 1894 4083 deinde
1941 4032 2198 4106 pacem
2247 4005 2478 4104 ipsam
2526 4005 2599 4079 in
2654 4007 2876 4080 altare

234 4131 511 4225 reposui.
551 4137 715 4207 Rex
745 4133 940 4207 venit
982 4133 1074 4208 ad
1114 4123 1691 4224 coronationem,
1740 4133 2312 4208 communicatus
2343 4138 2480 4224 est,
2517 4137 2589 4206 et
2627 4129 2880 4230 purifi-

231 4261 401 4329 catus
454 4258 719 4333 ordine
766 4257 1206 4358 supradicto.
1256 4262 1417 4332 Don
1461 4258 1869 4334 Fridericus
1923 4280 2213 4358 semper
2250 4256 2587 4356 deposuit
2629 4263 2702 4333 et
2739 4257 2879 4330 im-

230 4381 440 4471 posuit
480 4385 639 4482 regi
686 4407 1036 4459 coronam
1079 4393 1153 4460 et
1196 4391 1559 4483 sceptrum
1608 4390 1681 4460 et
1722 4407 2022 4484 pomum
2068 4384 2157 4458 ab
2210 4409 2299 4458 eo
2355 4367 2624 4480 recepit
2688 4389 2760 4458 et
2812 4381 2876 4454 ei

230 4501 456 4583 deinde
484 4510 810 4585 restituit
846 4534 860 4583 :
900 4516 971 4586 et
1000 4511 1171 4609 quia
1207 4514 1295 4585 D.
1340 4512 1643 4586 Gentilis
1682 4510 2080 4610 VirginiuS,
2117 4509 2208 4584 ad
2249 4507 2638 4584 tenendam
2677 4529 2882 4582 coro-

228 4650 369 4705 nam
396 4633 818 4734 deputatus,
853 4659 997 4712 non
1028 4636 1261 4734 potuit
1284 4644 1583 4734 propter
1618 4633 2220 4733 impedimentum
2250 4629 2566 4732 podagre
2606 4653 2695 4706 ex
2727 4628 2886 4707 tha-

226 4751 391 4832 lamo
436 4762 823 4838 ambulare
876 4762 1162 4860 quando
1212 4769 1378 4837 ante
1438 4760 1661 4841 altare
1716 4762 2072 4858 premissa
2123 4765 2328 4836 erant
2373 4783 2418 4834 a
2463 4781 2637 4858 rege
2693 4755 2883 4834 reci-

226 4881 489 4980 pienda,
529 4911 889 4964 coronam
930 4892 1085 4962 Don
1128 4888 1488 4962 soffredus
1524 4888 1812 4987 Borgia,
1859 4891 2225 4986 sceptrum
2264 4888 2422 4960 Don
2461 4885 2754 4976 Hector,
2812 4890 2883 4960 et

224 5025 493 5100 pomum
526 5018 617 5090 D.
660 5013 1017 5089 Henricus
1045 5015 1354 5113 predicti
1386 5015 1758 5093 tenebant.

306 5135 528 5212 Finita
576 5139 834 5230 missa,
890 5146 960 5215 et
1006 5139 1513 5216 benedictione
1558 5165 1690 5240 per
1735 5141 2058 5240 legatum
2103 5139 2294 5232 data,
2358 5139 2512 5239 ipse
2567 5139 2875 5234 legatus,
