3625 6059
305 583 554 649 [Fevrier
582 576 724 649 1493]
989 576 1242 637 RERUM
1296 578 1756 637 URBANARUM
1805 578 2328 640 COMMENTARII.
2928 596 2998 651 37

307 742 390 813 et
421 759 552 813 eos
577 733 700 832 qui
723 732 1168 832 sepulturam
1197 733 1559 824 foderent,
1587 734 1771 809 etad
1795 734 2171 812 basilicam
2205 740 2437 814 sancti
2464 742 2657 817 Petri
2678 744 3002 822 mitteret

309 887 450 962 pro
501 862 792 960 planeta
839 857 1126 934 violatia
1173 860 1644 959 aurifrigiata,
1703 882 1919 935 cruce
1978 869 2324 961 argentea
2384 867 2719 963 ponenda
2782 894 3001 967 supra

309 996 572 1087 pectus
616 985 966 1079 defuncti,
996 985 1216 1083 pallio
1255 1007 1344 1060 ex
1383 985 1734 1061 bruchato
1777 985 2067 1062 violatio
2110 989 2447 1087 ponendo
2481 1016 2699 1091 supra
2726 994 2995 1068 lectum

305 1114 384 1187 in
410 1113 575 1188 aula
604 1110 988 1187 cathalecti
1033 1118 1106 1187 et
1137 1112 1412 1186 faceret
1445 1111 1604 1187 fieri
1634 1111 1905 1186 lectum
1944 1113 2019 1186 in
2064 1114 2305 1188 medio
2354 1118 2516 1191 aule
2561 1142 2725 1193 cum
2759 1120 2996 1196 caval-

303 1239 504 1315 lettis
547 1262 680 1337 pro
729 1262 834 1311 xu
883 1236 1268 1312 intorticiis
1319 1244 1391 1312 et
1435 1236 1907 1313 circumcirca
1947 1262 2245 1313 scamna
2289 1265 2418 1337 pro
2460 1242 2753 1339 prelatis
2799 1268 2885 1319 ac
2919 1246 2995 1319 in

307 1364 550 1463 prima
579 1388 874 1439 camera
892 1366 1102 1461 juxta
1139 1363 1380 1438 aulam
1416 1386 1556 1461 que
1599 1364 1817 1437 nimis
1860 1371 2169 1461 augusta
2203 1372 2337 1458 est,
2375 1366 2515 1441 alia
2552 1391 2853 1444 scamna
2880 1371 2990 1444 vel

309 1490 634 1566 scabella
660 1512 791 1588 pro
831 1488 1346 1579 cardinalibuS,
1393 1488 1790 1564 turibulum
1840 1513 2005 1564 cum
2054 1491 2385 1565 navicula
2431 1498 2505 1568 et
2543 1493 2870 1588 incense,
2907 1520 2991 1570 ac

304 1639 434 1690 vas
459 1640 646 1714 aque
673 1615 1060 1691 benedicte
1090 1638 1256 1689 cum
1291 1615 1726 1713 aspersorio,
1765 1616 2396 1715 superpelliceum,
2433 1618 2693 1694 stolam
2727 1645 2811 1695 ac
2842 1621 2994 1720 plu-

303 1742 496 1817 viale
550 1742 870 1841 nigrum,
920 1741 1063 1816 duo
1114 1739 1551 1816 candelabra
1593 1764 1760 1815 cum
1815 1740 2162 1837 candeliS,
2207 1767 2501 1843 parvam
2544 1744 2989 1820 credentiam

303 1868 404 1941 ad
440 1867 669 1965 pedes
710 1866 908 1960 lecti,
944 1866 1409 1943 materatium
1445 1890 1610 1941 cum
1638 1865 1995 1964 pulvinari
2027 1874 2101 1943 et
2135 1868 2274 1943 alia
2297 1876 2513 1966 prout
2546 1870 2621 1942 in
2658 1894 2990 1945 ceremo-

303 1991 532 2067 niale.
565 1990 846 2066 Deinde
879 1992 1151 2067 recessi
1182 1993 1272 2067 de
1301 1994 1520 2065 domo
1550 1993 1878 2089 predicta
1904 1999 2069 2089 post
2100 1994 2332 2069 dictos
2358 1994 2785 2089 cardinales,
2814 2020 2989 2070 cura

303 2118 840 2213 premissorum
872 2117 1068 2192 dicto
1101 2122 1188 2191 D.
1223 2117 1542 2192 Fabiano
1573 2118 1849 2193 relicta.

405 2246 646 2318 Tenor
673 2266 843 2317 vero
876 2242 1224 2317 schedule
1256 2242 1345 2317 de
1373 2266 1516 2339 qua
1549 2266 1768 2341 supra
1792 2243 1955 2318 talis
1986 2250 2096 2319 est
2132 2272 2147 2317 :

413 2398 450 2436 «
507 2364 614 2442 Ex
647 2376 852 2465 parte
899 2371 1338 2443 RRmorum.
1383 2371 1537 2442 DD.
1577 2368 2082 2458 cardinalium,
2128 2369 2600 2468 Neapolitani,
2640 2373 2985 2446 Senensis

299 2502 380 2568 et
409 2492 983 2569 vicecancellarii
1015 2501 1486 2569 executorum
1525 2495 1942 2570 testamenti
1983 2496 2173 2571 bone
2213 2496 2567 2571 memorie
2597 2496 2981 2571 cardinalis

295 2619 726 2709 Aleriensis,
761 2619 1134 2695 intimetur
1169 2619 1468 2717 singulis
1509 2621 1770 2693 RRmis
1811 2623 1964 2695 DD.
2004 2620 2516 2713 cardinalibuS,
2553 2622 2749 2718 quod
2785 2646 2987 2698 cras-

301 2745 460 2820 tina
477 2745 621 2838 die,
649 2770 791 2842 que
825 2746 964 2821 erit
991 2745 1245 2842 quinta
1268 2744 1486 2842 hujus
1517 2746 1791 2819 mensis
1823 2746 2195 2838 februarii,
2232 2747 2423 2822 inter
2449 2772 2613 2821 xlm
2644 2754 2717 2824 et
2740 2773 2827 2822 xv
2846 2746 2983 2822 ho-

299 2894 449 2962 ras,
483 2870 891 2967 portabitur
928 2870 1234 2944 cadaver
1277 2870 1582 2968 predicti
1627 2870 1993 2967 quondam
2038 2870 2422 2947 cardinalis
2465 2871 2859 2948 Aleriensis
2891 2874 2981 2947 ad

298 2997 678 3073 basilicam
709 2996 940 3071 sancti
974 2996 1166 3070 Petri
1197 2994 1726 3095 sepeliendum,
1762 3003 2206 3095 quapropter
2234 3003 2375 3072 etc.

406 3154 444 3191 κ
495 3128 677 3197 ltem
723 3122 1100 3196 intimetur
1147 3121 1366 3196 etiam
1414 3121 1819 3196 oratoribus
1866 3128 1939 3197 et
1981 3121 2277 3220 prelatis
2316 3122 2392 3197 in
2431 3145 2736 3199 romana
2780 3124 2984 3198 curia

297 3248 782 3325 existentibus
813 3272 1017 3325 more
1050 3249 1290 3323 solito.

401 3408 444 3445 a
491 3380 675 3451 Item
715 3375 1088 3450 intimetur
1117 3373 1592 3450 conventibus
1620 3372 2097 3471 infrascriptis
2124 3374 2318 3471 quod
2352 3373 2609 3450 eadem
2637 3374 2752 3450 die
2785 3374 2979 3450 circa

292 3531 450 3584 xnu
479 3506 740 3578 horam
781 3502 1003 3577 velint
1049 3526 1213 3577 esse
1265 3502 1338 3573 in
1391 3500 1610 3575 domo
1661 3500 2047 3576 cardinalis
2091 3500 2795 3598 prefatiAleriensis
2847 3501 2978 3574 de-

293 3632 556 3722 functi,
592 3632 683 3705 ad
731 3630 1118 3706 dicendum
1161 3629 1467 3727 vigiliaS,
1513 3634 1587 3703 et
1627 3627 2139 3703 associandum
2188 3627 2405 3701 funus
2454 3626 2546 3701 ad
2600 3625 2976 3701 basilicam

294 3756 699 3853 predictam
779 3778 985 3830 more
1045 3758 1396 3829 consueto
1456 3751 1793 3827 videlicet
1844 3776 1861 3825 ε
1911 3751 2263 3843 Minerve,
2335 3750 2685 3842 Arasceli,
2746 3750 2972 3825 sancti

291 3881 714 3979 Augustini,
749 3906 810 3955 s.
850 3881 1074 3956 Mario
1104 3880 1633 3977 Transpontine
1679 3884 1750 3952 et
1782 3878 2107 3975 Capitulo
2140 3878 2435 3953 basilice
2467 3902 2525 3951 s.
2565 3864 2789 3953 Petri?
2828 3907 2863 3945 »

397 4006 804 4081 cardinalis
843 4005 1240 4081 Aleriensis
1280 4005 1598 4103 prefatus
1647 4004 1827 4079 obiit
1876 4004 1949 4076 in
1995 4003 2251 4078 ultimo
2296 4003 2712 4101 paroxismo
2750 4002 2974 4076 febris

287 4138 680 4229 quartane,
743 4130 821 4204 in
875 4152 1090 4225 quam
1162 4132 1202 4201 3
1270 4128 1386 4202 die
1437 4128 1709 4203 mensis
1769 4129 2201 4225 septembris
2263 4129 2589 4226 proxime
2647 4128 2971 4226 preteriti

289 4255 578 4346 incidit,
627 4261 702 4330 et
742 4277 884 4351 que
927 4254 1016 4327 ab
1058 4253 1318 4327 eodem
1369 4252 1484 4327 die
1529 4252 1738 4343 citra,
1797 4252 2041 4350 ipsum
2084 4276 2457 4350 nunquam
2494 4251 2814 4351 reliquit,
2846 4253 2977 4329 sed

287 4406 466 4457 cum
497 4380 1015 4478 multiplicibus
1047 4378 1542 4453 accidentibus
1572 4378 1812 4477 ipsum
1838 4379 2183 4453 continuo
2205 4379 2612 4453 molestavit
2644 4378 2769 4473 (1).

395 4506 610 4581 Feria
637 4506 881 4595 tertia,
921 4510 962 4579 5
996 4503 1168 4578 dicti
1211 4504 1486 4577 mensis
1520 4503 1893 4592 februarii,
1940 4502 2291 4577 ordinatis
2340 4502 2676 4577 omnibus
2713 4524 2847 4599 per
2875 4507 2961 4576 D.

285 4633 702 4709 lohannem
747 4629 1030 4706 socium
1081 4652 1358 4719 meum,
1406 4650 1610 4703 more
1660 4628 1903 4717 solito,
1948 4650 2032 4702 ac
2078 4635 2386 4723 quatuor
2425 4632 2705 4700 tantum
2748 4625 2968 4701 intor-

365 4924 416 4982 1.
461 4946 492 4977 α
624 4920 672 4977 ΙΙ
719 4918 1010 4976 Cardinale
1040 4918 1095 4976 di
1123 4916 1305 4975 Aleria
1349 4920 1380 4973 e
1419 4922 1563 4974 stato
1611 4916 1756 4973 circa
1795 4916 1845 4973 V
1889 4914 2028 4972 mesi
2072 4915 2307 4971 amalato
2344 4914 2399 4971 di
2438 4920 2723 4990 quartana,
2754 4924 2809 4973 et
2855 4916 2969 4972 essi

287 5021 440 5071 tanto
479 5014 864 5069 consummato
901 5010 1000 5065 che
1040 5014 1236 5082 questa
1275 5022 1400 5063 sera
1437 5005 1514 5061 s’e
1553 5012 1748 5063 mort0.
1789 5004 2115 5063 Veramente
2152 5010 2297 5063 tutta
2333 5012 2529 5081 questa
2574 5006 2735 5063 Corte
2780 5024 2849 5061 ne
2896 5006 2967 5061 ha

287 5120 447 5177 preso
475 5098 790 5176 dispiacere
831 5114 928 5171 per
965 5114 1150 5153 essere
1193 5102 1338 5153 stato
1377 5111 1616 5168 persona
1653 5094 1709 5150 di
1751 5094 1939 5151 buona
1973 5100 2029 5151 et.
2065 5102 2227 5153 santa
2252 5096 2383 5154 vita.
2418 5118 2447 5147 n
2482 5096 2668 5168 (At-ch.
2702 5096 2965 5163 Fiorent.,

283 5196 443 5253 class.
475 5195 546 5264 X,
578 5192 715 5249 dist,
750 5192 806 5259 6,
838 5199 901 5245 n⁰
929 5191 986 5259 9,
1015 5207 1066 5247 a.
1099 5208 1148 5247 c.
1179 5188 1331 5261 249.)
1373 5187 1627 5260 Depeche
1657 5188 1726 5243 de
1760 5185 1943 5244 Valori
1972 5202 2081 5247 aux
2108 5186 2239 5245 8.de
2271 5187 2505 5253 Pratica,
2540 5186 2571 5241 4
2600 5184 2704 5241 sev.
2741 5183 2961 5250 1492s3,

285 5285 417 5345 citee
443 5304 512 5343 en
543 5281 728 5359 partie
758 5282 792 5335 a
820 5274 986 5353 l’appss
1015 5294 1080 5335 n⁰
1104 5280 1189 5337 13.
