3625 6059
245 564 372 628 [nu
401 564 544 626 noa}
913 526 1170 623 annun
1215 562 1673 624 uaaANAaun
1721 564 2247 632 conmanman.
2842 580 2915 637 75

246 740 496 816 regem
521 724 596 793 et
631 717 963 815 reginam
1002 718 1347 817 Hispania
1397 719 1618 793 etiam
1675 718 2021 816 singulari
2074 720 2460 799 affectione
2508 726 2905 822 honorare,

245 846 586 943 ipsosque
615 866 864 941 regem
895 850 972 921 et
998 842 1324 941 reginam
1371 843 1829 919 sanctitatem
1874 868 2077 921 suam
2123 870 2270 923 non
2316 850 2666 925 mediocri
2699 852 2914 929 devo-

245 972 450 1046 tione
499 968 872 1067 prosequi;
925 974 1314 1065 propterea
1369 968 1620 1066 utique
1672 970 2035 1067 cogitasse
2096 972 2359 1050 honori
2420 983 2491 1050 et
2538 977 2903 1057 devotioni

245 1094 658 1195 hujusmodi
713 1094 1128 1183 convenire,
1185 1092 1382 1189 quod
1421 1096 1676 1171 Rmus.
1725 1096 1812 1168 D.
1860 1098 2245 1174 cardinalis
2283 1102 2549 1177 Montis
2590 1106 2907 1203 Regalis,

245 1223 369 1295 SS.
407 1226 494 1295 D.
539 1222 628 1293 N.
679 1241 936 1317 nepos,
983 1220 1175 1294 inter
1213 1227 1538 1296 oratores
1581 1246 1714 1319 pro
1766 1223 2186 1302 obedientia
2228 1228 2651 1327 hujusmodi
2703 1254 2911 1329 pres-

247 1346 466 1421 tanda
489 1351 1082 1435 connumeretur,
1125 1350 1196 1420 et
1235 1344 1474 1443 ipsum
1515 1347 1973 1423 nominatum
2012 1374 2201 1444 esse,
2250 1358 2349 1445 et,
2400 1362 2478 1429 ut
2530 1356 2909 1455 utriusque

247 1470 546 1569 gravitas
579 1469 1028 1561 observetur,
1073 1468 1210 1543 sibi
1253 1469 1506 1562 videri,
1561 1472 1758 1568 quod
1801 1474 1878 1546 in
1920 1498 2135 1551 mane
2181 1478 2519 1552 introitus
2549 1479 2909 1555 dictorum

245 1603 614 1673 oratorum
646 1594 1022 1694 predictus
1051 1600 1302 1670 Rmus.
1341 1602 1428 1671 D.
1465 1598 1730 1672 Montis
1751 1600 2040 1697 Regalis
2072 1602 2459 1677 cardinalis
2489 1604 2581 1678 ad
2613 1609 2913 1703 Burgat-

245 1732 393 1797 tum
419 1723 670 1799 locum
699 1746 836 1821 per
863 1746 992 1797 sex
1029 1720 1338 1796 miliaria
1375 1724 1466 1799 ab
1508 1724 1700 1799 Urbe
1741 1723 2131 1802 distantem
2176 1727 2475 1825 equitet,
2526 1736 2593 1803 et
2638 1730 2909 1805 ibidem

241 1856 566 1926 oratores
603 1849 978 1924 venientes
1009 1851 1376 1945 expectet;
1411 1855 1575 1947 post
1606 1873 1917 1946 quorum
1938 1852 2323 1927 adventum
2344 1854 2497 1950 ipse
2522 1855 2909 1931 cardinalis

241 1975 332 2051 ad
373 1974 743 2050 sinistram
783 1996 989 2049 suam
1027 1972 1308 2047 habens
1345 1975 1706 2072 prefatum
1746 1979 1835 2051 D.
1887 1977 2237 2052 Didacum
2280 1982 2515 2077 Lopes
2555 1980 2905 2079 deflare,

241 2107 548 2177 Romam
593 2102 848 2192 intret,
882 2105 1149 2197 etpost
1177 2122 1348 2174 eum
1379 2101 1548 2174 dicti
1575 2104 2161 2197 Tarraconensis,
2196 2102 2807 2201 Carthaginiensis
2838 2112 2912 2181 et

244 2228 608 2319 Pacensis,
660 2226 924 2323 singuli
963 2228 1156 2303 inter
1195 2226 1511 2325 prelatos
1551 2226 1828 2323 palatii,
1875 2233 1947 2301 et
2000 2228 2179 2303 alios
2231 2236 2555 2303 oratores
2592 2230 2667 2303 in
2720 2232 2911 2306 Urbe

245 2354 666 2443 existentes,
701 2352 949 2442 medii,
986 2356 1060 2428 et
1086 2353 1230 2426 hoc
1269 2352 1522 2426 ordine
1563 2352 1838 2450 equitet
1871 2376 2099 2449 usque
2142 2352 2235 2427 ad
2263 2353 2561 2427 domum
2592 2356 2780 2429 ami.
2818 2359 2905 2430 D.

245 2479 522 2554 Ascanii
555 2477 1168 2567 vicecancellarii,
1198 2476 1320 2551 ubi
1369 2477 1526 2573 ipse
1563 2477 1759 2551 solus
1789 2484 2215 2574 permaneat
2244 2501 2413 2551 cum
2446 2502 2579 2553 sua
2606 2478 2906 2572 familia,

245 2605 558 2703 pietatus
609 2626 784 2679 vero
832 2602 922 2677 D.
977 2602 1290 2677 Didacus
1345 2605 1618 2700 Lopes,
1665 2625 1812 2676 una
1876 2626 2045 2677 cum
2098 2602 2308 2677 dictis
2356 2606 2906 2697 Tarraconensi,

247 2727 824 2828 Carthaginiensi
840 2733 918 2803 et
933 2728 1239 2802 Pacensi
1255 2727 1394 2803 iter
1407 2728 1921 2803 suumcontinu
1942 2738 2014 2803 et
2032 2752 2263 2826 usque
2282 2730 2377 2805 ad
2394 2730 2693 2805 domum
2716 2732 2875 2806 Rmi
2889 2788 2905 2807 .

245 2860 324 2930 D.
367 2853 770 2930 cardinalis
801 2854 892 2929 de
919 2854 1222 2928 Medicis
1263 2853 1340 2927 in
1383 2875 1642 2952 campo
1682 2854 1919 2945 Flore,
1963 2854 2037 2927 in
2083 2876 2226 2950 qua
2256 2854 2751 2951 hospitaturus
2804 2865 2910 2932 est

241 2981 554 3078 prefatus
611 2984 701 3054 D.
773 2978 1082 3054 Didacus
1126 2982 1362 3077 Lopes
1425 3003 1441 3052 ε
1504 2978 1908 3075 adjungens
1960 3001 2226 3053 novum
2278 3003 2424 3053 non
2488 3004 2649 3055 esse
2719 2980 2914 3077 quod

241 3106 632 3182 cardinalis
674 3128 810 3204 pro
863 3127 1035 3203 rege
1089 3102 1582 3180 obedientiam
1637 3109 1917 3201 prestet
1964 3126 2253 3177 summo
2309 3104 2665 3201 pontiflci.
2726 3108 2909 3181 Nam

241 3234 420 3310 bone
471 3232 842 3309 memorie
901 3231 1474 3308 constantiensis
1533 3237 1606 3306 et
1655 3229 2159 3305 Atrebatensis
2232 3229 2637 3305 cardinales
2696 3232 2911 3307 simul

239 3359 430 3433 missi
473 3382 520 3433 a
567 3337 946 3433 Ludovico
986 3360 1432 3430 Francorum
1482 3377 1658 3452 rege
1705 3355 1798 3429 ad
1849 3352 2083 3428 felicis
2136 3355 2657 3431 recordationis
2702 3356 2909 3431 Pium

239 3507 488 3583 papam
519 3479 962 3574 secundum,
997 3480 1099 3555 illi
1135 3481 1433 3555 nomine
1467 3480 1640 3555 dicti
1667 3480 1866 3578 regis
1891 3480 2383 3557 obedientiam
2407 3483 2906 3581 prestiterunt,

243 3630 378 3681 non
405 3609 602 3683 inter
632 3605 1046 3681 cardinales
1077 3609 1441 3696 sedentes,
1486 3606 1618 3681 sed
1659 3612 1855 3681 retro
1894 3607 2261 3682 banchum
2308 3610 2905 3709 presbyterorum

240 3732 720 3807 cardinalium
757 3731 834 3805 in
861 3730 1024 3807 loco
1057 3738 1428 3808 oratorum
1467 3738 1818 3807 consueto
1864 3738 2165 3825 stantes,
2212 3732 2577 3809 cardinale
2612 3734 2912 3809 Atreba-

243 3858 416 3933 tensi
477 3856 822 3956 predicto
885 3857 1294 3933 orationem
1349 3857 1700 3947 faciente;
1773 3858 2105 3933 similiter
2170 3866 2243 3933 et
2302 3860 2495 3933 bone
2556 3860 2909 3934 memorie

240 3984 686 4061 cardinalem
736 3983 1336 4081 Andegavensem
1399 3983 1492 4058 ad
1545 3983 1774 4060 felicis
1834 3984 2359 4061 recordationis
2408 3985 2909 4059 Innocentium

239 4132 490 4207 papam
531 4117 879 4185 octavum
922 4130 1056 4207 pro
1101 4108 1486 4207 prestanda
1529 4108 1948 4184 obedientia
1982 4108 2278 4185 nomine
2338 4107 2677 4182 Ludovici
2716 4105 2909 4205 regis

241 4236 716 4327 Francorum,
751 4254 900 4310 una
925 4257 1092 4309 cum
1137 4233 1570 4331 quibusdam
1613 4233 1770 4309 aliis
1818 4232 2371 4310 conoratoribus
2418 4230 2565 4307 suis
2606 4230 2911 4309 missum

242 4358 486 4437 fuisse.

330 4484 710 4585 Respondi
743 4484 1232 4560 Dominationi
1263 4509 1390 4559 sue
1435 4508 1554 4559 me
1593 4484 1686 4560 de
1733 4484 2287 4562 constantiense
2333 4492 2409 4561 et
2434 4488 2909 4560 Atrebatense

241 4610 408 4685 nihil
437 4612 668 4703 scire,
699 4610 832 4685 sed
868 4610 1470 4709 Andegavensem
1507 4632 1626 4685 me
1665 4632 2070 4687 memorem
2108 4632 2297 4700 esse,
2348 4609 2548 4705 quod
2580 4608 2753 4683 licet
2780 4630 2913 4707 per

243 4760 478 4834 regem
527 4734 948 4835 predictum
1004 4736 1098 4811 ad
1145 4736 1570 4834 hujusmodi
1627 4734 1953 4810 officium
2004 4732 2422 4808 nominatus
2478 4731 2723 4827 fuerit,
2774 4756 2907 4832 per

240 4862 496 4960 Papam
543 4868 802 4937 tamen
857 4867 929 4935 et
983 4883 1118 4959 per
1165 4858 1568 4935 cardinales
1621 4860 1696 4933 in
1733 4860 2004 4957 populo
2048 4866 2391 4956 tanquam
2432 4858 2759 4956 legatum
2814 4859 2905 4933 de

235 4984 448 5063 latere
498 5012 645 5087 per
695 4992 940 5063 sancte
988 4984 1342 5061 memorie
1390 4984 1674 5060 sixtum
1710 5006 1975 5081 papam
2014 4988 2351 5081 quartum
2388 4984 2481 5059 ad
2523 4985 2903 5059 Franciam

237 5114 560 5207 missum,
612 5112 788 5189 inde
829 5112 1255 5189 redeuntem
1279 5116 1659 5209 receptum
1687 5109 1937 5202 fuisse,
1988 5117 2063 5185 et
2104 5109 2369 5187 deinde
2411 5110 2742 5207 sequenti
2789 5109 2909 5183 die

239 5240 494 5315 comite
527 5238 879 5336 Delphini
909 5246 1336 5317 conoratore
1368 5257 1534 5330 sue,
1567 5259 1712 5313 una
1739 5260 1909 5311 cum
1938 5236 2201 5313 ceteris
2228 5260 2363 5335 per
2394 5241 2683 5333 portam
2712 5231 2907 5310 Viri-
