3625 6059
247 580 394 643 [Juin
423 578 577 637 1498}
923 573 1174 632 RERUM
1221 573 1678 635 URBANARUM
1729 576 2255 639 COMMENTARH.
2824 590 2928 643 475

253 758 410 824 uuS,
449 732 746 805 Domini
791 731 1018 806 nostri
1059 730 1570 823 cubicularius,
1610 718 2097 809 thesa'urarius
2143 734 2557 829 Perusinae,
2596 732 2926 815 oratores

247 866 316 931 et
339 857 599 931 nuncii
633 857 1014 955 apostolici
1061 857 1153 931 ad
1193 857 1876 934 christianissimum
1922 882 2172 958 regem
2213 864 2655 937 Francorum
2698 866 2927 940 desti-

251 981 418 1071 nati,
469 981 572 1055 ad
613 980 1148 1055 condolendum
1197 981 1286 1055 de
1341 982 1540 1055 obitu
1583 980 1927 1074 defuncti,
1964 1007 2049 1058 ac
2089 988 2737 1079 congratulandum
2784 992 2920 1091 ipsi

261 1106 404 1205 regi
435 1107 534 1179 de
565 1106 850 1181 honore
881 1129 1050 1196 suo;
1084 1129 1171 1181 ac
1200 1106 1341 1181 alia
1367 1106 1701 1182 facienda
1733 1110 1862 1209 (1).

347 1232 708 1321 Sabbato,
748 1235 834 1304 19
867 1231 1040 1306 dicti
1067 1233 1343 1306 mensis
1369 1233 1583 1331 junii,
1617 1234 1859 1331 vigilia
1892 1235 2275 1328 Trinitatis,
2306 1238 2595 1314 fuerunt
2624 1265 2925 1340 vespere

251 1358 552 1457 papales
601 1359 678 1433 in
717 1358 996 1456 capella
1046 1359 1324 1457 majore
1372 1368 1750 1451 consueta,
1796 1366 1991 1460 Papa
2032 1364 2251 1437 etiam
2300 1372 2669 1460 presente,
2712 1378 2927 1465 prout
3038 1422 3051 1435 .

253 1482 338 1558 de
391 1507 618 1558 mane
670 1484 764 1558 ad
807 1484 1106 1558 missam
1153 1507 1371 1582 quam
1415 1486 1802 1561 celebravit
1846 1488 2065 1561 etiam
2113 1492 2367 1562 Rmus,
2422 1493 2506 1562 D.
2544 1492 2926 1565 cardinalis

253 1636 308 1682 S.
344 1611 631 1702 Crucis,
669 1610 824 1685 sine
877 1600 1572 1689 commemoratione
1612 1611 2003 1686 dominice.
2037 1618 2118 1686 In
2152 1615 2471 1710 vesperis
2512 1638 2925 1691 sermonem

257 1734 420 1809 fecit
478 1739 573 1809 D.
631 1736 1046 1811 Leonardus
1097 1734 1188 1811 de
1231 1738 1566 1829 Sarzana,
1619 1735 1794 1811 olim
1856 1737 2271 1833 capellanus
2326 1737 2516 1813 bone
2574 1744 2925 1817 memorie

255 1860 645 1934 cardinalis
697 1860 1110 1935 Parmensis
1166 1860 1239 1934 in
1287 1861 1538 1951 latino,
1590 1861 1974 1952 hebraico,
2018 1863 2380 1954 caldaico,
2432 1866 2585 1938 sine
2633 1890 2810 1941 voce
2854 1877 2927 1942 et

255 1985 466 2059 modo
499 1993 578 2061 et
609 1987 844 2083 gratia
879 1985 1324 2085 proferendi,
1357 2010 1506 2060 non
1545 1987 1700 2061 sine
1733 2011 1869 2062 suo
1897 1988 2284 2063 dedecore.

350 2111 564 2185 Feria
595 2116 878 2207 quarta,
924 2114 1008 2184 13
1038 2110 1212 2185 dicti
1243 2110 1514 2185 mensis
1535 2111 1748 2209 junii,
1784 2111 2021 2209 vigilia
2068 2112 2233 2186 festi
2268 2113 2733 2188 sacratissimi
2766 2139 2927 2189 cor-

259 2236 446 2335 poris
490 2235 788 2328 Christi,
841 2236 915 2309 in
963 2258 1107 2332 qua
1148 2234 1442 2309 fuerunt
1497 2260 1792 2334 vespere
1842 2236 2139 2335 papales
2193 2238 2267 2310 in
2314 2239 2593 2336 capella
2648 2242 2925 2337 majore

262 2362 701 2460 supradicta,
738 2365 930 2457 Papa
959 2366 1340 2457 presente;
1377 2366 1449 2435 et
1479 2360 1554 2434 in
1593 2360 1698 2435 eis
1733 2362 1981 2436 omnia
2019 2362 2396 2436 observata
2439 2387 2641 2437 more
2685 2366 2921 2441 solito.

353 2487 553 2580 Heri,
579 2507 715 2584 per
733 2484 1162 2581 magistrum
1194 2483 1453 2557 domus
1481 2486 1726 2582 palatii
1747 2487 2125 2584 apostolici
2154 2496 2227 2562 et
2248 2492 2334 2562 D.
2366 2490 2923 2581 Bernardinum,

257 2612 527 2687 socium
569 2632 848 2699 meum,
879 2607 1171 2683 fuerunt
1212 2607 1598 2684 distributa
1631 2608 1795 2684 loca
1837 2634 1973 2708 per
2009 2634 2391 2687 mensuras
2428 2617 2501 2686 et
2540 2636 2809 2687 cannas
2847 2614 2920 2689 in

261 2740 364 2811 via
405 2734 902 2835 processionis
951 2734 1262 2808 crastino
1300 2758 1434 2831 per
1480 2740 1788 2809 RRmos.
1835 2740 1985 2810 DD.
2038 2736 2442 2811 cardinales
2486 2762 2615 2812 seu
2662 2762 2917 2813 eorum

263 2862 644 2935 servitores
703 2860 1026 2933 ornande
1085 2868 1158 2934 et
1206 2861 1650 2951 decorande;
1707 2868 1780 2935 et
1833 2861 2177 2935 schedule
2232 2885 2448 2960 super
2500 2863 2913 2959 hujusmodi

257 2986 424 3060 locis
471 2994 548 3061 et
593 2984 956 3059 mensuris
1002 2984 1302 3083 singulis
1350 2986 1639 3059 RRmis.
1687 2990 1839 3059 DD.
1881 2986 2365 3060 cardinalibus
2412 3010 2546 3085 per
2580 3011 2917 3062 cursores

260 3115 373 3187 SS.
425 3116 510 3185 D.
557 3115 646 3187 N.
692 3135 878 3210 pape
913 3111 1160 3186 misse.
1198 3115 1352 3209 Ego
1393 3119 1637 3187 autem
1671 3111 1759 3186 de
1801 3112 2143 3187 mandato
2185 3113 2372 3185 Rmi.
2417 3118 2505 3187 D.
2537 3114 2917 3189 cardinalis

261 3262 312 3310 s.
343 3236 663 3335 Georgii,
695 3236 952 3311 eadem
983 3236 1098 3312 die
1126 3244 1468 3327 externa,
1486 3237 1651 3313 dedi
1681 3236 2065 3311 schedulas
2090 3238 2509 3311 cursoribus
2538 3238 2909 3336 predictis,

260 3362 682 3436 officialibus
711 3363 1258 3459 presentandas,
1296 3362 1529 3459 sigillo
1557 3364 1886 3460 ejusdem
1920 3364 2109 3437 Rmi.
2139 3368 2225 3438 D.
2264 3363 2646 3437 camerarii
2678 3363 2917 3460 signa-

263 3496 384 3579 taS,
417 3486 842 3585 hujusmodi
872 3489 1146 3562 tenoris
1179 3515 1193 3561 :

353 3644 384 3678 c<
430 3617 540 3687 De
587 3611 930 3686 mandato
980 3615 1106 3686 SS.
1159 3619 1245 3688 D.
1302 3618 1388 3687 N.
1433 3636 1644 3712 pape,
1681 3615 2065 3688 mandatur
2100 3615 2405 3711 singulis
2436 3614 2911 3712 infrascriptis

261 3745 628 3833 quatenus,
679 3740 814 3813 sub
881 3764 1072 3838 pena
1117 3741 1374 3814 decem
1431 3739 1860 3814 ducatorum
1917 3740 2073 3813 auri
2128 3741 2216 3815 de
2276 3764 2569 3814 camera
2619 3762 2909 3813 camere

261 3864 640 3958 apostolice
669 3865 1266 3939 irremissibiliter
1301 3864 1922 3963 applicandorum,
1954 3865 2268 3939 debeant
2293 3890 2423 3962 per
2453 3870 2679 3939 totam
2712 3864 2905 3939 diem

267 3990 340 4059 ¹2
364 3988 722 4085 presentis
751 3991 1052 4081 mensiS,
1089 3990 1412 4064 omnium
1443 3998 1514 4066 et
1545 3991 1995 4088 singulorum
2032 3990 2438 4065 officiorum
2480 3989 2737 4085 quibus
2768 3989 2903 4087 ipsi

263 4120 544 4202 presunt
591 4136 724 4187 seu
777 4137 1088 4210 quorum
1145 4115 1281 4213 ipsi
1330 4114 1676 4188 officiales
1733 4114 1847 4189 vel
1906 4112 2259 4213 capellani
2308 4113 2651 4206 existunt,
2700 4136 2787 4187 ac
2832 4114 2901 4186 in

265 4236 568 4332 margine
599 4245 988 4314 annotasse
1015 4240 1074 4313 si
1103 4239 1223 4338 qui
1255 4248 1419 4315 sunt
1449 4262 1704 4314 eorum
1733 4240 1827 4314 ab
1860 4240 2053 4316 Urbe
2078 4240 2417 4315 absentes
2442 4239 2552 4312 vel
2584 4238 2853 4311 infirmi
2882 4268 2896 4312 ε

265 4358 845 4435 Rescribendario
867 4362 1242 4458 capellano
1266 4362 1695 4461 scriptorum
1722 4386 1925 4439 sacre
1948 4364 2453 4462 penitentiarie
2475 4364 2897 4464 apostolice,

347 4485 728 4582 capellano
767 4486 1242 4562 collectorum
1276 4489 1576 4585 plumbi,

321 4724 366 4779 1.
402 4724 567 4783 Louis
595 4726 722 4797 XH,
753 4745 821 4784 en
851 4734 1102 4785 montant
1139 4724 1311 4787 sur⁸le
1349 4734 1524 4799 trone,
1564 4730 1672 4805 prit
1708 4729 1949 4789 aussitot
1984 4730 2033 4785 le
2068 4730 2196 4789 titre
2224 4730 2293 4785 de
2321 4729 2427 4786 duc
2456 4730 2525 4785 de
2554 4728 2723 4787 Milan
2751 4736 2806 4785 et
2832 4730 2901 4785 de

261 4809 326 4864 roi
349 4812 412 4868 de
437 4812 600 4870 Sicile
629 4818 686 4870 et
719 4815 790 4871 de
826 4816 1156 4887 Jerusalem,
1186 4824 1462 4875 montrant
1497 4816 1638 4874 ainsi
1678 4817 1808 4891 qu'il
1847 4817 2127 4875 entendait
2154 4817 2477 4890 poursuivre
2518 4816 2597 4873 les
2640 4817 2899 4873 desseins

262 4897 318 4953 de
343 4900 556 4959 Charles
585 4904 710 4961 VIII
741 4922 850 4979 que
878 4904 931 4963 la
956 4916 1097 4964 mort
1125 4906 1272 4965 avait
1298 4910 1590 4982 prevenus.
1618 4907 1925 4963 Alexandra
1956 4906 2049 4977 VI,
2080 4907 2220 4963 dans
2258 4906 2339 4962 les
2380 4906 2735 4963 instructions
2767 4905 2897 4978 qu'il

259 4986 418 5045 donne
441 4996 476 5049 ὁ,
503 5010 597 5049 ses
626 4994 1075 5065 ambassadeurs,
1105 5002 1268 5069 apres
1296 4996 1448 5055 avoir
1483 4995 1680 5052 felicite
1716 4995 1767 5051 le
1796 4994 1879 5052 roi
1907 4996 1975 5053 de
2005 5013 2107 5053 son
2136 4994 2419 5052 accession
2456 4998 2491 5052 a
2517 4995 2569 5050 la
2596 5012 2893 5061 couronne,

262 5076 486 5156 l'engage
513 5087 547 5139 a
573 5084 706 5141 faire
733 5085 788 5141 la
814 5103 1010 5159 guerre
1038 5104 1148 5143 aux
1168 5086 1360 5157 Turcs,
1378 5091 1411 5144 a
1437 5086 1790 5143 abandonner
1809 5102 1902 5142 ses
1930 5085 2267 5159 pretentions
2296 5102 2393 5141 sur
2421 5084 2609 5153 Milan,
2643 5088 2675 5140 a
2704 5082 2901 5139 laisser

261 5163 492 5227 Florenee
517 5189 588 5229 en
615 5172 804 5232 liberte
833 5181 890 5232 et.
915 5179 948 5232 a
980 5175 1058 5231 lui
1085 5176 1281 5231 rendre
1317 5176 1470 5247 Pise,
1500 5180 1534 5231 a
1561 5192 1630 5231 ne
1666 5173 1823 5249 point
1856 5175 2091 5249 prendre
2129 5179 2163 5230 a
2200 5190 2263 5230 sa
2301 5172 2475 5244 solde,
2508 5190 2639 5230 sans
2676 5173 2729 5227 la
2764 5187 2892 5245 per-

257 5255 460 5315 mission
501 5262 569 5317 (le
606 5254 844 5336 l’Eglise,
875 5262 958 5321 les
997 5264 1200 5321 barons
1236 5265 1478 5321 romains
1504 5284 1530 5334 3
1556 5268 1590 5320 a
1627 5282 1696 5321 ne
1734 5282 1835 5337 pas
1872 5262 2135 5321 favoriser
2172 5263 2221 5319 le
2260 5264 2433 5337 pretet
2458 5264 2527 5319 de
2564 5262 2737 5317 Rome
2775 5267 2829 5317 et
2856 5264 2889 5317 a
