3625 6059
249 506 402 571 [Avi-il
430 504 578 565 149³]
891 500 1150 558 RERUM
1197 498 1658 558 URBANARUM
1709 498 2231 559 COMMENTARII.
2833 510 2907 564 67

253 662 532 755 propter
571 653 1188 728 cubiculariorum
1218 652 1804 748 multitudinem;
1854 680 2023 730 cum
2066 656 2429 731 diceretur
2457 656 2904 731 offertorium

256 788 322 857 et
379 776 756 855 celebrans
825 783 1020 855 esset
1075 778 1150 852 in
1204 776 1454 870 altare,
1505 778 1827 877 religiosi
1870 786 2221 879 ceperunt
2275 780 2910 879 processionaliter

257 904 544 977 circuire
611 900 840 977 altare
907 926 1114 978 more
1181 902 1430 995 solite,
1491 926 1806 1001 quorum
1866 908 2237 1005 processio
2286 908 2489 983 finita
2552 906 2686 982 fuit
2740 930 2907 983 cum

257 1030 488 1102 missa.

340 1153 760 1247 Calabras,
793 1155 1144 1254 depositis
1171 1158 1642 1255 paramentis,
1678 1164 1983 1257 accepta
2009 1180 2265 1256 cappa,
2301 1158 2487 1233 sedit
2511 1157 2701 1233 inter
2728 1156 2907 1233 alios

255 1278 646 1355 cardinales
689 1302 708 1355 ι
744 1279 1032 1355 interim
1075 1284 1157 1355 R.
1195 1286 1278 1355 P.
1317 1286 1406 1357 D.
1442 1284 2027 1375 Bartholomeus,
2062 1284 2449 1383 episcopus
2478 1283 2807 1359 Sutrinus
2836 1288 2911 1359 et

251 1406 670 1501 Nepesinus,
705 1406 1020 1503 acceptis
1050 1404 1358 1501 pluviale
1385 1408 1614 1485 rubeo
1643 1411 1981 1507 precioso
2006 1415 2081 1483 et
2109 1410 2321 1483 mitra
2352 1408 2685 1505 simplici,
2713 1410 2913 1485 venit

251 1528 332 1600 ad
386 1530 841 1626 pontificem,
908 1553 1158 1606 coram
1211 1559 1351 1631 quo
1413 1538 1865 1634 genuflexus,
1920 1537 2290 1612 osculatus
2344 1543 2459 1611 est
2512 1537 2671 1634 ejus
2719 1558 2909 1633 genu

252 1652 662 1745 dexterum;
717 1661 893 1730 tunc
934 1658 1141 1754 petiit
1185 1658 1276 1732 ab
1317 1684 1406 1734 eo
1467 1662 1991 1760 indulgentias,
2044 1671 2117 1740 et
2164 1662 2486 1761 pontifex
2550 1661 2913 1737 concessit

245 1778 596 1875 plenarias
644 1779 722 1854 in
782 1780 1072 1878 signum
1133 1780 1362 1858 letitie
1412 1786 1592 1859 tanti
1649 1785 1962 1878 federis3
2022 1787 2283 1863 deinde
2332 1786 2657 1861 ascendit
2715 1784 2910 1861 idem

252 1905 628 2003 episcopus
681 1905 958 2003 absque
1020 1906 1552 1984 benedictionis
1613 1912 1967 2009 petitione
2023 1912 2375 2012 pulpitum
2418 1912 2627 2011 juxta
2686 1930 2913 1986 cornu

253 2032 548 2128 epistole
598 2030 843 2105 altaris
879 2031 956 2105 in
993 2032 1158 2107 loco
1199 2034 1320 2107 ubi
1360 2033 1843 2110 faldistorium
1885 2036 2318 2113 celebrantis
2367 2043 2666 2113 steterat
2701 2058 2915 2134 para-

252 2164 422 2249 tum,
469 2164 552 2231 et
591 2155 862 2231 ibidem
900 2156 1070 2233 fecit
1112 2160 1520 2235 orationem
1555 2159 1730 2236 satis
1771 2161 2207 2261 simplicem,
2255 2184 2388 2260 per
2421 2182 2639 2258 quam
2677 2158 2915 2258 publi-

253 2282 422 2359 cavit
452 2282 670 2358 fedus
709 2288 784 2359 et
823 2283 1494 2359 confederationem
1537 2285 1728 2361 inter
1765 2289 1893 2363 SS.
1952 2291 2042 2363 D.
2095 2292 2179 2363 N.
2230 2292 2305 2361 et
2352 2284 2915 2361 illustrissimum

249 2410 700 2485 Venetorum
737 2408 998 2483 ducem
1039 2414 1112 2482 et
1143 2410 1666 2508 rempublicam
1702 2434 1788 2485 ac
1822 2411 2393 2487 illustrissimum
2426 2406 2919 2485 Mediolanen-

247 2558 394 2608 sem
448 2542 528 2611 et
575 2534 738 2609 Bari
788 2535 1052 2609 ducem
1099 2534 1354 2609 initam
1401 2560 1417 2609 :
1482 2536 1859 2613 excusavit
1906 2562 1985 2613 se
2034 2537 2127 2612 de
2168 2535 2515 2611 brevitate
2568 2533 2917 2609 orationis

247 2660 402 2755 quia
451 2658 694 2759 pridie
735 2659 812 2734 id
857 2660 993 2735 sibi
1037 2659 1340 2735 minime
1389 2660 1867 2737 commissum
1910 2662 2211 2751 fuisset;
2258 2667 2335 2737 et
2373 2660 2551 2757 legit
2600 2658 2918 2758 capitula

245 2785 456 2883 hujus
487 2786 764 2861 federis
797 2784 917 2886 (1).
954 2784 1188 2863 Finita
1219 2789 1574 2881 oratione,
1613 2792 1744 2865 SS.
1779 2794 1867 2863 D.
1907 2792 1993 2862 N.
2042 2793 2239 2861 stans
2278 2787 2351 2859 in
2392 2786 2566 2860 sede
2598 2808 2732 2859 sua
2760 2781 2915 2857 sine

250 2911 490 3003 mitra,
535 2912 812 3010 incepit
866 2909 962 2987 Te
995 2911 1232 2987 Deum
1271 2914 1678 3005 laudamur,
1727 2922 1800 2989 et
1854 2918 2191 2987 cantores
2238 2910 2417 2983 illud
2465 2917 2634 2984 sunt
2670 2928 2919 3007 prose-

249 3038 448 3133 quuti
477 3038 820 3136 usquein
851 3038 1100 3117 finem.
1139 3042 1296 3127 Quo
1339 3039 1576 3129 finito,
1619 3041 1748 3115 SS.
1793 3040 1882 3112 D.
1927 3042 2178 3111 noster
2214 3033 2395 3109 dixit
2432 3034 2651 3111 Pater
2684 3044 2917 3107 noster

244 3162 383 3237 alta
407 3188 621 3257 voce,
659 3164 918 3240 deinde
959 3165 1338 3265 sequentia
1372 3189 1390 3239 t
1425 3164 1534 3239 Et
1569 3189 1658 3239 ne
1695 3188 1825 3239 noa
1860 3162 2157 3236 inducas
2195 3160 2271 3235 in
2302 3159 2751 3235 tornationem
2795 3159 2923 3233 sed

243 3285 456 3362 libera
484 3312 620 3363 nos
654 3314 698 3363 a
725 3290 937 3365 malo.

341 3409 595 3489 Salvos
624 3417 754 3515 sac
784 3440 1016 3491 servos
1045 3426 1226 3507 tuor,
1259 3415 1581 3507 Domine,

338 3540 532 3615 Deus
561 3564 790 3631 meus,
822 3552 1180 3640 sperantes
1217 3543 1294 3615 in
1333 3552 1424 3615 te.

339 3666 640 3765 Dissz'pa
667 3679 912 3765 qentes
941 3690 1078 3765 que
1105 3667 1282 3741 bella
1311 3666 1558 3741 volunt

349 3790 456 3867 Ut
479 3792 874 3869 liberentur
899 3792 1132 3867 dilecti
1159 3790 1266 3865 mi
1291 3800 1363 3863 et
1385 3788 1855 3887 confiteantur
1882 3786 2155 3861 nomini
2184 3796 2325 3860 tuo.

349 3917 707 4010 Concede,
740 3916 1064 4009 Domine,
1081 3916 1350 4015 populo
1387 3925 1504 3987 tuo
1537 3923 1620 3987 ut
1640 3912 1735 3986 sit
1759 3912 1823 3985 ei
1856 3934 1977 3985 eor
2002 3934 2232 3985 unum
2268 3920 2339 3982 et
2367 3908 2609 3981 anima
2634 3928 2811 3995 una,
2846 3905 2918 3976 in

241 4042 730 4119 observatione
755 4042 1254 4117 mandatorum
1283 4052 1593 4115 tuorum.

336 4168 564 4243 Mitte
589 4168 789 4243 uobis
818 4168 1170 4243 auxilium
1199 4168 1284 4243 de
1311 4168 1578 4242 Sancto

336 4292 453 4366 Et
481 4292 576 4367 de
604 4292 782 4367 Sion
813 4318 840 4365 .·
869 4304 1062 4367 tuere
1080 4316 1208 4367 noe
1221 4318 1254 4382 ;

332 4418 653 4493 Domine
681 4418 943 4492 exaudi
969 4419 1354 4493 orationem
1386 4440 1614 4491 meam
1627 4474 1648 4507 ,

333 4544 452 4619 Et
469 4544 748 4619 clamor
773 4568 972 4621 meus
1001 4544 1100 4621 ad
1122 4557 1186 4620 te
1215 4545 1472 4619 veniat.

333 4670 714 4747 Dominus
753 4671 1132 4763 vobiscum,

329 4796 446 4871 Et
473 4820 651 4869 eum
677 4796 930 4894 spiritu
959 4808 1104 4869 tuo,

311 5022 366 5078 1.
409 5022 538 5077 Sur
575 5026 722 5077 cette
769 5020 920 5095 ligne
949 5026 1102 5077 entre
1129 5018 1182 5075 le
1209 5020 1378 5093 Papo,
1407 5016 1490 5074 les
1516 5014 1806 5073 Venitiens
1840 5020 1895 5072 et
1922 5010 2163 5070 Ludovio
2192 5010 2243 5068 le
2268 5010 2439 5079 More,
2468 5024 2597 5081 voy.
2631 5005 2927 5071 latescere,

239 5110 294 5164 d.
329 5109 584 5166 Eecard.
617 5115 662 5179 t,
691 5110 762 5179 11,
793 5106 896 5168 eol.
928 5110 1072 5167 2010
1099 5127 1115 5165 ι
1149 5108 1200 5164 le
1229 5106 1518 5164 sommaire
1544 5106 1644 5163 des
1672 5104 1891 5163 articles
1916 5102 2013 5179 qni
2042 5102 2094 5160 la
2112 5104 2435 5176 composent
2451 5100 2539 5154 est
2556 5096 2806 5169 rapport&
2832 5105 2933 5165 par

245 5200 472 5258 Marino
517 5198 756 5257 Sanudo
785 5199 924 5256 dans
962 5198 1014 5256 le
1056 5206 1202 5257 tome
1237 5196 1394 5255 XXI!
1431 5196 1532 5253 des
1569 5198 1694 5255 Iter.
1734 5196 1861 5253 uas.
1902 5196 2104 5266 Soript.
2148 5192 2217 5249 de
2253 5184 2536 5257 Mentori,
2563 5182 2667 5241 eol.
2710 5180 2926 5238 iseo-1.
