3625 6059
647 536 718 593 48
1302 559 1314 573 ·
1558 534 1911 594 JOHANNIS
1958 535 2401 604 BURCHARDI,
2578 543 2585 551 '
2976 538 3145 599 [Mars
3177 538 3329 601 1493]

651 690 914 764 ostium
967 689 1242 787 capelle
1287 715 1346 763 5.
1399 689 1675 764 Thome
1725 714 1977 765 versus
2030 690 2382 788 capellam
2433 714 2491 764 5.
2552 690 2797 765 Andre
2852 696 2925 765 01
2990 689 3325 789 Gregorii

651 838 882 912 usque
927 814 1019 889 ad
1070 816 1423 914 capellam
1478 816 1865 913 septimam
1908 838 2167 890 novem
2217 821 2539 914 capsette
2592 822 2662 890 et
2718 815 2904 888 infra
2967 814 3327 912 capellam

648 940 967 1036 quinque
1041 938 1178 1013 alie
1255 946 1574 1038 capsette
1650 963 1782 1038 pro
1869 938 2253 1015 intorticiis
2322 966 2338 1013 :
2421 939 2655 1038 posite
2737 941 3030 1013 fuerunt
3107 938 3333 1037 igitur

651 1065 840 1141 inter
910 1063 1278 1139 columnas
1343 1065 1706 1163 predictas
1779 1066 1970 1140 inter
2030 1090 2153 1140 xv1
2222 1073 2296 1141 et
2362 1066 2434 1139 in
2509 1064 2842 1162 opposito
2910 1087 3037 1155 xv,
3112 1089 3337 1161 supra

652 1194 962 1262 castrum
1037 1212 1110 1263 ix
1171 1197 1244 1263 et
1305 1190 1541 1265 facule
1603 1191 1844 1265 medie
1908 1190 2093 1265 libre
2151 1190 2437 1265 circiter
2503 1213 2664 1279 cen,
2738 1190 2945 1287 juxta
3010 1193 3331 1262 castrum

649 1314 1012 1388 intorticia
1064 1338 1258 1406 ΠΝ,
1310 1314 1644 1389 videlicet
1689 1340 1784 1388 x11
1846 1340 1889 1389 a
1927 1312 2253 1412 quolibet
2301 1313 2567 1405 latere,
2614 1336 2685 1385 xl
2742 1336 2874 1410 pro
2930 1311 3328 1410 sepultura.

649 1443 885 1514 Unum
917 1440 1161 1514 datum
1191 1440 1325 1513 fuit
1370 1442 1654 1538 regenti
1697 1466 1756 1515 s.
1804 1441 2058 1531 Marie,
2097 1464 2325 1515 unum
2366 1440 2665 1515 sacriste
2710 1448 2959 1513 nostro
3002 1445 3075 1513 et
3106 1464 3333 1513 unum

647 1564 750 1639 illi
782 1564 903 1664 qui
935 1566 1110 1641 fecit
1141 1589 1595 1657 sermonem;
1633 1574 1705 1641 et
1733 1566 1983 1640 omnia
2005 1566 2143 1639 hec
2176 1566 2467 1641 suerunt
2491 1566 2579 1640 de
2601 1564 3157 1662 quatuorlibriS.
3194 1568 3333 1639 Pro

650 1692 1134 1767 cardinalibus
1179 1700 1252 1767 et
1295 1693 1499 1767 altari
1538 1700 1790 1791 parata
1836 1693 2131 1768 fuerunt
2170 1717 2311 1765 xxx
2351 1692 2716 1766 intorticia
2756 1692 3103 1767 librarum
3151 1692 3335 1764 dua-

653 1841 812 1891 rum
844 1842 974 1915 pro
1009 1817 1333 1914 quolibet
1359 1842 1376 1908 3
1409 1842 1541 1915 pro
1572 1817 1867 1915 prelatis
1898 1825 1970 1893 et
2000 1818 2303 1893 funestis
2334 1841 2511 1891 ccxx
2540 1816 2652 1891 vel
2676 1817 2873 1892 circa
2900 1816 3110 1891 unius
3137 1815 3323 1891 libre

648 1967 781 2040 pro
809 1943 966 2017 aliis
996 1966 1122 2017 ccc
1159 1943 1400 2019 medie
1433 1943 1616 2017 libre
1652 1944 1765 2019 vel
1803 1944 1997 2018 circa
2034 1950 2107 2019 et
2146 1944 2656 2041 superfuerunt
2704 1942 2929 2016 multe
2970 1941 3108 2015 alie
3150 1964 3325 2015 can-

649 2068 811 2143 dele
856 2070 1027 2165 quia
1075 2091 1222 2141 non
1275 2069 1566 2143 fuerunt
1621 2070 1785 2144 date
1836 2070 1975 2144 nisi
2024 2068 2432 2143 ordinariis.
2482 2074 2667 2145 Cera
2711 2067 2845 2141 fuit
2892 2067 3214 2165 reposita
3250 2066 3326 2139 in

653 2193 931 2290 capella
976 2216 1194 2292 quam
1245 2218 1477 2293 nuper
1503 2194 1666 2269 fieri
1696 2197 1870 2270 fecit
1901 2196 2287 2271 cardinalis
2322 2220 2379 2267 5.
2428 2195 2653 2270 Marie
2692 2194 2763 2267 in
2799 2193 3089 2267 Porticu
3118 2192 3329 2290 juxta

653 2320 1006 2416 capellam
1047 2319 1397 2394 Sixtinam
1435 2346 1452 2394 :
1501 2321 1641 2397 tele
1683 2322 1891 2420 nigre
1934 2344 2102 2397 cum
2146 2320 2366 2395 armis
2406 2321 2639 2417 posite
2675 2321 2968 2395 fuerunt
3014 2319 3090 2392 in
3135 2318 3331 2393 dicta

653 2444 930 2541 capella
975 2470 1036 2519 5.
1085 2445 1310 2519 Marie
1360 2445 1435 2519 in
1495 2448 1783 2522 Porticu
1830 2472 2058 2545 usque
2108 2448 2200 2522 ad
2246 2453 2475 2521 totam
2523 2446 2875 2544 capellam
2923 2444 3329 2543 predictam

654 2594 713 2641 5.
768 2569 1058 2645 Andree
1111 2578 1183 2647 et
1235 2572 1562 2670 Gregorii
1621 2577 1692 2647 et
1746 2571 1914 2646 inde
1972 2594 2203 2667 usque
2262 2574 2357 2647 ad
2398 2598 2493 2647 xn
2548 2574 2989 2665 columnam,
3050 2574 3181 2647 sed
3240 2573 3331 2647 de

657 2696 914 2771 eadem
977 2698 1256 2797 capella
1305 2722 1536 2797 usque
1595 2700 1686 2774 ad
1742 2699 2009 2772 dictam
2066 2700 2419 2797 capellam
2484 2724 2544 2774 5.
2593 2701 2815 2775 Marie
2871 2701 2943 2773 in
3007 2701 3325 2789 Porticu,

651 2822 860 2896 nihil.

747 2951 931 3024 Item
963 2971 1184 3050 super
1222 2950 1638 3027 columnam
1677 2948 1921 3025 altaris
1966 2947 2242 3048 capelle
2284 2973 2346 3024 S.
2380 2950 2670 3025 Andree
2710 2955 2783 3025 et
2818 2950 3146 3049 Gregorii
3184 2950 3333 3025 cir-

654 3096 820 3148 cum
851 3074 1046 3149 circa
1077 3081 1148 3150 et
1180 3076 1428 3151 subter
1457 3082 1772 3151 castrum
1805 3074 2073 3150 doloris
2107 3081 2179 3150 et
2210 3076 2300 3149 ab
2334 3081 2537 3150 extra
2567 3075 2787 3150 etiam
2827 3075 3100 3150 circum
3135 3075 3335 3151 circa

653 3224 859 3277 more
888 3200 1098 3275 solito
1131 3201 1396 3276 funesti
1429 3201 1766 3277 sederunt
1795 3200 1968 3274 hinc
2006 3201 2174 3275 inde
2206 3202 2412 3299 juxta
2441 3207 2761 3276 castrum
2792 3200 3063 3275 doloris
3094 3226 3331 3299 usque

655 3326 747 3402 ad
778 3326 1004 3402 finem
1045 3327 1320 3423 capelle
1358 3325 1629 3400 Sixtine
1669 3333 1740 3400 et
1781 3325 1951 3401 inde
1980 3324 2055 3399 in
2096 3348 2241 3401 uno
2287 3327 2522 3401 banco
2562 3327 3025 3402 transversali
3064 3326 3333 3403 lectica

657 3453 792 3526 sub
833 3458 1070 3526 castro
1103 3449 1371 3526 doloris
1401 3474 1542 3548 que
1580 3450 1714 3525 fuit
1753 3450 2227 3549 longitudinis
2272 3459 2553 3550 septem
2592 3453 2890 3552 pedum,
2923 3452 3331 3527 latitudinis

657 3583 961 3677 quatuor
1001 3584 1068 3652 et
1108 3575 1504 3651 altitudinis
1554 3577 1873 3674 quinque
1902 3575 2305 3677 palmorum
2344 3578 2457 3652 vel
2494 3578 2691 3653 circa
2738 3586 2810 3653 et
2850 3578 3025 3653 satis
3070 3602 3335 3653 conve*

657 3704 866 3779 niens
907 3710 1144 3777 castro
1183 3726 1199 3776 ε
1238 3709 1449 3800 caput
1477 3702 1734 3776 lectice
1777 3701 1909 3776 fuit
1948 3726 2193 3778 versus
2230 3703 2583 3801 capellam
2626 3729 2686 3777 S.
2722 3705 3007 3780 Andree
3048 3710 3120 3779 et
3155 3706 3335 3780 Gre*

659 3828 843 3925 gorii
875 3827 1274 3927 predictam
1305 3833 1377 3902 et
1406 3829 1630 3926 pedes
1667 3852 1916 3902 versus
1957 3825 2180 3903 altare
2218 3830 2453 3927 majus
2490 3838 2706 3928 prout
2744 3830 3219 3905 conveniebat
3252 3829 3335 3904 in

656 3953 778 4031 illa
829 3954 1015 4029 navi.
1071 3954 1592 4031 Distributores
1654 3976 1820 4031 cere
1886 3954 2279 4029 noluerunt
2336 3954 2507 4030 dare
2568 3956 2905 4031 candelas
2954 3955 3327 4032 canonicis

661 4080 1111 4156 beneficiatis
1142 4086 1212 4155 et
1245 4080 1525 4156 clericis
1555 4080 1742 4155 dicte
1772 4080 2098 4173 basilice,
2134 4086 2544 4155 asserentes
2574 4082 2809 4155 nullas
2837 4104 2967 4180 pro
2994 4081 3101 4157 eis
3132 4080 3331 4154 ordi-

663 4212 870 4280 natas
889 4230 905 4297 3
937 4202 1156 4281 credo
1173 4212 1417 4281 tamen
1438 4208 1633 4304 quod
1651 4212 1907 4305 postea
1930 4208 2182 4307 supple
2192 4214 2467 4283 verunt.
2497 4208 2657 4282 Alia
2676 4208 2923 4281 omnia
2951 4208 3325 4282 observata

661 4339 826 4406 sunt
886 4352 1089 4407 more
1139 4329 1376 4425 501110,
1417 4339 1721 4431 excepto
1768 4332 1965 4431 quod
2014 4334 2315 4432 exequie
2370 4334 2785 4433 hujusmodi
2836 4340 3129 4434 peracte
3176 4356 3327 4409 non

659 4456 950 4533 fuerunt
975 4478 1108 4556 per
1132 4478 1389 4533 novem
1415 4458 1599 4550 dies,
1619 4464 1834 4558 prout
1854 4458 2010 4533 fieri
2045 4458 2229 4535 solet
2252 4484 2383 4559 pro
2416 4458 2924 4553 cardinalibus,
2952 4460 3080 4536 sed
3104 4456 3327 4535 hodie

660 4587 939 4659 tantum
985 4591 1285 4684 propter
1331 4584 1654 4660 defuncti
1700 4591 2229 4684 paupertatem.
2276 4587 2572 4661 Funesti
2616 4589 2910 4662 fuerunt
2942 4610 3172 4662 chxu
3212 4587 3327 4661 vel

660 4708 851 4783 circa
893 4716 967 4785 et
1007 4710 1250 4785 nullus
1293 4711 1639 4809 prelatus,
1689 4708 1907 4785 Primi
1954 4710 2093 4785 duo
2139 4711 2431 4787 fuerunt
2474 4712 2731 4787 fratres
2775 4711 3157 4787 cardinalis
3204 4710 3333 4787 de-

659 4833 911 4909 functi.

756 4959 1027 5035 Eadem
1057 4957 1199 5055 die,
1230 4970 1394 5060 post
1424 4964 1835 5061 prandium,
1872 4968 1997 5040 SS.
2026 4967 2112 5039 D.
2146 4966 2229 5039 N.
2262 4964 2603 5062 equitavit
2633 4965 2725 5038 ad
2754 4964 3088 5039 solatium
3119 4972 3329 5039 extra

657 5091 940 5185 portam
973 5088 1203 5163 sancti
1235 5088 1536 5185 Spiritus
1570 5090 1716 5165 sive
1733 5090 2131 5183 TurrioniS‚
2164 5110 2328 5165 cum
2360 5091 2507 5165 suis
2545 5090 2959 5165 domesticis
2991 5090 3327 5165 cardina-

656 5212 873 5305 libus,
927 5210 1220 5314 prelatis
1278 5220 1348 5289 ct
1408 5214 1877 5291 familiaribus
1930 5218 2088 5315 ejus
2146 5216 2563 5293 Sanctitatis
2616 5238 2632 5289 ε
2684 5216 3101 5294 immediate
3152 5224 3327 5294 ante
