3625 6059
268 565 569 633 [Decembre
596 564 741 629 149⁴]
914 561 1169 622 RERUM
1215 561 1673 623 URBANARUM
1722 561 2246 625 COMMENTARII.
2809 572 2911 629 201

359 716 731 795 Dominica
770 716 983 793 tertia
1022 716 1397 802 adventus,
1442 722 1527 791 14
1577 716 2012 811 decembriS,
2073 722 2320 803 Rmus.
2382 724 2466 795 D.
2523 720 2911 797 cardinalis

268 843 859 941 Carthaginiensis
912 842 1301 919 celebravit
1362 842 1661 917 missam
1720 844 2124 920 solemnem
2175 844 2248 918 in
2300 844 2580 943 capella
2631 846 2910 943 majore

266 969 491 1069 palatii
540 968 951 1066 apostolici,
987 972 1181 1068 Papa
1220 974 1563 1068 presente
1601 993 1617 1044 :
1656 976 1729 1044 et
1760 992 1907 1045 non
1939 970 2068 1045 fuit
2103 992 2344 1046 sermo
2375 970 2544 1069 quia
2579 970 2910 1049 infirmus

268 1100 405 1170 erat
457 1100 529 1169 et
584 1092 845 1170 debilis
908 1099 1336 1192 procurator
1388 1093 1660 1169 ordinis
1737 1118 1797 1169 s.
1864 1093 2243 1191 Augustini
2301 1094 2502 1169 illum
2563 1096 2908 1181 facturus.

268 1220 496 1295 thmi.
533 1223 689 1295 DD.
738 1220 1143 1296 cardinales
1182 1219 1533 1295 Ascanius
1577 1227 1649 1297 et
1692 1245 1752 1295 s.
1796 1222 2134 1297 Severeni
2183 1220 2402 1297 etiam
2439 1221 2916 1299 interfuerunt

264 1345 421 1419 huic
460 1346 718 1439 misse,
754 1346 943 1421 infra
986 1368 1203 1443 quam
1242 1345 1436 1421 idem
1482 1345 1868 1422 cardinalis
1920 1346 2272 1423 Ascanius
2319 1346 2541 1422 astitit
2587 1345 2912 1444 pontifici

267 1472 347 1549 ud
372 1472 739 1548 sinistram
770 1480 843 1548 et
874 1496 1009 1571 per
1037 1478 1262 1547 totam
1304 1472 1601 1547 missam
1634 1474 1829 1571 Papa
1867 1472 1998 1548 fuit
2038 1471 2325 1547 locutus
2355 1494 2524 1548 cum
2563 1495 2650 1549 eo
2691 1474 2938 1561 etiam,

266 1604 407 1697 post
437 1598 917 1675 elevationem
946 1599 1383 1675 sanctissimi
1418 1599 1884 1691 sacramenti3
1913 1621 2076 1673 cum
2103 1608 2296 1675 esset
2326 1606 2612 1697 tempus
2645 1599 2908 1692 standi,

268 1723 544 1800 sedebat
590 1732 673 1800 ut
728 1725 1189 1802 commodius
1248 1749 1416 1801 cum
1468 1747 1556 1801 eo
1604 1724 2053 1822 loqueretur.
2113 1722 2272 1801 Alia
2323 1724 2695 1803 observata
2741 1732 2910 1807 sunt

269 1872 447 1926 more
478 1852 722 1926 solito.

354 1977 553 2053 Feria
583 1978 829 2072 tertia,
869 1984 955 2054 16
980 1978 1417 2070 decembris,
1442 1978 1673 2054 vocati
1705 2001 1838 2077 per
1867 1984 1954 2054 D.
1982 1978 2468 2076 Engelardum
2500 1978 2907 2053 credentia-

269 2104 433 2178 rium
492 2107 717 2203 Pape,
791 2109 877 2181 D.
931 2104 1303 2182 Iohannes
1358 2104 1595 2198 Fabri,
1659 2104 2030 2203 Eugenius
2084 2104 2497 2204 Turtipiger
2568 2104 2908 2197 Aureola‚

271 2228 611 2303 lohannes
642 2230 905 2326 Copris
936 2236 1010 2305 et
1034 2253 1198 2328 ego,
1232 2230 1557 2329 venimus
1589 2228 1680 2304 ad
1708 2232 1978 2327 Papam
2009 2228 2203 2305 circa
2231 2229 2628 2305 secundam
2649 2230 2916 2305 horam

274 2355 505 2429 noctis.
548 2353 906 2431 Recitavit
946 2355 1155 2431 nobis
1206 2356 1565 2432 Sanctitas
1603 2379 1735 2431 sua
1772 2354 2309 2431 infestationem
2342 2364 2414 2433 et
2452 2355 2916 2432 insolentiam

280 2477 443 2575 regis
466 2480 777 2555 Francie
810 2480 930 2577 qui
954 2486 1187 2555 terras
1208 2478 1531 2555 Ecclesie
1553 2486 1949 2577 occuparet
1971 2486 2041 2557 et
2063 2480 2674 2579 appropinquaret
2702 2481 2915 2555 Urbis

280 2601 643 2697 obsidioni;
678 2628 905 2703 quam
934 2604 1107 2680 licet
1135 2605 1227 2680 ab
1262 2629 1351 2681 eo
1376 2628 1522 2680 non
1556 2612 1997 2703 expectaret,
2042 2613 2290 2682 tamen
2321 2605 2489 2704 quia
2524 2605 2732 2704 signa
2774 2630 2914 2704 que

282 2736 600 2826 apparent
640 2730 804 2828 regi
844 2729 1443 2805 christianissimo
1482 2754 1629 2805 non
1669 2731 1976 2807 multum
2026 2732 2552 2824 convenientia,
2600 2732 2916 2808 nesciret

278 2854 431 2949 quid
457 2855 543 2930 de
574 2879 666 2931 eo
692 2855 1083 2955 judicaret,
1119 2856 1399 2955 rogavit
1426 2880 1559 2931 nos
1588 2856 1940 2933 vellemus
1981 2858 2519 2934 communicare
2549 2858 2623 2933 id
2651 2859 2916 2934 nostris

279 2978 421 3074 quia
460 2980 547 3056 de
594 2982 897 3058 natione
941 2990 1191 3058 nostra
1226 2981 1536 3057 multum
1581 2982 1993 3058 confidebat
2037 2990 2110 3059 et
2151 2982 2470 3059 animare
2503 3006 2632 3059 eos
2665 2984 2755 3059 ad
2785 2984 2913 3060 de-

276 3103 649 3182 fensionem
683 3108 801 3182 sui
840 3106 1065 3206 ipsius
1109 3112 1180 3183 et
1218 3106 1541 3183 Ecclesie
1587 3131 1673 3182 ac
1715 3108 1926 3183 Urbis
1957 3114 2029 3184 et
2057 3108 2251 3206 quod
2281 3108 2470 3183 inter
2500 3131 2580 3184 se
2619 3108 2913 3184 ordina-

276 3238 413 3305 rent
467 3231 983 3309 contestabiles
1036 3241 1111 3309 et
1178 3234 1417 3331 capita
1477 3256 1563 3309 ac
1620 3232 1710 3309 de
1774 3234 1996 3307 armis
2062 3233 2486 3332 opportunis
2541 3233 2675 3309 sihi
2738 3234 2912 3334 ipsis

279 3357 705 3451 providerent
740 3367 811 3434 et
848 3357 938 3435 de
969 3359 1305 3435 omnibus
1345 3360 1533 3435 inter
1572 3381 1653 3434 se
1692 3359 2024 3435 ordinem
2065 3358 2420 3451 fecerent,
2457 3366 2558 3449 ut,
2593 3358 2913 3433 necessi·

280 3486 399 3557 tate
424 3493 875 3575 occurrente,
908 3491 1207 3583 possent
1238 3509 1316 3561 se
1364 3484 1781 3577 defendere,
1812 3485 2150 3584 quodque
2192 3506 2444 3560 eorum
2475 3506 2726 3582 opera,
2763 3507 2910 3559 non

278 3613 449 3683 extra
474 3610 747 3685 Urbem
778 3609 907 3685 sed
951 3610 1025 3685 in
1060 3634 1144 3686 ea
1186 3609 1528 3686 duntaxat
1570 3610 1672 3685 nti
1711 3608 1950 3685 vellet.
1990 3610 2354 3711 Respondi
2397 3633 2534 3709 ego
2580 3608 2910 3686 omnium

276 3733 571 3827 consilio,
613 3759 755 3811 nos
804 3758 1059 3811 omnes
1114 3736 1203 3813 de
1252 3758 1424 3811 casu
1472 3735 1892 3835 hujusmodi
1943 3736 2359 3829 condolere,
2407 3744 2698 3836 paratos
2746 3759 2910 3813 esse

280 3852 538 3934 obedire
577 3861 941 3937 mandatis
994 3861 1409 3937 Sanctitatis
1444 3885 1616 3958 sue,
1668 3860 2330 3939 communicaturos
2379 3861 2536 3937 aliis
2585 3884 2749 3937 cum
2803 3862 2910 3937 eis

280 3984 607 4080 proposita
671 3995 768 4062 et‘
806 3986 1357 4084 responsionem
1426 3988 1800 4063 sanctitati
1871 4011 2000 4063 sue
2065 3988 2385 4065 daturoS.
2451 3986 2908 4063 Recessimus

282 4103 487 4204 itaque
516 4134 559 4185 a
584 4112 985 4189 Sanctitate
1032 4136 1187 4205 sua,
1227 4119 1298 4189 et
1341 4136 1473 4212 pro
1518 4112 1635 4188 die
1677 4114 1991 4189 crastina
2031 4136 2430 4189 convocare
2473 4111 2778 4186 fecimus
2818 4112 2908 4187 ad

284 4228 598 4333 hospitale
650 4244 977 4313 nostrum
1031 4236 1439 4313 Iohannem
1492 4237 1883 4337 Angelum,
1923 4239 2290 4337 hospitem
2345 4240 2710 4336 Campane
2770 4243 2900 4339 (1),

282 4357 663 4457 Gasparem,
682 4363 1043 4463 hospitem
1070 4363 1356 4461 Angeli‚
1384 4366 1779 4463 Gasparem
1802 4364 2132 4456 Sculteti‚
2160 4363 2640 4439 calceatorem
2657 4386 2903 4439 meum

284 4626 453 4689 n’avait
490 4632 583 4692 fait.
624 4638 951 4712 pressentir,
992 4636 1129 4696 c’est
1174 4656 1283 4714 que
1320 4639 1659 4714 ,Ferdinand,
1700 4640 1807 4697 duc
1854 4639 1921 4697 de
1971 4638 2219 4709 Calabre,
2260 4639 2446 4697 venait
2493 4638 2754 4697 d'arriver
2797 4656 2905 4697 aux

286 4723 437 4787 portes
463 4721 526 4780 de
552 4723 725 4785 Rome
752 4744 885 4785 avec
913 4744 1013 4785 son
1044 4745 1204 4804 corps
1233 4727 1469 4789 d'armee
1500 4729 1653 4801 dont,
1686 4732 1719 4787 a
1747 4747 1815 4787 en
1845 4727 2019 4787 croire
2047 4728 2126 4786 les
2155 4728 2581 4788 ambassadeurs
2611 4729 2904 4803 venitiens,

286 4798 328 4858 la
348 4806 473 4866 force
498 4813 622 4873 etait
648 4815 717 4873 de
752 4816 1202 4892 cinquante-cinq
1230 4819 1531 4877 escadrons
1570 4825 1623 4877 et
1659 4819 1727 4876 de
1755 4819 1883 4894 cinq
1909 4817 2054 4875 mille
2084 4818 2332 4876 hommes
2361 4818 2724 4877 d’infanterie.
2757 4820 2905 4877 Pour

288 4908 347 4948 un
372 4910 605 4975 moment,
634 4903 690 4961 la
715 4905 881 4964 ferme
903 4914 1241 4966 contenance
1280 4910 1353 4966 du
1383 4910 1571 4985 prince
1600 4909 1893 4984 aragonais
1923 4908 2068 4967 avait
2103 4909 2276 4967 rendu
2305 4910 2540 4985 quelque
2568 4928 2806 4985 courage
2834 4928 2903 4968 au

290 4990 531 5047 souverain
557 4992 787 5052 Pontife.
824 5018 853 5046 ι)
884 4998 963 5053 De
994 4998 1267 5071 Cherrier,
1298 5002 1444 5059 Hist.
1480 5000 1545 5057 de
1578 5000 1795 5058 Char-les
1830 5000 1973 5069 VIII,
2005 5004 2044 5057 t.
2080 5000 2148 5071 Π,
2176 5018 2232 5075 p.
2263 5000 2354 5059 65.
2391 5000 2466 5059 Le
2498 5002 2566 5058 10
2593 5000 2898 5071 decembre,

288 5066 351 5128 les
366 5081 561 5153 troupes
588 5083 655 5141 de
680 5085 991 5145 Ferdinand
1018 5093 1295 5147 entrerent
1324 5090 1463 5148 dans
1492 5089 1687 5147 Rome.

294 5172 597 5335 1’A11lgffmit
632 5200 739 5239 une
778 5184 879 5241 des
916 5184 1129 5244 bonnes
1168 5187 1441 5261 auberges
1476 5187 1543 5244 de
1574 5186 1625 5245 la
1653 5184 1778 5244 ville
1815 5186 1958 5246 ainsi
1985 5206 2093 5262 que
2129 5186 2182 5245 la
2211 5187 2483 5256 suivante,
2518 5184 2794 5257 l’auberge
2831 5184 2900 5241 de
