3625 6059
264 569 441 630 [Jnisset
466 570 601 639 14961
892 575 1143 640 RERUM
1194 576 1657 638 URBANARUM
1700 580 2226 639 COMMENTARII.
2786 586 2886 640 291

266 728 631 815 Firmanus,
700 750 931 826 nepos
987 730 1177 804 Rmi.
1254 736 1338 806 D.
1408 734 1795 809 cardinalis
1868 738 2238 827 Senensis,
2315 739 2477 834 qui,
2541 739 2615 811 in
2678 745 2891 813 nocte

266 853 581 949 sequenti,
632 853 751 927 die
806 854 1109 945 sabbati,
1175 862 1265 932 25
1302 858 1486 954 junii
1542 860 1869 956 proxime
1918 862 2274 959 preteriti,
2327 862 2731 936 infirmatus
2781 869 2891 937 est

265 979 433 1054 febre
469 978 779 1074 quadam
816 986 1029 1054 acuta
1066 982 1413 1057 continua
1440 984 1743 1059 medicis
1772 986 2046 1083 ignota.

338 1102 520 1179 Fet-ia
570 1105 913 1197 secunda,
970 1110 1013 1178 4
1056 1105 1221 1205 julii
1276 1107 1347 1180 in
1386 1130 1630 1197 mane,
1682 1110 1878 1183 circa
1923 1110 2179 1184 horam
2225 1112 2513 1202 decem,
2561 1118 2884 1209 portatus

260 1236 353 1304 est
376 1242 495 1327 per
524 1229 903 1303 scutiferos
933 1228 1121 1304 Rmi.
1160 1233 1247 1305 D.
1284 1232 1669 1305 cardinalis
1702 1234 2046 1308 Senensis
2076 1235 2168 1308 ad
2197 1236 2570 1311 basilicam
2599 1260 2656 1311 s.
2693 1240 2884 1311 Petri

260 1363 317 1431 et
354 1355 688 1453 capellam
731 1361 1149 1429 sanctorum
1191 1356 1481 1432 Andree
1526 1365 1598 1431 et
1636 1360 1992 1455 Gregorii,
2043 1368 2116 1435 et
2165 1360 2438 1436 ibidem
2481 1361 2875 1458 depositus.

260 1481 521 1554 indutus
546 1488 703 1555 erat
732 1504 965 1578 cappa
990 1504 1137 1577 qua
1192 1482 1451 1580 acolyti
1492 1484 1563 1557 in
1610 1484 1890 1581 capella
1935 1488 2128 1581 Pape
2173 1486 2275 1558 uti
2307 1494 2874 1560 consueverunt:

253 1608 473 1681 fratres
537 1607 849 1699 Araceli,
913 1608 1337 1682 canonicis.
1402 1610 1763 1684 Eustachii
1824 1618 1897 1686 et
1953 1620 2196 1686 rector
2251 1613 2397 1686 sive
2465 1612 2880 1709 capellanus

251 1730 521 1806 ecclesie
566 1756 628 1805 s.
680 1732 1085 1807 sebastiani
1126 1756 1291 1807 cum
1331 1734 1580 1829 paucis
1628 1734 1787 1808 aliis
1828 1736 2352 1829 sacerdotibuS,
2397 1760 2580 1835 quos
2629 1762 2882 1835 seque-

248 1856 477 1931 bantur
518 1856 908 1931 duodecim
952 1857 1263 1931 sacchini
1324 1859 1469 1934 sive
1519 1883 1876 1957 pauperes
1903 1866 2319 1959 'portatores
2357 1886 2554 1937 xxuu
2597 1864 2886 1939 intorti-⁴

244 1982 509 2056 tiorum:
549 1983 1042 2080 sequebantur
1082 1991 1328 2058 autem
1363 1982 1575 2059 funus
1600 1986 1991 2061 Abulensis
2023 1992 2097 2061 et
2128 1990 2522 2063 Suanensis
2558 1990 2878 2087 episcopi

244 2115 299 2181 et
329 2108 693 2183 imolensis
734 2107 1127 2205 Sinolphus
1175 2110 1711 2207 protonotarius
1748 2118 1820 2187 et
1847 2118 1980 2185 nos
2012 2112 2130 2185 alii
2165 2114 2518 2259 capellani
2545 2123 2617 2189 et
2657 2117 2881 2190 scuti-

246 2228 352 2303 feri
378 2230 540 2305 dicti
572 2231 986 2323 cardinalis,
1028 2234 1304 2330 absque
1336 2234 1579 2331 aliquo
1610 2236 1923 2311 funesto.

316 2360 699 2434 Cardinalis
730 2360 1081 2458 prefatus,
1120 2356 1193 2433 in
1237 2362 1353 2435 die
1385 2360 1775 2454 dominica,
1812 2386 1980 2437 cum
2025 2362 2262 2437 dictus
2313 2367 2400 2437 D.
2436 2367 2880 2462 Augustinus

247 2484 651 2581 agonizaret,
688 2486 1031 2582 equitavit
1072 2486 1164 2559 ad
1202 2493 1536 2561 sanctum
1568 2487 2074 2584 Honuphrium
2107 2488 2229 2560 ubi
2260 2489 2526 2563 mansit
2555 2486 2880 2585 pluribus

247 2606 495 2681 diebus.

330 2736 521 2809 Feria
548 2742 830 2831 quarta,
866 2742 909 2809 6
932 2736 1121 2834 julii,
1158 2736 1231 2809 in
1252 2744 1535 2811 secreto
1568 2738 2025 2828 consistori0,
2053 2741 2179 2813 SS.
2221 2744 2304 2812 D.
2341 2747 2592 2813 noster
2615 2741 2906 2814 creavit.

246 2866 304 2931 et
336 2858 725 2957 designavit
754 2859 1196 2957 legatum'de
1226 2859 1451 2934 latere
1484 2884 1615 2934 suo
1645 2865 1908 2935 Rmum
1948 2867 2034 2936 D.
2068 2864 2506 2938 cardinalem
2539 2888 2599 2937 s.
2635 2866 2890 2938 Crucis

248 2983 307 3054 in
340 2984 805 3074 Hierusalem,
840 2985 1108 3058 iturum
1154 2972 1436 3059 obviam
1476 2988 1945 3061 serenissimo
1984 2988 2474 3061 Maximiliano
2514 2991 2879 3062 Romano—

246 3132 381 3181 rum
408 3112 552 3207 regi
580 3134 874 3209 semper
900 3121 1236 3209 augusto,
1267 3137 1402 3211 pro
1430 3136 1613 3211 pace
1634 3120 1707 3187 et
1732 3113 1976 3209 quiete
2011 3114 2211 3187 ltalie
2235 3136 2318 3187 ac
2350 3136 2622 3188 corona
2644 3113 2888 3211 impe-4

244 3234 378 3307 riali
406 3236 859 3334 suscipienda
878 3242 1181 3311 Romam
1209 3245 1503 3313 venturo
1534 3240 1666 3333 (1),
1694 3240 1818 3335 qui
1839 3238 2240 3312 associatus
2269 3238 2404 3311 fuit
2423 3239 2515 3312 ab
2541 3240 2876 3314 omnibus

248 3360 497 3434 RRmis.
524 3365 679 3435 DD.
710 3362 1191 3438 cardinalibus
1220 3369 1392 3437 tunc
1417 3363 1490 3436 in
1512 3363 1944 3438 consistorio
1969 3364 2473 3454 existentibus,
2491 3363 2581 3437 de
2607 3365 2880 3461 palatio

242 3486 605 3579 apostolico
636 3487 828 3584 apud
856 3510 918 3561 s.
958 3492 1251 3563 Petrum
1282 3512 1509 3587 usque
1536 3489 1627 3565 ad
1651 3491 1953 3566 domum
1983 3489 2073 3565 de
2103 3489 2440 3582 Mellinis,
2474 3514 2686 3587 quam
2718 3491 2874 3588 ipse

244 3610 594 3687 cardinalis
626 3638 686 3686 s.
726 3614 974 3687 Crucis
994 3614 1443 3689 inhabitabat
1466 3613 1597 3705 (2).

318 3735 512 3812 Feria
549 3743 779 3828 sexta,
830 3742 921 3812 29
954 3738 1141 3835 julii,
1183 3744 1431 3813 Rmus.
1469 3744 1556 3813 D.
1596 3738 1994 3813 cardinalis
2027 3764 2084 3812 s,
2133 3740 2381 3813 Crucis
2423 3763 2556 3837 per
2593 3739 2868 3814 ltaliam

296 3923 339 3979 1.
376 3924 705 3981 Maximilien
734 3921 881 3983 avait
908 3927 993 3981 ete
1023 3924 1216 4000 appele
1247 3943 1315 3983 en
1349 3924 1500 3983 Italie
1528 3943 1627 3999 par
1647 3925 1890 3981 Ludovic
1918 3924 1967 3981 le
1997 3928 2168 3998 More,
2193 3927 2319 3999 puis
2349 3943 2448 3999 par
2478 3924 2528 3981 la
2548 3924 2867 3997 republique

239 4010 293 4067 de
316 4011 501 4071 Venise
539 4030 649 4088 que
687 4030 747 4070 ce
782 4012 1000 4071 dernier
1036 4014 1184 4071 avait
1220 4032 1287 4071 su
1325 4018 1598 4072 entrainer
1626 4018 1657 4070 a
1700 4032 1763 4070 sa
1802 4014 1964 4079 suite,
1999 4014 2146 4070 enfin
2181 4032 2280 4089 par
2316 4016 2397 4073 les
2437 4017 2653 4091 princes
2685 4016 2867 4073 confe-

240 4098 387 4171 deres,
414 4120 551 4178 pour
570 4122 599 4160 s
602 4102 858 4178 'opponet
884 4106 919 4161 ὲ
944 4120 1053 4161 une
1079 4103 1359 4161 seconde
1344 4104 1595 4161 invasion
1624 4104 1699 4160 du
1726 4102 1809 4161 roi
1838 4103 1906 4158 de
1943 4103 2165 4161 France.
2199 4104 2276 4161 Le
2307 4107 2374 4161 16
2393 4104 2573 4180 juillet
2603 4106 2762 4173 1496,
2793 4122 2868 4161 un

242 4207 450 4249 nouveau
470 4193 632 4249 truite
662 4194 811 4251 avait.
836 4197 922 4251 ete
954 4192 1115 4267 signe
1144 4197 1177 4249 a
1205 4192 1411 4251 Venise
1431 4211 1500 4250 en
1530 4212 1633 4249 vue
1662 4194 1731 4249 de
1749 4193 1976 4249 chasser
2004 4191 2084 4249 les
2117 4192 2156 4247 F
2158 4210 2372 4263 rancais
2401 4193 2469 4249 de
2500 4191 2551 4248 la
2581 4190 2868 4266 peninsule

242 4285 285 4335 et
306 4278 362 4337 de
387 4281 676 4339 maintenir
704 4281 833 4338 Pise
864 4300 933 4338 en
964 4280 1173 4340 liberte.
1205 4281 1348 4339 Mais
1378 4282 1429 4337 la
1448 4282 1670 4339 debacle
1691 4282 1791 4338 des
1821 4280 2037 4338 affaires
2058 4280 2355 4351 franceises
2384 4282 2522 4338 dans
2543 4280 2591 4337 le
2609 4294 2868 4356 royaume
2912 4330 2918 4335 .

242 4366 295 4424 de
318 4368 524 4445 anles,
556 4371 614 4428 la
648 4370 1002 4445 capitulation
1042 4370 1276 4429 d’Atella
1314 4372 1409 4445 (29
1440 4370 1660 4445 juillet),
1693 4388 1916 4427 rassura
1951 4369 2170 4441 Venise,
2205 4371 2298 4445 qui
2333 4370 2511 4428 aurait
2545 4370 2673 4428 bien
2701 4370 2868 4428 voulu

242 4456 347 4515 faire
366 4460 573 4519 revenit
600 4458 937 4517 Maximilien
970 4475 1065 4517 sur
1094 4478 1159 4517 sa
1184 4460 1601 4518 determination
1630 4461 1697 4517 de
1726 4458 1964 4517 franchir
1991 4459 2072 4517 les
2100 4458 2285 4535 Alpes
2315 4459 2428 4517 Elle
2459 4478 2690 4535 envoya,
2723 4464 2758 4515 a
2783 4467 2872 4517 cet

243 4548 360 4619 erret,
393 4551 487 4608 des
524 4549 884 4607 instructions
922 4553 957 4606 a
997 4550 1233 4620 Foscari,
1276 4567 1345 4606 en
1383 4550 1510 4606 date
1548 4550 1623 4605 du
1662 4551 1729 4606 13
1765 4554 1913 4607 aout.
1957 4552 2233 4621 (Dispacci
2272 4549 2332 4603 di
2375 4549 2614 4613 Foseari,
2654 4564 2709 4619 p.
2737 4546 2865 4614 807,

244 4640 435 4710 notet).
468 4640 543 4697 Ce
574 4640 753 4698 futen
786 4640 931 4697 vain.
967 4640 1052 4697 On
1091 4640 1201 4697 sait
1227 4658 1288 4697 ce
1325 4639 1457 4713 qu'il
1483 4638 1670 4697 advint
1706 4658 1805 4713 par
1841 4638 1894 4695 la
1933 4640 2098 4709 suite,
2131 4638 2180 4693 le
2221 4636 2334 4693 role
2367 4636 2558 4710 piteux
2595 4651 2700 4708 que
2733 4635 2867 4709 joua

242 4724 555 4797 Maximiliem
588 4730 837 4803 toujours
867 4746 935 4785 en
964 4734 1127 4802 quete
1158 4728 1411 4803 d'argent
1430 4735 1486 4786 et.
1510 4746 1611 4787 son
1632 4729 1826 4803 depart
1843 4728 2101 4803 precipit&
2119 4744 2188 4783 en
2215 4725 2554 4799 Allemagne,
2584 4748 2611 4777 «
2635 4724 2870 4781 laissant

244 4812 281 4869 le
302 4834 421 4893 pays
448 4818 579 4893 qu'il
606 4818 757 4877 avait
795 4818 959 4876 voulu
988 4818 1228 4893 pacifier,
1261 4818 1398 4877 mais
1428 4823 1501 4877 ou
1537 4819 1575 4874 il
1614 4818 1797 4876 s’etait
1831 4822 2040 4875 montre
2073 4816 2250 4873 moins
2281 4834 2350 4873 en
2387 4833 2668 4891 empereur
2703 4816 2866 4891 qu'en

244 4906 531 4966 condottiere
561 4932 614 4967 η.
651 4910 756 4981 (De
788 4908 1057 4980 Cherrier,
1088 4911 1332 4966 Histoire
1360 4911 1425 4966 de
1453 4909 1673 4965 Charles
1709 4910 1851 4976 VIII,
1885 4914 1924 4965 t.
1959 4906 2028 4977 11,
2062 4925 2115 4981 p.
2149 4908 2298 4979 376.)
2333 4905 2472 4980 Voy.
2506 4904 2557 4962 la
2585 4904 2867 4979 precieuse

242 5000 663 5072 eonespondance
710 4998 781 5056 de
818 4998 1058 5068 Foscari,
1109 4998 1504 5056 ambassadeur
1540 5003 1737 5072 aupres
1792 4997 1862 5053 de
1901 4997 2240 5071 l’empereur,
2283 5000 2317 5054 a
2351 4997 2404 5053 la
2440 4994 2754 5070 seigneurie
2798 4995 2864 5051 de

244 5082 579 5158 Venise,dans
608 5089 816 5148 l’Arch.
850 5090 995 5147 scor.
1026 5090 1179 5160 Ital„
1210 5094 1251 5147 t.
1285 5090 1406 5161 Vll,
1436 5108 1491 5164 p.
1529 5092 1613 5147 11.

294 5181 339 5237 2.
364 5181 491 5259 Voy.
524 5185 579 5243 d.
612 5170 857 5255 Rinal'di,
890 5190 931 5241 t.
962 5183 1139 5253 XXX,
1170 5193 1235 5239 n⁰
1263 5185 1317 5253 3,
1352 5202 1403 5259 p.
1432 5180 1559 5251 247,
1584 5183 1633 5239 la
1661 5182 1805 5238 bulle
1835 5183 1910 5239 du
1931 5184 2076 5257 Pape
2107 5187 2138 5239 a
2167 5180 2434 5258 CarJaval,
2467 5182 2605 5237 dans
2635 5178 2864 5253 laquelle

247 5265 273 5321 il
296 5266 356 5325 lui
380 5274 549 5331 donne
580 5274 661 5332 les
692 5273 949 5347 pouvoirs
978 5272 1058 5329 les
1087 5273 1213 5345 plus
1244 5275 1495 5331 etenduS.
