3625 6059
720 577 827 632 588
1631 567 1659 624 J
1667 563 1981 623 OHANNIS
2031 561 2476 633 BURCHARDI,
2897 564 3218 627 [Decembre
3257 569 3402 630 ¹4⁹9]

719 725 1285 828 cooperantibus
1316 721 1800 819 eleemosynis
1829 727 1900 795 et
1929 719 2660 817 peregrinationibus,
2697 728 2780 794 ut
2807 721 3150 796 basilicas
3175 731 3256 798 et
3287 747 3404 798 ec-

726 855 983 931 clesias
1024 851 1411 950 predictas,
1452 849 1526 922 in
1567 846 1828 943 quibus
1873 852 2039 919 sunt
2081 845 2276 920 mille
2321 851 2394 919 et
2435 844 2584 919 fere
2619 843 3183 919 innumerabilia
3229 847 3402 919 fidei

718 984 1025 1082 pignora
1065 1001 1209 1052 una
1246 998 1410 1050 cum
1452 973 1625 1070 ipsis
1666 949 2206 1068 gloriosissimis
2246 970 2592 1067 apostolis
2639 974 2854 1044 Petro
2893 977 2968 1044 et
3015 971 3252 1045 Paulo
3287 995 3404 1045 re-

724 1104 1135 1204 quiescunt,
1168 1100 1291 1197 qui
1340 1103 1647 1172 mortem
1680 1119 1813 1202 pro
1856 1095 2115 1170 Christi
2151 1096 2450 1170 nomine
2491 1095 2845 1194 perpessi,
2879 1097 3038 1194 ejus
3069 1098 3406 1196 aspectui

722 1205 1014 1327 semper
1042 1226 1385 1302 assistunt
1415 1223 1669 1297 devote
1708 1221 2080 1294 visitantes
2121 1227 2196 1294 et
2243 1221 2560 1295 confessi
2601 1219 2798 1317 ipsos
2828 1221 3408 1317 gloriosissimos

722 1354 1089 1455 apostolos
1120 1357 1195 1426 et
1226 1357 1515 1424 sanctos
1552 1348 2077 1422 intercessores
2111 1345 2202 1419 ad
2247 1346 2636 1420 Dominum
2680 1345 2983 1437 habere,
3015 1355 3091 1422 et
3121 1347 3408 1445 plenis-

726 1481 982 1554 simam
1015 1474 1539 1572 indulgentiam
1570 1472 1990 1570 hujusmodi
2023 1478 2097 1546 et
2127 1470 2794 1545 reconciliationem
2827 1493 2994 1544 cum
3027 1469 3191 1567 ipso
3225 1471 3410 1568 piis-

724 1605 909 1678 simo
941 1602 1423 1698 Redemptore
1454 1605 1702 1672 nostro
1732 1619 1866 1694 per
1905 1595 2218 1670 divinam
2267 1594 2844 1669 misericordiam
2875 1594 3212 1690 ipsorum
3247 1597 3410 1669 ani-

726 1728 983 1804 mabus
1028 1724 1447 1824 purgatorio
1484 1722 1631 1819 igni
1676 1745 1807 1820 pro
1841 1721 2250 1818 expiatione
2283 1743 2638 1818 penarum
2683 1721 2959 1794 eisdem
2993 1721 3410 1795 secundum

732 1853 1045 1928 divinam
1089 1849 1610 1947 indulgentiam
1667 1846 2084 1944 hujusmodi
2143 1852 2216 1920 et
2279 1845 2948 1921 reconciliationem
3007 1869 3178 1920 cum
3247 1847 3410 1944 ipso

734 1979 1058 2078 piissimo
1090 1976 1577 2072 Redemptor-e
1606 1978 1860 2046 nostro
1890 1996 2020 2070 per
2049 1972 2361 2046 divinam
2391 1970 2968 2046 misericordiam
3000 1978 3077 2047 et
3103 1994 3410 2047 eorum-

734 2104 900 2179 dem
927 2103 1417 2201 apostolorum
1448 2109 1521 2177 et
1552 2106 1970 2176 sanctorum
2000 2097 2339 2195 precibus
2369 2103 2443 2172 et
2475 2097 2784 2188 meritiS‚
2818 2121 3100 2195 perque
3139 2121 3402 2171 eorum

728 2231 921 2304 bona
951 2253 1179 2328 opera
1208 2228 1553 2327 consequi
1584 2232 2028 2302 mereantur.
2067 2225 2327 2296 Amen.

725 2402 732 2408 -
831 2350 1015 2427 Nulli
1060 2375 1235 2449 ergo
1276 2351 1573 2425 omnino
1616 2350 2000 2426 hominum
2043 2351 2259 2425 liceat
2305 2351 2496 2424 hanc
2544 2351 2883 2448 paginam
2927 2357 3180 2426 nostre
3219 2376 3402 2426 nun·

734 2477 1076 2566 tintinnis,
1120 2475 1651 2562 declarationis,
1696 2475 2267 2574 approbationis,
2311 2474 2834 2566 concessionis,
2877 2476 3396 2566 innovationiS‚

732 2602 1153 2700 adjectionis
1189 2610 1256 2675 et
1288 2601 1669 2675 voluntatis
1702 2601 2096 2696 infringere
2125 2598 2235 2672 vel
2265 2601 2332 2674 ei
2365 2623 2544 2674 ausu
2577 2601 2964 2676 temerario
2999 2603 3396 2676 contraire.

736 2728 809 2800 Si
852 2726 1011 2822 quis
1051 2731 1294 2800 autem
1324 2726 1467 2798 hoc
1501 2732 1931 2822 attemptare
1969 2725 2514 2822 presumpserit,
2551 2725 3128 2823 indignationem
3163 2727 3402 2800 omni-

743 2850 1059 2947 potentis
1107 2850 1237 2923 Dei
1298 2871 1382 2922 ac
1429 2852 1571 2924 ΒΒ.
1627 2851 1821 2923 Petri
1871 2857 1946 2923 et
1987 2848 2188 2924 Pauli
2237 2850 2730 2946 apostolorum
2782 2852 2940 2948 ejus
2991 2875 3072 2927 se
3123 2851 3402 2926 noverit

741 2975 1222 3050 incursurum.

834 3105 1097 3177 Datum
1128 3109 1355 3178 Rome
1382 3104 1567 3201 apud
1594 3127 1653 3176 s.
1682 3106 2003 3193 Petrum,
2035 3125 2225 3177 anno
2249 3103 2763 3178 incarnationis
2784 3102 3152 3176 dominice
3181 3109 3398 3192 1499,

731 3251 857 3301 xm
888 3226 1029 3301 kal.
1061 3227 1404 3324 januarii,
1440 3227 1901 3324 pontificatus
1931 3229 2160 3302 nostri
2191 3236 2468 3304 octavo.
2505 3272 2602 3284 -
2633 3231 2692 3302 A
2726 3232 2986 3302 Draco..
3023 3228 3404 3304 Johannes

740 3352 1192 3425 Mutinensis.
1227 3395 1324 3407 -
1356 3354 1761 3449 Registrata
1789 3354 1864 3426 in
1896 3354 2288 3428 secretaria
2317 3354 2714 3452 apostolica
2751 3379 2768 3426 τ
2803 3357 2880 3427 P.
2919 3353 3150 3427 Dnba.

832 3480 1072 3550 Tenor
1113 3500 1278 3551 vero
1317 3477 1721 3550 litterarum
1762 3457 2118 3554 facultatis
2153 3480 2679 3577 penitentiariis
2728 3477 3019 3552 basilice
3061 3503 3122 3552 s.
3170 3481 3400 3571 Petri,

738 3597 1080 3700 principis
1120 3600 1611 3698 apostolorum
1654 3625 2004 3680 concesse
2045 3612 2119 3678 et
2156 3605 2605 3680 inhibitionis
2645 3629 2736 3679 ne
2769 3604 2889 3678 alii
2927 3603 3402 3680 confessores

736 3731 1157 3823 presumant
1186 3726 1556 3803 absolvere
1581 3736 1916 3824 pretextu
1947 3729 2372 3806 facultatum
2398 3753 3023 3828 quarumcumque
3053 3730 3212 3804 talis
3243 3736 3398 3804 est:

831 3851 1270 3944 Alexander,
1306 3851 1717 3950 episcopm,
1754 3879 2002 3929 servus
2033 3879 2404 3930 servorum
2448 3855 2610 3946 Dei,
2647 3855 2737 3928 ad
2769 3854 3088 3930 futuram
3113 3855 3222 3929 rei
3253 3877 3406 3928 me-

735 3978 1069 4058 moriam.
1108 3977 1421 4051 Pastoris
1454 3979 1712 4069 eterni,
1748 3981 1871 4076 qui
1899 4002 2030 4078 pro
2057 3979 2285 4054 salute
2317 3980 2556 4078 gregis
2588 3979 2933 4054 dominici
2977 3981 3050 4053 in
3083 3979 3402 4078 pretinm

747 4103 1107 4178 immolari
1142 4127 1287 4177 non
1331 4103 1607 4194 abnuit,
1642 4104 1833 4179 vices
1879 4103 2075 4194 (licet
2113 4104 2510 4200 immeriti),
2547 4111 2888 4202 gerentes
2929 4103 3002 4175 in
3051 4104 3296 4190 terris,
3333 4109 3402 4175 et

748 4251 1045 4324 gregem
1077 4229 1311 4325 ipsum
1358 4227 1564 4302 nobis
1606 4235 1677 4303 et
1716 4229 1956 4304 divina
1991 4231 2531 4328 dispensatione
2579 4230 3046 4304 commissum
3099 4235 3402 4326 paterne

744 4353 1340 4428 considerationis
1380 4353 1611 4427 intuiti
1652 4355 2211 4453 conspiciente8‚
2261 4363 2330 4430 et
2370 4357 2461 4432 de
2498 4356 2906 4429 animarum
2945 4354 3402 4449 singulorum

740 4478 1064 4554 fidelium
1116 4479 1347 4554 salute
1407 4478 1711 4554 sollicite
1770 4478 2196 4575 cogitanteS,
2253 4477 2683 4574 illarumque
2741 4477 3082 4576 periculis
3145 4499 3404 4550 occur-

741 4609 1014 4695 rentes,
1062 4605 1153 4678 ad
1188 4628 1277 4678 ea
1324 4603 1636 4679 libenter
1684 4603 2128 4679 intendimus
2175 4610 2248 4678 et
2283 4602 2661 4696 debemm,
2705 4628 2840 4702 per
2889 4629 3033 4703 que
3075 4607 3404 4681 fidelium

741 4729 1168 4804 eorumdem
1226 4730 1417 4804 salus
1475 4730 1881 4804 animarum
1933 4729 2159 4803 valeat
2190 4729 2590 4825 procurari,
2627 4731 2905 4828 ipsique
2955 4731 3211 4806 fideles
3265 4733 3406 4807 hoc

740 4877 949 4929 sacro
990 4877 1183 4929 anno
1223 4854 1479 4953 jubilei
1516 4855 1608 4928 ad
1641 4855 1908 4929 almam
1941 4853 2208 4928 Urbem
2237 4878 2371 4951 pro
2403 4855 2922 4952 consequenda
2961 4855 3410 4951 indulgentia

742 5003 873 5076 pro
924 5003 1219 5053 suorum
1264 4979 1674 5077 expiatione
1728 4987 2195 5079 peccatorum
2237 5003 2588 5055 concessa
2633 4981 3116 5070 confluentes,
3165 4991 3240 5056 et
3289 4982 3408 5055 alii

748 5107 821 5178 in
863 5105 1057 5180 dicta
1098 5106 1288 5179 Urbe
1322 5113 1860 5182 commorantes
1907 5115 1980 5183 et
2019 5109 2422 5184 residentes
2459 5108 2648 5182 illius
2690 5127 2993 5204 capaces
3023 5107 3305 5181 facilius
3335 5113 3406 5180 et

746 5227 1069 5320 liberius,
1124 5235 1273 5306 Deo
1314 5234 1651 5330 propitio,
1698 5232 1894 5306 effici
1935 5235 2239 5330 possint,
2291 5257 2466 5309 sane
2519 5232 2814 5331 provide
2859 5232 3405 5307 considerantes
