3625 6059
291 561 436 627 [Aofit
460 565 610 627 1496]
943 564 1194 623 RERUM
1241 564 1700 627 URBANARUM
1747 567 2272 630 COMMENTARII.
2835 580 2943 633 307

293 714 756 814 strigoniensi
806 722 1157 792 exeuntes
1205 720 1295 793 ab
1345 720 1661 794 ecclesia
1703 720 2096 796 Mutinensi
2144 730 2309 821 post
2357 724 2941 802 benedictionem

291 865 406 939 per
445 840 773 938 legatum
812 844 1081 933 datam,
1127 867 1386 917 manus
1425 845 1645 943 legati
1689 852 1858 920 sunt
1897 847 2294 924 deosculati
2341 875 2356 924 :
2402 851 2663 927 deinde
2704 853 2941 927 cardi-

290 968 456 1040 nalis
501 967 1018 1067 strigoniensis
1062 970 1440 1045 associavit
1476 971 1799 1068 legatum
1842 997 2071 1070 usque
2108 974 2201 1049 ad
2238 976 2537 1050 domum
2578 981 2665 1052 D.
2709 980 2941 1054 comi-

289 1094 448 1167 tis...
493 1096 569 1167 in
602 1119 742 1192 qua
783 1095 1190 1195 hospitatus
1230 1104 1344 1171 est
1371 1104 1445 1171 et
1471 1098 1753 1194 legatus
1789 1097 1945 1195 ipse
1984 1128 1997 1173 :
2037 1100 2527 1198 pulcherrima
2568 1103 2942 1179 credentia

284 1227 344 1293 et
381 1220 610 1295 altare
641 1222 973 1319 ejusdem
1004 1222 1386 1297 cardinalis
1428 1222 1943 1320 Strigoniensis
1980 1224 2055 1297 in
2100 1248 2187 1301 ea
2232 1226 2394 1318 sibi,
2442 1234 2610 1301 sunt
2655 1235 2931 1326 parata.

285 1350 416 1444 Ego
446 1348 859 1444 hospitatus
891 1348 992 1421 fui
1029 1348 1105 1421 in
1141 1347 1409 1445 palatio
1453 1349 1846 1445 episcopali
1880 1356 1953 1424 et
1988 1351 2260 1447 optime
2305 1357 2647 1428 tractatus
2688 1361 2761 1428 et
2788 1352 2933 1445 alii,

281 1472 432 1547 hinc
481 1480 562 1547 et
612 1472 780 1547 inde
835 1471 911 1545 in
949 1472 1288 1547 domibus
1343 1473 1644 1564 civium;
1695 1496 2051 1571 expensas
2096 1475 2433 1549 omnibus
2476 1476 2648 1550 fecit
2690 1476 2942 1553 fratrer

283 1596 470 1671 ducis
507 1597 864 1672 Ferrarie.

363 1722 580 1796 Feria
623 1728 900 1819 quarta,
954 1729 1037 1795 17
1081 1723 1394 1821 augusti,
1445 1723 1638 1797 facta
1676 1723 2063 1798 collatione
2098 1722 2261 1799 loco
2304 1727 2613 1817 prandii,
2656 1728 2937 1826 legatus

279 1848 599 1941 recessit,
637 1848 945 1945 Regium
994 1847 1226 1921 iturus
1276 1848 1395 1922 ubi
1451 1849 1584 1923 sub
1631 1854 1841 1945 porta
1886 1849 2524 1946 processionaliter
2566 1861 2930 1950 receptuS,

277 1974 696 2071 genuflexus
743 1996 1040 2048 crucem
1081 1996 1120 2047 e
1161 1974 1496 2048 manibus
1547 1973 2161 2073 archipresbyteri
2202 1976 2569 2051 osculatus
2614 1984 2751 2052 est.
2799 1982 2935 2052 As-

280 2100 590 2173 cendens
621 2098 892 2173 mulam
923 2096 1058 2171 sub
1089 2097 1523 2173 baldachino
1555 2098 1750 2195 quod
1764 2098 2167 2199 presbyteri
2190 2100 2336 2175 sive
2368 2102 2641 2193 clerici,
2684 2129 2938 2201 super-

279 2224 576 2320 pelliciis
628 2223 887 2314 induti,
945 2229 1323 2322 portarunt
1375 2225 1467 2297 ad
1521 2223 1909 2298 ecclesiam
1964 2226 2486 2320 cathedralem,
2544 2229 2937 2304 associatus

280 2358 399 2422 est.
443 2349 835 2423 Processio
879 2350 999 2423 ivit
1034 2350 1168 2423 sub
1211 2350 1494 2446 porticu
1534 2350 1626 2422 ad
1667 2349 2035 2424 sinistram
2063 2351 2282 2449 legati
2332 2358 2405 2443 et
2442 2352 2625 2449 ipse,
2676 2376 2939 2450 eques-

282 2474 500 2547 tribus
553 2498 686 2548 suo
733 2473 984 2549 ordine
1041 2481 1206 2548 ante
1257 2474 1495 2571 ipsum
1547 2475 2053 2551 incedentibus
2100 2499 2232 2573 per
2274 2477 2589 2551 mediam
2638 2482 2939 2551 stratam

277 2606 425 2674 ante
458 2598 850 2675 ecclesiam
876 2599 1316 2697 predictam3
1353 2600 1676 2674 nonnulli
1707 2601 1989 2697 pedites
2020 2602 2110 2674 de
2138 2601 2452 2691 civitate,
2491 2601 2711 2677 etiam
2741 2609 2941 2679 ante-

281 2749 484 2821 quam
538 2725 822 2822 legatus
871 2748 960 2799 ex
1003 2725 1204 2799 mula
1248 2725 1730 2800 descenderet
1772 2726 1886 2800 vel
1940 2725 2247 2800 ecclesie
2293 2728 2933 2825 appropinquaret,

279 2848 788 2924 baldachinum
823 2850 914 2923 de
947 2851 1279 2925 manibus
1310 2851 1755 2948 portantium
1783 2851 1851 2926 vi
1883 2850 2337 2948 arripienteS,
2372 2851 2548 2925 illud
2572 2852 2937 2927 lacerave-

279 2984 430 3049 runt
465 2982 539 3051 et
566 2984 965 3075 rapuerunt
997 3002 1014 3067 ς
1045 3000 1176 3073 pro
1213 3000 1354 3074 quo
1387 2981 1638 3049 RmuS.
1682 2981 1770 3049 D.
1805 2975 2089 3073 legatus
2121 3000 2210 3049 ex
2249 2976 2495 3049 animo
2528 2984 2937 3052 commotus

280 3108 382 3175 est
429 3107 504 3177 et
557 3102 924 3177 commisit
980 3100 1504 3176 locumtenenti
1560 3101 1762 3175 ducis
1818 3100 1980 3175 illos
2036 3100 2302 3175 debere
2357 3100 2592 3197 puniri
2636 3108 2942 3199 :postea

284 3231 512 3303 tamen
565 3228 1092 3304 consuetudine
1146 3227 1478 3324 allegata,
1540 3225 1644 3301 eis
1691 3224 2013 3299 indulsit.
2072 3230 2343 3299 Rumor
2388 3232 2631 3301 autem
2685 3227 2940 3325 hujus-

279 3353 492 3444 modi,
557 3360 636 3427 ut
667 3354 858 3429 inde
917 3353 1265 3443 intellexi,
1329 3376 1478 3425 non
1533 3373 1668 3448 pro
1725 3350 2163 3425 baldachino
2212 3358 2495 3424 tantum
2554 3352 2683 3426 sed
2740 3358 2814 3425 ut
2870 3359 2944 3427 et

281 3478 540 3551 mulam
593 3478 811 3576 legati
863 3477 999 3551 sibi
1043 3477 1528 3575 acquirerent,
1589 3476 1822 3551 factus
1877 3483 2013 3567 est,
2072 3500 2287 3572 quam
2329 3480 2571 3551 tamen
2614 3499 2761 3552 non
2807 3479 2941 3553 ha·-

281 3602 604 3678 buerunt.
651 3607 840 3678 Ante
885 3603 1109 3678 altare
1147 3603 1432 3700 legatus
1477 3601 1654 3675 dixit
1697 3601 2103 3676 orationem
2148 3601 2240 3675 de
2286 3600 2497 3675 beata
2534 3603 2763 3676 Maria
2796 3602 2940 3677 vir-

279 3728 438 3823 gine
483 3738 556 3804 et
601 3735 1025 3803 sanctorum
1056 3727 1417 3801 Chrisanti
1451 3733 1524 3801 et
1550 3729 1772 3820 Darii,
1807 3734 2277 3826 patronorum
2304 3730 2614 3805 ecclesie
2651 3754 2667 3801 :
2702 3728 2940 3802 indul-

281 3854 546 3949 gentias
588 3854 788 3929 dedit
838 3854 1148 3929 duorum
1198 3876 1556 3927 annorum
1606 3860 1678 3928 et
1729 3853 2032 3928 totidem
2082 3853 2711 3952 quadragenarum
2761 3877 2938 3950 quas

281 3979 588 4073 prefatus
618 3977 1210 4077 archipresbyter
1237 3977 1647 4075 publicavit.
1683 3979 1845 4052 Alia
1874 3978 2119 4051 omnia
2149 4001 2353 4053 more
2386 3980 2596 4054 solito
2615 3984 2782 4051 sunt
2808 3978 2941 4051 ob-

285 4110 573 4181 servata.
613 4107 930 4203 Legatus
963 4104 1372 4202 hospitatus
1399 4110 1507 4178 est
1539 4104 1610 4177 in
1643 4105 1846 4179 curia
1866 4104 2011 4179 sive
2042 4104 2312 4201 palatio
2336 4103 2767 4202 episcopali3
2802 4127 2940 4200 ego

283 4226 350 4299 in
373 4229 584 4305 domo
608 4236 697 4306 D.
728 4235 922 4304 Luce
950 4230 1038 4304 de
1063 4228 1532 4327 Raymundis‚
1563 4227 1895 4303 canonici
1917 4229 2225 4305 ecclesie
2249 4228 2626 4325 Regiensis
2646 4235 2719 4303 et
2738 4233 2822 4302 R.
2851 4232 2931 4301 P.

137 4450 142 4455 ·
287 4351 362 4425 D.
408 4355 727 4455 episcopi
771 4357 1178 4455 Regiensis,
1227 4356 1300 4429 in
1344 4355 1834 4454 spiritualibus
1868 4355 2105 4429 vicarii
2139 4354 2516 4451 generales
2562 4378 2576 4426 :
2614 4356 2735 4428 alii
2762 4354 2935 4427 hinc

283 4485 350 4549 et
376 4476 572 4575 inde;
607 4506 964 4581 expensas
999 4483 1336 4555 omnibus
1369 4481 1541 4555 fecit
1574 4480 2098 4556 illustrissimus
2129 4483 2212 4553 D.
2250 4479 2396 4553 dux
2420 4478 2929 4554 FerrariensiS.

375 4608 574 4683 Feria
621 4610 906 4707 quinta,
959 4614 1044 4681 18
1083 4606 1372 4705 augusti
1415 4606 1486 4680 in
1519 4629 1760 4698 mane,
1800 4606 2085 4703 legatus
2126 4604 2429 4679 recessit
2472 4628 2561 4679 ex
2606 4604 2831 4700 Regio
2864 4611 2937 4678 et

287 4732 470 4806 venit
505 4738 859 4809 Parmam.
907 4730 1457 4807 commissarius
1495 4730 2053 4821 referendariuS‚
2089 4736 2413 4825 potestas
2455 4728 2729 4803 ducalis
2762 4729 2934 4804 civi-

293 4857 450 4929 tatis
484 4858 884 4935 Parmensis
917 4881 1082 4932 cum
1110 4858 1422 4932 honesta
1451 4857 1811 4947 comitiva,
1846 4861 2199 4931 venerunt
2228 4857 2513 4930 obviam
2532 4855 2774 4954 legato
2807 4880 2939 4953 per

291 4979 498 5075 plura
519 4985 873 5059 milliaria.
911 4985 1056 5057 Sub
1085 4988 1297 5081 porta
1326 4991 1659 5082 receptus
1683 4988 1788 5057 est
1808 4982 2095 5078 legatus
2119 4980 2779 5078 processionaliter,
2815 4978 2935 5053 ubi

289 5106 701 5199 genuflexus
742 5134 1036 5185 crucem
1079 5134 1118 5185 e
1161 5109 1492 5183 manibus
1539 5108 2149 5206 archipresbyteri
2208 5108 2572 5183 osculatus
2618 5112 2753 5180 est.
2799 5105 2937 5177 As-

295 5230 535 5305 cendit
576 5236 868 5330 mulam,
923 5243 1224 5334 accepto
1287 5235 1629 5309 mantello
1679 5235 1768 5307 de
1828 5233 2291 5309 ciambelotto
2349 5228 2756 5307 cremosino
2806 5228 2938 5300 sub
