3625 6059
735 551 843 607 298
1424 582 1431 589 ·
1643 544 1671 599 J
1680 542 1997 600 OHANNIS
2046 538 2494 611 BURCHARDI,
2729 537 2740 545 ’
3063 542 3202 608 [Aont
3229 550 3334 611 tm]

737 707 837 779 ris
866 704 1053 780 bene
1084 702 1389 800 paratis3
1426 700 1553 774 sed
1582 699 1762 772 nihil
1792 700 2052 773 eratin
2093 699 2198 774 eis
2231 697 2798 790 comedendum,
2831 700 2944 775 vel
2975 698 3332 777 bibendum.

738 828 1197 904 Debeb-amus
1226 848 1361 900 nos
1397 846 1651 899 omnes
1688 824 1763 895 in
1794 822 1988 898 dicto
2017 824 2284 921 palatio
2315 823 2754 914 comedisse,
2789 846 2876 899 ex
2905 848 3044 920 quo
3071 834 3336 924 postmo-

738 954 905 1029 dum
953 950 1255 1049 singulis
1295 949 1519 1023 missa
1562 955 1726 1023 sunt
1772 948 2042 1023 cibaria
2089 955 2164 1022 et
2202 948 2448 1022 vinum
2500 949 2892 1046 unicuique
2937 949 3028 1023 ad
3069 974 3334 1027 cameras

738 1079 1132 1167 ordinatam,
1172 1076 1301 1151 sed
1342 1082 1584 1151 tamen
1626 1075 1842 1149 nimis
1883 1098 1970 1150 ex
2009 1074 2204 1148 mala
2242 1075 2694 1171 provisorum
2739 1074 2976 1150 adhoc
3021 1074 3338 1172 deputato-

738 1227 895 1279 rum
936 1202 1416 1279 ordinatione.
1454 1200 1635 1298 Equi
1674 1224 1930 1275 omnes
1973 1199 2314 1297 hospitati
2353 1208 2522 1275 sunt
2565 1200 2639 1273 in
2683 1200 3002 1298 hospitio
3039 1204 3336 1298 Campano

738 1330 831 1404 ad
854 1329 999 1403 hoc
1026 1325 1511 1424 amplissimo;
1549 1330 1632 1399 R.
1668 1328 1753 1398 D.
1790 1325 2382 1423 archiepiscopus
2419 1324 2829 1401 Arelatinus
2861 1325 3268 1423 gubernator
3287 1331 3340 1399 et

738 1454 1169 1531 castellanus
1198 1450 1393 1526 venit
1436 1450 1721 1525 obviam
1769 1450 2014 1547 legato
2043 1472 2176 1547 per
2217 1450 2356 1523 tria
2395 1450 2734 1525 milliaria
2769 1450 2886 1525 vel
2923 1452 3131 1539 circa,
3161 1458 3224 1525 et
3245 1450 3340 1525 ha·

736 1581 889 1655 buit
918 1579 1235 1677 primum
1274 1576 1520 1650 locum
1562 1576 1751 1651 inter
1785 1575 2106 1672 prelatos
2139 1582 2214 1649 et
2245 1574 2460 1665 bene,
2493 1576 2840 1673 quoniam
2879 1583 3035 1653 erat
3069 1576 3338 1651 officialis

737 1710 955 1804 Papo.

834 1830 1101 1906 Eadem
1132 1830 1282 1919 die,
1324 1829 1619 1903 circiter
1653 1827 1914 1901 horam
1951 1825 2374 1923 vigesimam
2417 1826 2846 1917 secundam,
2893 1828 3164 1925 legatus
3193 1830 3342 1903 venit

738 1953 1142 2046 Pisaurum,
1178 1953 1299 2026 ubi
1335 1949 1980 2049 processionaliter
2019 1957 2356 2048 receptus
2397 1956 2533 2042 est,
2576 1950 2851 2027 vicario
2893 1953 3194 2051 episcopi
3217 1952 3340 2026 offi-

737 2081 929 2154 cium
978 2084 1238 2177 agente
1278 2078 1411 2165 sub
1450 2082 1681 2173 porta.
1728 2078 2040 2173 Legatus
2083 2076 2510 2173 genuflexus
2549 2098 2844 2151 crucem
2887 2078 3226 2151 osculatus
3259 2084 3338 2151 est

738 2212 813 2281 et
847 2209 1145 2302 recepto
1183 2202 1525 2277 mantello
1568 2201 1703 2275 sub
1742 2202 2190 2276 baldachino
2231 2202 2423 2276 venit
2461 2202 2553 2276 ad
2593 2200 2987 2276 ecclesiam
3017 2200 3338 2277 cathedra-

740 2331 922 2421 lem;
967 2328 1475 2404 baldachinum
1503 2334 1884 2424 portarunt
1920 2327 2112 2403 cives
2143 2328 2235 2402 ad
2263 2329 2406 2402 hoc
2449 2327 2800 2426 deputati.
2839 2330 3106 2403 Locum
3138 2334 3338 2402 tenens

744 2460 831 2531 D.
865 2455 1143 2530 Pisauri
1180 2453 1378 2528 venit
1415 2452 1697 2526 obviam
1734 2452 1980 2549 legato
2022 2476 2154 2551 per
2191 2460 2616 2551 competens
2657 2454 3003 2551 spatium.
3053 2457 3128 2526 ln
3157 2452 3338 2527 eccle-

740 2582 875 2669 sia,
908 2581 1087 2654 dixit
1116 2579 1522 2653 orationem
1552 2578 1642 2651 de
1674 2585 1928 2653 sancto
1953 2580 2319 2670 Terentio,
2351 2588 2693 2677 martyre,
2724 2588 3034 2675 patrono
3061 2576 3336 2665 ecclesie,

744 2708 951 2805 eujus
980 2706 1320 2803 reliquias
1352 2704 1439 2777 ad
1478 2702 1623 2777 hoc
1660 2702 2038 2799 impositas
2077 2711 2245 2779 ante
2277 2704 2501 2779 altare
2543 2705 2776 2802 majus
2807 2704 2886 2779 in
2926 2726 3100 2780 auro
3137 2722 3340 2777 recon-

740 2833 924 2907 ditas
980 2831 1310 2905 vidimus.
1376 2828 1589 2903 Dedit
1643 2828 2132 2926 indulgentias
2187 2828 2491 2903 duorum
2550 2852 2917 2904 annorum
2973 2835 3047 2907 et
3094 2828 3338 2903 totidem

740 2954 1371 3053 quadragena-rum
1422 2978 1603 3053 quas
1660 2953 2048 3052 publicavit
2101 2954 2400 3029 vicarius
2453 2954 2854 3053 predictus,
2915 2963 2988 3031 et
3037 2951 3340 3030 benedixit

741 3085 967 3172 stans,
1024 3086 1102 3154 ut
1152 3080 1224 3153 in
1278 3080 1591 3155 ecclesia
1644 3078 2202 3169 Assisinatensi3
2261 3087 2333 3153 et
2387 3078 2526 3153 alia
2577 3102 2781 3155 more
2843 3080 3058 3156 solito
3105 3082 3342 3179 peracta

742 3210 934 3278 sunt.
980 3208 1355 3281 Venerunt
1394 3204 1657 3279 deinde
1699 3204 1792 3278 ad
1822 3204 2172 3302 palatium
2221 3206 2304 3279 D.
2351 3205 2648 3293 Pisauri,
2695 3204 2817 3281 ubi
2860 3206 3238 3305 hospitatus
3261 3226 3320 3275 es

744 3336 817 3402 et
845 3350 991 3402 non
1022 3348 1277 3403 omnes
1316 3352 1481 3405 cum
1514 3354 1629 3405 eo.
1708 3382 1717 3389 -

756 3472 765 3514 1
842 3454 1051 3528 Feria
1094 3454 1328 3545 tertia,
1373 3461 1416 3528 9
1456 3457 1771 3554 augusti,
1817 3457 2102 3555 legatus
2140 3457 2309 3531 fecit
2345 3456 2731 3553 prandium
2771 3458 2918 3530 alla
2961 3456 3260 3530 catholica
3289 3460 3342 3527 et

744 3602 876 3655 nos
917 3602 1208 3669 omnes;
1248 3580 1511 3657 deinde
1558 3581 1750 3656 venit
1780 3582 2214 3671 Ariminum,
2249 3581 2370 3656 ubi
2401 3581 3042 3679 processionaliter
3066 3584 3342 3677 receptus

744 3713 881 3779 est.
929 3703 1355 3802 Magnificus
1394 3707 1478 3779 D.
1529 3706 2010 3781 Ariminensis
2047 3708 2245 3782 venit
2282 3708 2564 3784 obviam
2607 3713 2852 3811 legato
2889 3736 3021 3813 per
3057 3713 3190 3785 duo
3215 3704 3342 3781 mil·

740 3829 970 3919 liaria,
1020 3829 1133 3905 vel
1180 3831 1376 3904 circa
1432 3839 1638 3905 extra
1680 3837 1992 3929 portam,
2054 3854 2193 3928 per
2232 3834 2473 3931 plures
2515 3860 2799 3935 passus.
2869 3838 3163 3927 Quidam
3214 3829 3344 3906 tecit

742 3979 955 4031 unam
1004 3955 1411 4031 orationem
1456 3956 1570 4029 cui
1620 3956 1905 4054 legatus
1943 3958 2214 4055 optime
2245 3962 2650 4058 respondit.
2695 3964 2975 4040 Deinde
3017 3962 3144 4037 sub
3177 3960 3340 4057 porta

738 4086 811 4157 in
842 4083 1005 4158 aula
1033 4105 1327 4159 crucem
1358 4082 1723 4157 osculatus
1752 4089 1891 4174 est,
1927 4083 2098 4179 quia
2129 4106 2276 4158 non
2305 4094 2460 4203 erat
2489 4097 2822 4186 paratum
2855 4096 3096 4188 tapete
3127 4110 3142 4160 :
3173 4100 3344 4158 acce-

739 4214 943 4308 perat
980 4230 1239 4305 parum
1280 4214 1447 4285 ante
1488 4206 1916 4281 mantellum
1956 4216 2412 4285 consuetum.
2461 4216 2622 4287 Non
2659 4214 2950 4289 fuerunt
2987 4212 3116 4289 sibi
3149 4208 3344 4284 oblate

740 4333 977 4409 claves
1028 4334 1360 4423 civitatis,
1417 4356 1655 4430 neque
1706 4336 1793 4407 D.
1848 4334 2151 4409 Arimini
2201 4334 2580 4411 descendit
2627 4362 2715 4412 ex
2763 4362 2954 4437 equo
3001 4346 3078 4413 ut
3121 4332 3343 4409 mulam

734 4460 953 4558 legati
1003 4460 1298 4534 duceret
1352 4459 1501 4532 sive
1550 4457 1946 4547 dextr-aret,
2000 4460 2172 4556 quia
2223 4461 2408 4536 adeo
2457 4471 2867 4538 commotus
2919 4485 3136 4552 eram,
3185 4450 3344 4555 quod

735 4608 882 4659 non
912 4584 1111 4681 potui
1140 4582 1557 4682 hujusmodi
1588 4581 1953 4658 ordinare.
1991 4586 2078 4657 D.
2121 4584 2600 4661 Ariminensis
2631 4588 2971 4685 equitavit
3001 4586 3186 4661 solus
3210 4585 3344 4655 ante

736 4730 1026 4783 crucem
1070 4708 1317 4806 legati,
1371 4730 1591 4806 quam
1648 4707 1982 4782 canonici
2041 4716 2114 4783 et
2165 4710 2469 4785 vicarius
2523 4714 3036 4810 sequebantur.
3085 4709 3344 4805 Legatus

736 4831 1114 4906 descendit
1152 4856 1374 4931 super
1403 4841 1645 4930 tapete
1684 4839 1852 4907 ante
1893 4833 2281 4910 ecclesiam
2329 4832 2826 4914 cathedralem
2873 4848 2946 4913 et
2980 4839 3051 4911 in
3091 4856 3172 4909 ea
3203 4824 3347 4903 dixit

736 4956 1144 5033 orationem
1188 4956 1278 5030 de
1310 4980 1370 5029 s.
1418 4956 1769 5032 Columba
1794 4958 2100 5056 virgine,
2150 4968 2456 5057 patrona
2483 4962 2835 5055 Ecclesie,
2887 4956 3248 5045 benedixit,
3285 4954 3346 5021 ut

734 5083 809 5158 in
855 5082 1172 5158 ecclesia
1209 5080 1753 5173 Assisitanensi,
1807 5091 1881 5157 et
1919 5082 2118 5159 dedit
2162 5082 2650 5184 indulgentias
2688 5088 2996 5162 duorum
3033 5094 3340 5159 annorum

734 5214 807 5281 et
848 5207 1153 5281 totidem
1196 5202 1830 5301 quadragenarum
1875 5230 2054 5303 quas
2088 5211 2594 5307 pronunciavit
2637 5209 2938 5287 vicarius
2972 5205 3336 5308 predictus:
