3625 6059
260 574 484 639 [sanvier
511 572 658 635 1498]
903 569 1158 627 RERUM
1205 568 1666 626 URBANARUM
1711 566 2237 625 COMMENTARII.
2800 570 2906 625 425

353 724 754 812 Dominica,
787 723 1040 798 ultima
1076 723 1246 797 dicti
1285 722 1556 795 mensis
1596 720 2029 813 decembris,
2065 719 2304 817 vigilia
2333 720 2903 795 circumcisionis

258 850 562 941 Domini,
620 849 914 923 fuerunt
959 872 1256 945 vespere
1305 844 1599 945 papales
1648 844 1720 918 in
1767 845 2043 942 capella
2090 846 2439 943 predicta,
2494 850 2691 944 Papa
2734 871 2905 947 pre-

261 983 478 1065 sente,
515 981 682 1048 ante
721 995 940 1071 quem
969 972 1311 1069 despotus
1341 975 1586 1045 Moree
1611 976 2049 1067 conquestus
2076 969 2208 1045 fuit
2238 971 2327 1045 de
2357 970 2518 1044 loco
2541 994 2702 1063 suo,
2739 995 2905 1046 cum

261 1098 724 1175 intellexisset
776 1098 940 1171 duci
995 1096 1385 1171 Stetinensi
1444 1096 1688 1170 datum
1748 1120 1910 1169 esse
1966 1096 2210 1170 locum
2268 1096 2684 1169 immediate
2742 1103 2909 1195 post

261 1224 652 1299 cardinales
684 1230 758 1299 et
791 1226 956 1297 ante
987 1244 1182 1311 eum,
1218 1221 1434 1317 idque
1475 1220 1631 1294 fieri
1663 1243 1810 1295 non
1844 1222 2086 1296 licere.
2125 1226 2318 1318 Papa
2346 1243 2493 1294 non
2525 1222 2899 1319 respondit

261 1350 318 1419 ei
363 1348 686 1439 verbum,
736 1345 866 1421 sed
918 1345 1284 1425 commisit
1334 1345 1512 1419 mihi
1561 1346 1780 1442 quod,
1837 1354 1999 1443 post
2050 1370 2413 1443 vesperaS,
2470 1346 2536 1420 ei
2586 1346 2906 1421 dicerem

262 1473 441 1571 quod
469 1497 565 1545 ne
596 1496 760 1547 cras
791 1481 860 1547 et
893 1471 1094 1563 alias,
1124 1470 1307 1546 duce
1337 1471 1662 1569 predicto
1691 1480 2057 1568 presente,
2094 1472 2183 1545 ad
2212 1470 2570 1569 ‚capellam
2598 1470 2900 1563 veniret,

262 1598 442 1695 quod
471 1606 548 1672 et
576 1598 740 1688 feci,
777 1604 848 1671 et
878 1598 1033 1695 ipse
1063 1596 1484 1671 mandatum
1514 1596 1933 1693 hujusmodi
1965 1597 2389 1671 observavit.

353 1724 558 1796 Feria
588 1722 936 1811 secunda,
978 1729 1006 1795 1
1054 1722 1326 1795 mensis
1368 1722 1705 1818 januarii,
1737 1722 1923 1796 sesto
1968 1722 2540 1797 circumcisionis
2585 1722 2903 1813 Domini,

264 1852 500 1922 Rmus.
541 1852 626 1921 D.
664 1847 1048 1922 cardinalis
1078 1846 1606 1921 Alexandrinus
1651 1847 2037 1922 celebravit
2068 1848 2364 1921 missam
2396 1847 2800 1923 solemnem
2832 1849 2907 1923 in

266 1974 526 2071 capella
553 1974 908 2071 predicta,
945 1977 1140 2070 Papa
1167 1981 1506 2070 presente
1545 1998 1561 2047 z
1599 1997 2011 2049 sermonem
2055 1973 2225 2046 fecit
2259 1980 2681 2070 procurator
2712 1974 2909 2048 ordi-

400 2099 966 2187 carmelitarum,
1003 2102 1197 2194 Papa
1235 2099 1560 2174 absente.
1600 2103 1770 2175 Post
1799 2100 2098 2175 missam
2137 2098 2429 2190 dictam,
2461 2097 2637 2171 dixit
2676 2098 2913 2173 cardi-

267 2223 560 2315 nalibuS‚
603 2248 724 2299 me
773 2224 1138 2313 audiente,
1174 2246 1336 2297 sese
1384 2222 1858 2321 complevisse
1902 2225 2060 2298 heri
2106 2222 2636 2321 sexagesimum
2688 2224 2913 2321 septi-

267 2370 450 2421 mum
476 2370 746 2423 annum
777 2346 988 2421 etatis
1015 2369 1142 2419 sue
1169 2368 1254 2419 ac
1281 2349 1526 2417 natum
1555 2368 1716 2421 esse
1742 2346 1971 2444 prima
2003 2345 2119 2418 die
2146 2344 2651 2439 hebdomadiS,
2678 2348 2910 2444 prima

272 2472 374 2545 die
409 2473 680 2546 mensis
721 2478 792 2544 et
832 2472 1066 2568 prima
1104 2474 1220 2545 die
1261 2474 1458 2564 anni,
1493 2495 1681 2545 anno
1721 2471 1958 2568 primo
1997 2471 2457 2569 pontificatus
2496 2471 2723 2547 felicis
2753 2496 2911 2549 me-

275 2597 480 2671 morie
513 2597 814 2693 Eugenii
856 2620 1038 2695 pape
1079 2598 1311 2694 quarti
1345 2596 1444 2688 (1)
1474 2626 1490 2686 ;
1526 2597 1859 2672 dixerunt
1898 2596 2017 2669 alii
2048 2597 2244 2693 quod
2280 2598 2514 2695 prima
2540 2599 2719 2673 hora
2748 2605 2912 2696 post

277 2722 568 2795 mediam
597 2721 928 2795 ultimam
961 2722 1153 2796 diem
1183 2722 1456 2795 mensis
1492 2721 1899 2797 decembris
1940 2721 2354 2797 immediate
2387 2724 2783 2821 sequentis,
2820 2725 2909 2798 de

275 2866 400 2939 quo
441 2850 680 2918 tamen
717 2845 840 2918 SS.
880 2848 966 2919 D.
999 2851 1247 2920 noster
1285 2846 1462 2919 nihil
1502 2845 1702 2919 dixit.
1739 2851 1817 2919 In
1862 2868 2155 2919 camera
2189 2846 2576 2943 papagalli,
2610 2869 2774 2921 cum
2817 2852 2903 2921 D.

275 2976 498 3041 noster
527 2974 951 3066 paramenta
989 2969 1412 3066 deponeret,
1449 2967 1810 3041 mandavit
1849 2967 2025 3039 mihi
2068 2968 2250 3041 tradi
2294 2967 2569 3042 clavem
2606 2968 2907 3043 cancelli

276 3094 402 3166 sive
443 3094 700 3169 ferrate
757 3095 832 3166 in
873 3118 1016 3190 qua
1071 3096 1308 3191 capita
1354 3093 1850 3191 apostolorum
1889 3092 2079 3165 Petri
2123 3098 2197 3165 et
2242 3090 2443 3165 Pauli
2487 3091 2561 3163 in
2602 3090 2902 3165 basilica

277 3222 712 3297 Lateranensi
762 3220 1288 3310 custodiuntur,
1339 3241 1556 3317 quam
1597 3218 1955 3292 Sanctitas
2003 3240 2132 3290 sua
2162 3216 2432 3291 habere
2486 3216 2888 3309 consuevit,

274 3367 466 3440 quam
505 3352 589 3421 D.
632 3346 943 3419 Jacobus
985 3349 1376 3434 Casanova,
1422 3342 1906 3418 subdiaconus
1946 3342 2381 3439 apostolicus
2426 3347 2497 3416 et
2532 3341 2905 3417 cubicula-

281 3468 402 3543 rius
423 3494 590 3545 suus
623 3477 944 3545 secretus
975 3470 1151 3543 mihi
1185 3470 1616 3567 assignavit3
1653 3474 1726 3543 et
1756 3467 2119 3543 commisit
2160 3468 2341 3542 mihi
2384 3466 2742 3543 Sanctitas
2776 3492 2909 3543 sua

278 3597 440 3689 quod
472 3596 655 3671 hora
690 3619 1151 3693 vesperarum
1193 3594 1751 3668 illustrissimum
1787 3593 2051 3668 ducem
2080 3594 2568 3669 Stetinensem
2598 3592 2691 3667 ad
2712 3591 2907 3666 basi-

277 3716 460 3793 licam
492 3721 894 3819 predictam
919 3720 1360 3794 associarem
1387 3725 1455 3792 et
1486 3719 1720 3816 capita
1738 3717 2067 3815 predicta
2086 3719 2224 3791 sibi
2246 3718 2566 3793 facerem
2590 3720 2900 3810 ostendi,

281 3846 340 3914 et
362 3845 539 3940 quod
568 3845 644 3917 in
684 3844 1088 3919 cancellum
1122 3844 1528 3942 predictum
1568 3842 1714 3916 dux
1751 3841 2355 3917 intromitteretur
2389 3842 2559 3939 quia
2597 3843 2905 3916 commi-

282 3980 438 4045 serat
464 3973 660 4069 quod
687 3978 1230 4046 conservatores
1261 3969 1482 4045 etiam
1513 3991 1676 4041 suas
1708 3966 1942 4040 claves
1968 3966 2059 4039 ad
2087 3966 2229 4040 hoc
2260 3968 2626 4042 mitterent
2657 3994 2675 4059 ;
2710 3968 2907 4064 quod

283 4102 339 4166 et
361 4096 614 4172 lactum
645 4104 782 4173 est.
817 4095 1161 4177 Ascendit
1204 4093 1350 4166 dux
1381 4092 1783 4169 cancellum
1814 4091 2218 4189 predictum
2247 4100 2411 4189 post
2450 4114 2595 4183 me,
2632 4098 2706 4166 et
2734 4099 2899 4189 post

284 4240 418 4295 eum
441 4221 586 4297 dux
609 4221 1176 4295 Brunswicensis
1215 4228 1288 4293 et
1329 4219 1764 4292 Philibertus
1802 4217 2176 4307 Naturelli,
2213 4224 2537 4292 oratores
2578 4217 2899 4291 serenis-

285 4342 414 4419 simi
457 4352 942 4421 Romanorum
999 4346 1226 4442 regis;
1277 4344 1537 4419 deinde
1586 4343 1861 4419 clavem
1910 4342 2234 4440 predicto
2266 4347 2371 4428 D.
2426 4344 2694 4418 Jacobo
2744 4365 2899 4419 res-

286 4468 436 4545 titui.

361 4596 552 4671 Feria
578 4596 816 4686 tertia,
855 4600 896 4668 2
924 4593 1195 4668 mensis
1227 4593 1565 4691 januarii,
1601 4592 1914 4668 intimari
1953 4593 2093 4685 feci
2134 4592 2475 4689 exequias
2514 4592 2704 4666 bone
2736 4614 2895 4666 me-

288 4722 478 4794 morie
507 4720 886 4795 cardinalis
933 4718 1343 4793 Parmensis
1382 4718 1498 4795 die
1541 4719 1857 4793 crastina
1897 4718 2268 4793 habendas
2303 4740 2436 4814 per
2472 4715 2897 4792 schedulam

289 4862 464 4935 quam
493 4846 902 4922 cursoribus
933 4843 1314 4940 assignavi,
1347 4842 1760 4941 hujusmodi
1787 4842 1922 4915 sub
1946 4850 2198 4915 tenore
2225 4864 2241 4915 :
2274 4871 2309 4908 «
2341 4844 2443 4913 Ex
2470 4848 2673 4939 parte
2706 4842 2891 4915 Rmi.

345 5066 386 5119 1.
421 5065 490 5123 Le
515 5086 652 5143 pape
681 5068 816 5127 etait
841 5073 910 5125 ne
949 5073 982 5124 a
1019 5068 1236 5139 Xativa,
1267 5066 1485 5123 diocese
1523 5066 1590 5121 de
1634 5063 1885 5131 valence,
1924 5063 2062 5119 dans
2100 5062 2149 5119 le
2187 5080 2444 5135 royaume
2474 5063 2543 5119 de
2572 5061 2895 5136 Catalogne‚

289 5144 638 5228 101⁸*janvier
668 5158 828 5227 1431,
860 5166 914 5215 et
943 5174 1052 5213 non
1083 5174 1183 5230 pas
1214 5154 1262 5211 le
1295 5158 1355 5211 11
1387 5160 1518 5211 aoot
1546 5154 1704 5221 1430,
1735 5168 1944 5208 comme
1973 5150 2142 5207 l'ecrit
2174 5150 2502 5225 Hieronymo
2530 5150 2723 5207 Porzio
2758 5152 2898 5208 dans

289 5253 368 5294 son
393 5247 762 5305 commentaire
791 5247 896 5303 cite
925 5251 958 5302 a
981 5246 1142 5319 l'app.
1175 5254 1240 5301 n⁰
1271 5248 1320 5302 1.
