3625 6059
226 581 488 646 [lanvier
520 581 679 642 1498]
952 579 1206 637 RERUM
1258 579 1709 638 URBANARUM
1754 579 2278 638 COMMENTARII.
2829 587 2933 642 429

232 733 377 807 suit
410 732 806 830 quoddam
837 732 1205 808 edificium
1234 757 1361 808 sex
1395 732 1656 831 gradus
1690 733 1970 808 habens
1996 734 2087 808 ab
2117 734 2315 808 omni
2345 727 2549 832 parte
2597 760 2612 808 :
2651 736 2928 832 primus

234 857 528 954 gradus
577 858 657 930 in
708 857 925 955 plano
970 856 1279 932 ecclesie
1318 857 1596 955 positus
1637 865 1709 931 et
1751 859 1950 932 omni
1991 847 2422 957 parte‚'sive
2467 859 2934 960 quadrangu-

230 983 415 1058 laris
470 989 673 1074 erat,
723 982 1191 1080 longitudinis
1238 989 1408 1085 ¹octo
1461 983 1870 1081 palmorum
1918 984 2032 1058 vel
2084 985 2312 1076 circa3
2372 1008 2590 1082 supra
2639 985 2934 1081 planum

237 1108 431 1182 sexti
482 1109 857 1206 graduum
902 1107 1317 1204 hujusmodi
1362 1107 1639 1205 positus
1684 1117 1836 1183 erat
1879 1110 2270 1184 catalectus
2315 1134 2442 1184 seu
2491 1133 2710 1208 capsa
2754 1135 2935 1208 que-

240 1235 413 1308 dam
444 1232 799 1308 eminens
830 1239 903 1308 et
933 1233 1077 1306 alta
1108 1240 1322 1331 prout
1354 1232 1863 1321 cardinalibus»,
1901 1243 2066 1332 post
2095 1235 2398 1324 obitum,
2435 1235 2593 1308 fleri
2625 1257 2937 1312 consue-

242 1359 366 1449 vit,
402 1381 561 1456 que
609 1383 831 1458 supra
859 1381 1112 1432 eorum
1154 1357 1487 1455 sepulcra
1522 1358 1813 1456 ponitur
1847 1382 1862 1430 :
1899 1380 2117 1457 capsa
2142 1359 2556 1458 hujusmodi
2585 1368 2940 1457 cooperta

244 1491 401 1557 erat
452 1483 963 1580 pulcherrimo
1010 1482 1228 1580 pallio
1272 1482 1591 1557 broccati
1630 1483 1785 1556 auri
1833 1507 1849 1556 :
1895 1484 2160 1581 gradus
2209 1506 2463 1558 omnes
2512 1508 2678 1558 cum
2717 1486 2933 1584 plano

247 1610 621 1708 superiori
668 1587 901 1708 palliis
942 1609 1218 1684 brocati
1248 1609 1403 1683 auri
1436 1614 1642 1683 erant
1680 1609 2034 1705 cooperti,
2076 1608 2407 1683 videlicet
2439 1633 2602 1707 pars
2640 1610 2763 1684 illa
2803 1636 2930 1686 seu

250 1733 521 1832 gradus
568 1755 829 1808 versus
859 1734 1084 1809 altare
1116 1735 1353 1832 majus
1393 1741 1463 1808 et
1503 1758 1754 1808 versus
1796 1740 2081 1831 portam
2117 1733 2349 1832 palliis
2386 1733 2756 1826 violaceis3
2794 1735 2932 1809 alie

251 1859 389 1933 due
444 1866 706 1956 partes
756 1859 1093 1934 laterales
1146 1858 1380 1956 palliis
1434 1859 1676 1933 rubeis
1728 1866 1933 1935 extra
1985 1864 2330 1933 castrum.
2387 1861 2582 1932 Inter
2628 1857 2804 1932 illud
2859 1866 2931 1933 et

253 1990 543 2080 portam
576 1983 919 2058 introitus
960 1983 1268 2059 ecclesie
1300 1984 1599 2059 sedebat
1634 1983 2061 2082 magnificus
2102 1982 2386 2056 Garsias
2427 1987 2674 2072 Lasso,
2719 1983 2930 2058 miles

256 2131 313 2181 s.
356 2109 619 2185 Jacobi
653 2109 745 2184 de
786 2109 859 2183 la
888 2110 1185 2208 Spatha,
1234 2119 1481 2186 orator
1521 2109 1711 2207 regis
1752 2115 1826 2184 et
1869 2108 2116 2206 regine
2169 2107 2676 2206 Hispaniarum
2717 2132 2934 2207 super

260 2255 557 2308 scamno
610 2235 886 2310 ibidem
935 2260 1063 2334 pro
1119 2258 1205 2310 eo
1251 2237 1457 2334 juxta
1503 2243 1822 2311 castrum
1870 2233 2106 2332 posito
2159 2257 2203 2307 a
2249 2232 2548 2324 dextris,
2605 2233 2800 2330 apud
2853 2257 2930 2306 se

259 2355 535 2432 habens
584 2363 679 2433 D.
727 2361 1202 2437 Philibertum
1244 2363 1618 2453 Naturelli,
1663 2367 2028 2436 oratorem
2069 2357 2506 2434 serenissimi
2550 2355 2742 2454 regis
2790 2362 2932 2431 Ro-

264 2505 649 2558 manorum
685 2489 756 2560 et
785 2508 829 2559 a
859 2483 1165 2560 sinistris
1196 2492 1283 2562 D.
1320 2487 1767 2585 SperandeO,
1815 2493 2179 2562 oratorem
2224 2485 2416 2584 regis
2445 2485 2921 2582 Neapolitani.

272 2610 426 2684 Post
485 2633 649 2699 eOS,
714 2616 921 2685 erant
977 2611 1116 2687 tria
1172 2637 1471 2688 scamna
1525 2612 1761 2712 posita
1817 2637 1956 2710 que
2012 2618 2238 2686 totam
2297 2609 2612 2684 mediam
2670 2633 2928 2686 navem

271 2733 564 2810 ecclesie
622 2737 1081 2834 occupabant
1135 2761 1268 2836 pro
1320 2739 1591 2822 familia
1643 2743 2012 2812 oratorum
2066 2735 2556 2833 predictorum
2609 2742 2682 2810 et
2734 2735 2928 2808 cele-

268 2854 565 2948 brantis3
607 2860 737 2956 qui
777 2883 1030 2935 omnes
1072 2870 1143 2936 et
1182 2861 1514 2936 similiter
1551 2868 1876 2935 oratores
1907 2859 2134 2932 induti
2176 2851 2380 2932 erant
2410 2859 2667 2955 pannis
2698 2859 2924 2956 nigris

272 2980 597 3076 funestis;
638 2985 943 3083 capucia
971 2992 1216 3061 tamen
1244 2987 1317 3059 in
1352 2986 1705 3085 capitibus
1738 3006 1886 3058 non
1913 2982 2303 3057 habebant.
2342 2984 2573 3078 Supra
2607 2987 2924 3054 castrum

268 3103 516 3181 doloris
546 3133 704 3182 non
745 3109 1035 3186 fuerunt
1073 3113 1308 3210 posite
1348 3111 1647 3186 candele
1690 3108 1818 3184 sed
1847 3105 2214 3182 intorticia
2253 3111 2531 3181 tantum
2572 3104 2921 3179 librarum

268 3238 559 3324 quatuor
587 3233 964 3332 quodlibet
1003 3259 1307 3310 numero
1339 3261 1547 3329 cxxv,
1586 3236 1697 3310 vel
1736 3235 1954 3326 circa,
1997 3241 2068 3309 et
2101 3233 2414 3331 quinque
2454 3231 2596 3306 alia
2624 3255 2916 3331 magna,

267 3353 575 3432 videlicet
606 3366 923 3456 quatuor
951 3359 1026 3432 in
1057 3366 1363 3457 quatuor
1394 3360 1677 3458 angulis
1707 3357 1922 3433 castri
1955 3365 2026 3432 et
2061 3357 2136 3430 in
2169 3355 2412 3430 medio
2443 3354 2914 3445 summitatis;

273 3479 579 3572 quintum
609 3508 923 3583 quorum
956 3485 1327 3582 quodlibet
1366 3492 1521 3560 erat
1558 3509 1702 3559 xxv
1729 3485 2079 3559 librarum
2120 3483 2231 3557 vel
2271 3481 2466 3556 circa·
2493 3481 2567 3554 in
2599 3479 2921 3578 quolibet

274 3622 351 3674 ex
379 3615 683 3701 quatuor
727 3610 1071 3685 lateribus
1118 3609 1360 3685 castri.
1408 3613 1489 3682 ln
1526 3609 1768 3707 plano,
1819 3608 1893 3682 in
1937 3615 2157 3698 terra,
2187 3607 2428 3705 posita
2455 3604 2748 3683 fuerunt
2775 3627 2922 3678 xxv

276 3725 631 3826 intorticia,
688 3735 1061 3834 quodlibet
1109 3742 1422 3833 quatuor
1464 3735 1814 3809 librarum
1863 3740 1933 3808 et
1981 3734 2126 3808 duo
2173 3753 2439 3829 magna
2487 3726 2923 3804 candelabra

282 3871 427 3927 cum
471 3857 751 3934 duobus
800 3860 1132 3935 similiter
1175 3859 1581 3951 intorticiiS,
1636 3882 1860 3932 unum
1913 3858 2007 3932 ad
2053 3863 2270 3955 caput
2315 3853 2514 3928 aliud
2559 3853 2650 3926 ad
2695 3849 2920 3948 pedes

280 3979 495 4051 castri.
528 3987 667 4058 Per
696 3984 1109 4074 ecclesiam,
1143 3985 1217 4058 in
1257 3985 1428 4075 alt0,
1476 3984 1712 4082 posita
1739 3985 2056 4072 fuerunt,
2092 3980 2149 4054 si
2187 3986 2383 4057 recte
2428 3975 2754 4066 memini,
2804 3975 2917 4047 in-

284 4101 536 4178 torticia
562 4107 825 4182 similia
856 4114 1147 4184 centum
1179 4119 1251 4185 et
1286 4110 1495 4201 ultra,
1532 4115 1604 4184 et
1630 4108 1880 4182 subtus
1912 4129 1998 4181 ea
2032 4106 2174 4180 tele
2207 4102 2412 4201 nigre
2441 4105 2659 4200 prout
2692 4099 2912 4174 etiam

283 4223 395 4296 sub
430 4237 659 4306 castro
706 4239 913 4308 erant
957 4258 1125 4307 cum
1169 4234 1391 4307 armis
1434 4232 1780 4333 principis
1825 4229 2170 4321 defuncti,
2218 4235 2426 4326 prout
2469 4227 2545 4300 in
2590 4223 2913 4322 exequiis

284 4351 720 4432 cardinalium
750 4360 907 4434 fieri
938 4360 1147 4435 solet.
1186 4358 1683 4433 Cardinalibus
1727 4359 1896 4433 data
1934 4357 2227 4430 fuerunt
2255 4360 2327 4430 et
2355 4351 2658 4426 ducibus
2688 4351 2915 4425 intor-

289 4466 428 4547 ticia
462 4503 578 4555 sex
618 4482 991 4575 librarum,
1042 4489 1113 4559 et
1142 4489 1306 4558 octo
1352 4481 1613 4556 similia
1640 4505 1772 4580 pro
1812 4482 2208 4557 elevatione
2249 4476 2713 4568 sacramenti,
2747 4499 2916 4572 pre-

286 4588 420 4671 latis
460 4607 858 4683 oratoribus
902 4617 973 4684 et
1014 4608 1171 4683 aliis
1216 4607 1524 4683 funestis
1574 4605 1936 4698 omnibus,
1985 4615 2065 4681 ut
2110 4605 2578 4706 premittitur.
2631 4601 2912 4676 Seden-

296 4717 457 4798 tibus
484 4728 640 4807 date
673 4735 965 4809 suerunt
990 4733 1293 4811 candele
1323 4735 1629 4807 duarum
1659 4732 2007 4808 librarum
2037 4731 2380 4830 quelibet,
2411 4729 2674 4804 ceteris
2701 4727 2914 4802 unius

300 4837 449 4923 libre
477 4851 544 4927 in
578 4882 839 4956 magna
883 4837 1116 4958 copia,
1160 4861 1315 4936 sine
1358 4859 1810 4934 confusione.
1857 4859 2094 4933 Finita
2132 4857 2376 4949 missa,
2421 4863 2641 4954 poeta
2681 4853 2916 4928 Fedra

300 4963 437 5044 fecit
486 4985 875 5060 orationem
925 4987 1449 5085 dignissimam,
1502 4985 1592 5060 ab
1641 4984 1977 5059 omnibus
2029 4984 2423 5059 laudatam.
2477 4978 2904 5069 Qua‘finita‚

303 5093 631 5181 celebrans
676 5112 931 5187 ordine
976 5114 1188 5188 solito
1238 5112 1543 5188 accessit
1592 5111 1682 5186 ad
1730 5099 2049 5184 castrum
2097 5120 2167 5186 et
2206 5107 2507 5184 absolvit
2546 5106 2744 5181 solus
2783 5123 2916 5201 per

308 5233 489 5298 ullam
516 5238 933 5330 orationem,
980 5262 1181 5315 more
1222 5244 1571 5314 consueto
1608 5261 1624 5313 ε
1662 5237 1735 5311 in
1775 5260 1919 5335 qua
1947 5235 2429 5324 absolutione,
2473 5230 2804 5306 similiter
2831 5228 2908 5302 in
