3625 6059
720 548 829 603 300
1640 538 1922 597 JOHANN
1928 538 1996 595 IS
2045 537 2492 609 BURCHARm,
3057 542 3211 604 [Aout
3231 548 3344 611 ¹496}

724 698 1057 773 milliaria
1087 696 1201 773 vel
1243 697 1471 786 circa3
1512 696 1734 769 fratre
1771 694 2061 791 Juniore
2094 693 2317 792 ipsius
2359 697 2446 768 D.
2493 697 2824 771 Hectoris
2865 699 3100 796 ipsum
3135 724 3351 797 prece-

722 822 966 899 dente.
1006 824 1152 898 Sub
1182 827 1387 921 porta
1414 820 1696 919 legatus
1728 844 1820 894 ex
1851 819 2050 894 mula
2087 819 2572 910 descendam,
2605 822 3060 917 genuflexus,
3091 848 3352 900 crucem

724 949 1087 1024 osculatus
1142 954 1277 1023 est.
1332 946 1685 1023 Ascendit
1738 945 2008 1019 mulam
2063 944 2384 1043 prefatus
2443 948 2736 1038 Hector,
2799 970 2922 1023 me
2977 949 3348 1025 ordinante.

726 1074 993 1149 Obtulit
1050 1072 1291 1171 legato
1353 1072 1593 1147 claves
1661 1071 1996 1162 civitatiS,
2065 1077 2140 1144 et
2196 1072 2480 1145 frenum
2545 1072 2737 1148 mule
2797 1074 3008 1171 juxta
3065 1099 3354 1151 morsum

724 1198 1308 1297 apprehendens,
1366 1197 1587 1273 voluit
1644 1197 1915 1271 mulam
1973 1196 2430 1287 addextrare,
2489 1198 2618 1273 sed
2667 1198 2950 1296 legatus
3005 1202 3348 1275 recusavit.

722 1324 1143 1399 Ascendens
1192 1324 1415 1422 igitur
1460 1346 1758 1420 equum,
1810 1345 1980 1397 cum
2026 1326 2318 1395 oratore
2371 1322 2648 1419 prefato
2697 1324 3066 1419 equitavit.
3121 1328 3354 1400 Imme-

724 1450 913 1525 diate
952 1456 1120 1525 ante
1170 1472 1463 1523 crucem
1500 1447 1719 1545 legati
1767 1446 2282 1523 baldachinum
2332 1454 2710 1544 portarunt
2753 1448 3032 1546 priores
3077 1450 3350 1525 civitatis

728 1582 802 1652 et
830 1576 1022 1651 cives
1062 1601 1079 1649 ι
1115 1578 1366 1649 Frater
1393 1574 1485 1649 de
1516 1572 1846 1648 Hectoris
1888 1571 2230 1669 equitavit
2271 1571 2560 1647 ultimus
2599 1579 2768 1648 ante
2810 1574 3350 1672 processionem.

734 1702 1131 1800 Episcopus
1178 1700 1599 1789 Faentinus,
1647 1698 1892 1796 legato
1938 1698 2402 1796 precedente,
2446 1698 2764 1773 dimissis
2807 1700 2944 1773 sub
2983 1708 3191 1798 porta
3225 1725 3357 1777 ves-

731 1828 920 1903 tibus
966 1826 1191 1901 sacris
1244 1830 1542 1923 propter
1582 1823 2057 1913 debilitatem,
2114 1823 2438 1897 ascendit
2485 1824 2756 1899 mulam
2803 1832 2875 1901 et
2921 1825 3178 1902 habuit
3222 1834 3354 1924 post

729 1954 1047 2050 legatum
1082 1951 1399 2048 primum
1427 1950 1669 2024 locum
1700 1950 1889 2024 inter
1917 1949 2232 2046 prelatos
2261 1956 2579 2024 nostros.
2609 1954 2688 2025 In
2717 1951 3032 2026 ecclesia
3061 1954 3354 2036 Faentie‚

729 2077 1010 2175 legatus
1038 2076 1215 2149 dixit
1244 2074 1647 2150 orationem
1678 2075 1769 2148 de
1800 2074 2072 2149 sanctis
2103 2074 2446 2171 apostolis
2481 2077 2692 2150 Petro
2723 2084 2796 2150 et
2829 2076 3052 2151 Paulo
3083 2078 3353 2153 ecclesie

728 2202 1075 2302 patroniS,
1126 2202 1325 2277 dedit
1367 2200 1955 2275 benedictionem
2001 2206 2226 2290 staua,
2271 2208 2348 2274 ut
2379 2201 2452 2273 in
2499 2200 2810 2276 ecclesia
2840 2202 3352 2291 Assisinatensi,

730 2334 802 2404 et
828 2327 1313 2425 indulgentias
1344 2326 1655 2400 duorum
1693 2347 2047 2401 annorum
2093 2333 2166 2400 et
2205 2325 2504 2399 totidem
2542 2326 3172 2423 quadragenarum
3209 2349 3356 2424 quas

731 2452 1231 2552 pronunciavit
1261 2451 1569 2526 vicarius
1607 2451 2018 2548 episcopus,
2054 2450 2174 2547 qui
2207 2452 2342 2524 sub
2374 2461 2584 2548 porta
2611 2451 2916 2527 civitatis
2946 2451 3232 2550 pluviali
3255 2474 3357 2549 pa·

736 2586 935 2655 ratus
965 2584 1111 2666 est;
1156 2582 1411 2675 postea
1438 2577 1822 2674 episcopus
1860 2574 2064 2649 illum
2094 2576 2362 2649 dimisit
2392 2583 2466 2650 et
2495 2601 2626 2673 pro
2656 2599 2746 2652 eo
2777 2576 3042 2651 deinde
3071 2576 3358 2651 officium

731 2704 930 2794 fecit,
976 2703 1193 2777 etiam
1234 2701 1723 2800 aspersorium
1764 2701 2004 2799 legato
2051 2702 2128 2775 in
2176 2702 2474 2776 introitu
2513 2702 2824 2777 ecclesie
2853 2701 3282 2801 porrigendo
3305 2706 3362 2773 et

732 2852 902 2904 eum
953 2828 1435 2916 incensando;
1494 2827 1783 2901 fuerunt
1831 2835 2000 2901 ante
2055 2827 2275 2902 altare
2321 2828 2590 2925 majuS,
2645 2828 2862 2925 longe
2907 2836 3148 2904 tamen
3199 2834 3359 2903 retro

740 2954 1223 3031 faldistorium
1252 2953 1499 3051 legati,
1547 2952 1721 3027 hinc
1762 2959 1838 3027 et
1877 2952 2046 3027 inde
2077 2953 2220 3027 duo
2263 2958 2508 3050 parata
2537 2951 2962 3043 faldistoria,
2999 2975 3220 3027 unum
3255 2972 3359 3049 pm

738 3088 1029 3156 oratore
1058 3079 1361 3153 dominii
1399 3082 1850 3155 Venetorum
1881 3077 2238 3175 predicto,
2271 3076 2466 3151 aliud
2509 3100 2640 3174 pro
2671 3075 2864 3151 dicto
2900 3080 2991 3150 D.
3029 3079 3353 3151 Hectore:

739 3206 867 3281 sed
893 3206 1138 3303 legato
1178 3206 1589 3304 genuflexo,
1632 3205 1848 3279 ambo
1887 3203 2024 3301 ipsi
2069 3210 2314 3278 orator
2343 3210 2415 3277 et
2447 3206 2715 3278 Hector
2751 3225 2977 3299 super
3017 3225 3160 3275 uno
3197 3201 3360 3275 vide-

734 3329 909 3405 licet
938 3353 985 3403 a
1012 3329 1321 3403 sinistris
1350 3330 1571 3428 legati
1608 3337 1803 3404 retro
1833 3328 2048 3425 positi
2079 3327 2295 3401 simul
2323 3328 2878 3425 genuflexerunt
2919 3352 2938 3401 ε
2985 3326 3126 3401 alia
3151 3324 3362 3400 omnia

738 3452 1119 3531 observata
1146 3460 1313 3529 sunt
1340 3464 1419 3529 ut
1450 3456 1673 3551 priuS.
3195 3432 3206 3441 .

834 3578 1215 3653 Premissis
1262 3580 1601 3677 peractis,
1644 3579 1932 3678 legatus
1971 3580 2309 3680 pedester
2346 3580 2538 3655 venit
2575 3580 2668 3656 ad
2705 3579 3052 3677 palatium
3085 3584 3168 3654 1).
3205 3582 3363 3653 Hec-

736 3703 915 3779 toris
959 3703 1032 3777 in
1074 3704 1330 3779 eadem
1368 3704 1609 3801 platea
1646 3706 1990 3802 positum,
2036 3706 2274 3802 ipsum
2317 3705 2846 3781 associantibus
2891 3704 3190 3803 prefatis
3235 3706 3358 3777 DD.

736 3834 1022 3903 oratore
1068 3836 1141 3904 et
1187 3832 1526 3921 Hectore,
1576 3837 1645 3905 et
1692 3831 1852 3906 aliis
1897 3831 2142 3905 multis
2185 3830 2644 3922 officialibus,
2691 3833 2764 3905 in
2809 3854 2952 3927 quo
2993 3827 3364 3925 hospitatus

734 3961 872 4045 est,
927 3977 1065 4053 ego
1132 3954 1207 4027 in
1252 3955 1697 4030 monasterio
1750 3981 1808 4029 s.
1878 3955 2242 4055 Hippolyti
2293 3956 2863 4032 Camaldulensis
2920 3955 3220 4043 ordinis,
3265 3951 3364 4025 alii

732 4079 905 4157 hinc
937 4088 1010 4155 et
1040 4078 1208 4153 inde
1238 4102 1256 4153 ε
1290 4102 1643 4177 expensas
1670 4080 1838 4155 fecit
1863 4082 2196 4155 omnibus
2229 4081 2546 4179 prefatus
2580 4084 2663 4155 D.
2699 4084 2993 4157 Hector.

838 4206 1047 4281 Feria
1077 4210 1307 4293 sexta,
1366 4210 1453 4279 12
1504 4206 1783 4302 auguti,
1827 4205 2110 4305 legatus
2140 4206 2332 4281 bono
2375 4230 2589 4283 mane
2637 4206 2942 4281 recessit
2985 4228 3072 4281 ex
3103 4190 3366 4281 Faentia

734 4353 897 4404 cum
949 4329 1186 4427 pluvia
1240 4330 1414 4403 satis
1468 4353 1735 4428 magna
1784 4338 1858 4405 et
1905 4355 2040 4407 nos
2085 4333 2545 4429 pervenimus
2597 4331 2688 4406 ad
2733 4331 3006 4406 flumen
3051 4333 3368 4405 Sanctera

735 4460 1257 4554 nuncupatum,
1312 4455 1504 4551 quod
1551 4464 1665 4530 est
1714 4456 1900 4531 citra
1955 4462 2028 4531 et
2073 4480 2298 4554 prope
2351 4457 2680 4531 Imolam.
2741 4457 3170 4553 Reperimus
3217 4449 3366 4529 illud

746 4582 933 4657 adeo
982 4580 1391 4657 excrevisse
1442 4582 1639 4677 quod
1685 4581 1862 4656 illud
1913 4606 2368 4679 nequaquam
2402 4586 2843 4678 pertransire
2878 4584 3260 4682 potuimus,
3307 4580 3366 4651 et

740 4708 1085 4783 continuo
1124 4708 1619 4785 excrescebat.
1656 4707 2097 4781 Retrocessit
2127 4706 2348 4805 igitur
2374 4708 2610 4805 primo
2641 4710 2877 4805 major
2902 4732 3072 4806 pars
3101 4704 3362 4791 familie,

745 4837 819 4907 et
838 4854 971 4927 per
990 4833 1253 4907 multas
1278 4833 1499 4909 horas
1526 4832 1808 4929 legatus
1831 4856 2060 4929 usque
2087 4832 2174 4906 ad
2202 4832 2516 4930 hospitia
2544 4832 2724 4908 citra
2747 4841 2820 4908 et
2841 4835 3052 4930 juxta
3069 4837 3368 4909 Castrum

744 4953 1131 5053 Bolognesi
1190 4956 1314 5030 ubi
1371 4957 1529 5054 ipse
1588 4955 1662 5031 in
1720 4956 2038 5054 hospitio
2094 4962 2292 5031 Lune
2335 4964 2408 5037 et
2455 4980 2590 5033 nos
2627 4958 2701 5032 in
2743 4962 3112 5058 Campana
3155 4963 3227 5033 et
3265 4950 3366 5027 alii

744 5078 923 5155 alias
950 5078 1295 5177 hospitati
1328 5103 1605 5171 sumus,
1636 5081 1824 5157 bene
1851 5104 2133 5157 omnes.

842 5204 1187 5295 SabbatO,
1224 5209 1311 5281 13
1342 5206 1655 5301 augusti,
1690 5208 1932 5281 audita
1960 5208 2206 5298 missa,
2239 5208 2522 5305 legatus
2540 5210 2844 5285 recessit
2869 5232 2960 5285 ex
2989 5232 3118 5285 suo
3146 5203 3364 5300 hospi-
