3625 6059
323 615 646 676 [Decembre
677 615 820 675 1499]
988 614 1242 671 RERUM
1291 609 1743 672 URBANARUM
1795 616 2318 672 COMMENTARII.
2882 621 2987 674 595

321 765 918 862 persuasionibus
960 774 1230 864 posset,
1270 768 1553 843 volebat
1587 794 1628 843 a
1659 777 1921 867 nepote
1957 793 2086 844 suo
2121 768 2243 866 qui
2276 777 2593 842 armatus
2626 777 2805 860 erat,
2840 777 2912 844 et
2944 795 2986 843 a

323 889 793 963 servitoribus
851 892 996 964 suis
1051 915 1219 966 eum
1277 893 1649 984 associari,
1707 895 1902 991 quod
1954 895 2073 968 ille
2128 895 2423 970 omnino
2478 895 2852 985 recusavit,
2913 903 2987 968 et

321 1015 693 1092 neminem
733 1015 1006 1092 habere
1045 1017 1268 1092 voluit
1309 1043 1324 1092 ε
1367 1043 1794 1117 persuasum
1824 1020 2051 1096 fuitei
2083 1027 2163 1094 ut
2190 1019 2639 1119 permitteret
2668 1019 2982 1116 aliquem

313 1141 518 1238 prius
559 1140 858 1216 domum
898 1143 1092 1218 exire
1124 1144 1245 1239 qui
1287 1144 1861 1242 perspiceret'ne
1904 1146 2061 1242 quis
2104 1154 2483 1244 suspectus
2520 1144 2595 1217 in
2632 1144 2747 1218 via
2784 1151 2983 1218 tran-

315 1265 498 1340 siret
526 1266 642 1340 vel
673 1274 1118 1365 expectaret,
1151 1269 1382 1342 noluit
1417 1274 1489 1344 et
1516 1269 1590 1344 id
1619 1271 1804 1361 fieri,
1842 1269 1970 1344 sed
2002 1271 2195 1345 solus
2236 1271 2433 1346 exire
2462 1271 2717 1344 libere.
2754 1270 2985 1344 Exivit

311 1390 556 1487 igitur,
593 1400 894 1490 accepto
921 1394 1076 1468 solo
1107 1417 1284 1468 ense
1317 1417 1475 1486 suo,
1511 1394 1806 1468 domum
1837 1397 2237 1494 predictam
2266 1397 2461 1470 circa
2481 1395 2741 1471 horam
2772 1420 2984 1493 quar-

309 1521 460 1588 tam
491 1516 755 1607 noctiS,
791 1523 864 1591 et
901 1541 1048 1592 non
1077 1518 1293 1618 longe
1326 1521 1416 1594 ab
1456 1521 1644 1594 ostio
1689 1521 1778 1594 ad
1820 1521 2115 1595 domum
2150 1547 2227 1594 se
2270 1521 2611 1609 firmavi13
2648 1543 2791 1618 quo
2823 1521 2979 1618 ipso

313 1638 590 1714 ibidem
654 1647 915 1731 stante,
964 1652 1429 1718 accesserunt
1476 1643 1618 1719 (100
1678 1645 2003 1720 dicentes
2054 1670 2070 1718 :
2127 1646 2265 1719 Chi
2306 1649 2341 1717 ἑ
2383 1646 2499 1718 la?
2541 1643 2974 1742 Respondit:

309 1763 424 1856 In,
465 1767 728 1854 (φάεος
761 1775 833 1841 et
864 1791 1031 1843 cum
1065 1770 1162 1843 1111
1194 1770 1668 1867 impetuosius
1700 1770 2231 1868 interrogarent
2268 1795 2285 1843 ε
2329 1769 2467 1844 Clu?
2496 1772 2763 1844 amico?
2792 1771 2978 1845 Sub-

309 1890 550 1986 junxit
581 1890 702 1965 ille
740 1916 754 1964 :
791 1891 1156 1967 Johannes
1202 1894 1580 1969 Cervillon.
1630 1899 1786 1980 Quo
1830 1895 1944 1970 vix
1986 1895 2205 1986 dicto,
2248 1895 2611 1970 irruerunt
2656 1895 2727 1968 in
2768 1919 2971 1984 eum3

309 2039 496 2088 unus
529 2015 846 2112 pugione
872 2018 984 2091 vel
1015 2017 1253 2114 gladio
1286 2019 1355 2091 in
1381 2024 1684 2116 ,pectore
1714 2019 1998 2093 duobus
2032 2018 2292 2094 ictibus
2322 2019 2716 2093 vulneravit
2746 2047 2762 2106 3
2798 2020 2980 2093 alter

301 2141 526 2216 unico
561 2140 706 2215 ictu
748 2149 963 2239 caput
1003 2142 1070 2216 01
1115 2142 1408 2231 abcidit,
1460 2149 1530 2218 et
1571 2144 1787 2217 ambo
1828 2144 2293 2242 aufugerunt.
2344 2149 2583 2241 Nepos
2626 2150 2700 2219 et
2739 2143 2855 2217 alii
2901 2144 2974 2216 in

299 2265 524 2340 domo
564 2265 891 2363 predicta
929 2269 1349 2358 existentes,
1395 2276 1468 2342 et
1507 2292 1766 2342 sonum
1803 2270 2191 2343 verborum
2228 2269 2581 2342 Johannis
2620 2266 2974 2341 Cervillon

297 2390 682 2465 audientes
715 2400 785 2466 et
819 2391 1033 2465 simul
1061 2393 1284 2467 ictum
1315 2393 1532 2490 gladii
1571 2393 1921 2484 ferientiS,
1963 2402 2263 2492 repente
2306 2393 2636 2468 exierunt
2676 2391 2974 2466 domum

297 2515 524 2589 visuri
571 2515 745 2613 quid
788 2522 1016 2604 esset3
1066 2517 1516 2613 reperierunt
1554 2518 1962 2593 Johannem
2012 2519 2367 2593 Cervillon
2402 2517 2494 2592 ad
2535 2542 2824 2591 murum
2856 2519 2973 2614 ja-

304 2649 596 2715 centem
641 2649 714 2715 et
757 2642 1080 2717 nondum
1128 2645 1583 2741 evaginatum
1620 2667 1872 2718 ensem
1913 2669 2134 2719 manu
2178 2648 2575 2732 tenentem,
2621 2649 2839 2741 eaput
2880 2643 2971 2715 ab

302 2766 445 2840 alia
493 2774 694 2866 parte
734 2768 806 2841 in
850 2775 1066 2860 terra,
1121 2775 1194 2843 et
1241 2768 1518 2842 nullum
1571 2769 1917 2843 indicium
1966 2793 2220 2845 eorum
2268 2769 2387 2866 qui
2432 2768 2575 2841 hoc
2622 2768 2970 2842 fecissent

299 2891 414 2965 vel
459 2892 947 2966 cucurrissent
978 2891 1253 2967 habere
1295 2899 1709 2991 potuerunt.
1756 2898 1927 2968 Post
1968 2895 2240 2968 factum
2283 2894 2449 2982 hoc,
2486 2893 2559 2966 in
2601 2915 2813 2966 mane
2848 2916 2965 2965 se-

301 3016 584 3116 quenti,
629 3016 921 3090 fuerunt
965 3020 1092 3090 SS.
1143 3021 1229 3090 D.
1280 3021 1363 3090 N.
1408 3041 1593 3116 pape
1639 3043 1772 3116 per
1809 3023 1895 3092 D.
1944 3019 2502 3115 gubernatorem
2546 3017 2757 3091 Urbis
2800 3041 2967 3114 pre-

302 3142 498 3216 dicta
548 3140 810 3233 relata,
871 3148 941 3215 et
998 3165 1075 3218 se
1129 3143 1452 3241 predicto
1512 3167 1682 3216 casu
1752 3142 2136 3217 occisionis
2203 3142 2551 3215 Johannis
2609 3140 2965 3215 Cervillon

307 3263 679 3340 intellecto
716 3264 972 3339 eadem
1007 3271 1247 3358 nocte,
1284 3291 1626 3364 magnam
1655 3267 2102 3364 diligentiam
2148 3266 2563 3341 adhibuisse
2596 3270 2669 3338 et
2698 3269 2784 3338 D.
2820 3263 2968 3336 Eli-

303 3413 510 3464 seum
539 3413 624 3464 ac
657 3413 910 3465 omnes
940 3391 1030 3474 de
1056 3390 1273 3464 domo
1309 3392 1398 3466 de
1437 3393 1772 3466 omnibus
1804 3393 2189 3490 diligenter
2217 3391 2737 3468 examinavisse
2777 3415 2792 3464 :
2827 3389 2967 3466 hec

303 3514 682 3588 Sanctitati
723 3538 852 3589 sue
892 3514 1203 3606 dicebat,
1248 3539 1364 3590 me
1405 3524 1770 3615 presente,
1821 3517 2267 3615 subjungens
2307 3515 2503 3612 quod
2532 3537 2699 3588 cum
2737 3537 2969 3612 nepos

302 3647 378 3714 et
423 3640 544 3713 alii
594 3639 891 3714 domum
937 3639 1170 3737 ipsam
1205 3641 1592 3715 exivissent
1640 3649 1712 3714 et
1751 3647 2117 3714 mortuum
2159 3641 2569 3715 Johannem
2614 3637 2966 3714 Cervillou

303 3771 381 3839 et
420 3765 791 3840 neminem
829 3765 904 3838 in
943 3764 1060 3838 illa
1099 3766 1210 3839 via
1246 3766 1711 3857 invenissent,
1756 3773 2196 3840 concurrunt
2240 3767 2331 3839 ad
2365 3767 2547 3840 viam
2590 3771 2862 3838 rectam
2896 3762 2967 3834 in

307 3913 455 3986 qua
483 3914 630 3963 non
668 3888 884 3986 longe
925 3889 1350 3972 invenerunt
1390 3915 1696 3988 puerum
1725 3913 1947 3987 quem
1987 3889 2614 3987 interrogaverunt
2653 3889 2712 3962 si
2748 3911 2967 3985 quem

309 4015 642 4102 vidisset;
677 4014 1048 4112 respondit
1091 4038 1167 4090 30
1200 4016 1563 4090 neminem
1603 4014 1868 4088 vidisse
1908 4018 2151 4112 preter
2178 4012 2321 4087 duo
2366 4015 2488 4111 qui
2526 4014 2971 4088 intraverunt

307 4139 509 4213 illam
539 4163 833 4237 parvam
862 4140 1077 4229 viam,
1121 4148 1193 4216 et
1237 4141 1402 4215 inde
1442 4165 1576 4238 per
1610 4141 1921 4240 plateam
1963 4161 2299 4234 magnam
2342 4137 2601 4213 stabuli
2642 4136 2829 4211 Rmi.
2876 4137 2962 4206 D.

307 4265 724 4340 cancellarii
747 4265 1207 4362 aufugerunt,
1243 4289 1379 4341 000
1403 4266 1639 4362 potius
1662 4265 1766 4340 eis
1797 4263 1993 4338 aliud
2010 4262 2360 4361 judicium
2389 4264 2559 4339 dare
2582 4261 2971 4360 quiessent

307 4389 442 4465 illi.
489 4392 752 4487 Sicque
793 4414 1069 4488 pauper
1094 4390 1214 4464 ille
1246 4390 1595 4464 Cervillon
1635 4393 1901 4465 acerba
1938 4396 2168 4465 morte
2204 4391 2420 4464 vitam
2464 4387 2726 4477 finivit;
2765 4387 2969 4484 cujus

308 4516 620 4589 cadaver
663 4513 1000 4588 adstatim
1048 4537 1178 4612 per
1225 4516 1606 4590 servitores
1647 4540 1814 4591 suos
1851 4524 2214 4614 portatum
2264 4516 2396 4588 fuit
2444 4513 2534 4588 ad
2583 4511 2968 4588 ecclesiam

313 4639 386 4710 b.
431 4637 658 4714 Marie
702 4638 1255 4735 Transpontine,
1300 4646 1371 4714 et
1401 4640 1668 4715 ibidem
1703 4641 2113 4738 depositum
2152 4641 2309 4714 sine
2348 4661 2640 4738 pompa,
2686 4645 2766 4710 ut
2802 4658 2970 4734 pre-

307 4764 643 4840 mittitur.

409 4891 542 4965 Die
574 4894 799 4982 Lune,
847 4897 936 4965 23
979 4891 1250 4965 mensis
1291 4890 1726 4983 decembriS,
1771 4900 1937 4967 ante
1968 4892 2222 4966 horam
2268 4889 2546 4989 prandii
2580 4892 2706 4963 SS.
2754 4891 2840 4960 D.
2878 4888 2961 4960 N.

313 5019 388 5092 in
417 5020 506 5091 D.
555 5015 982 5090 Bernardini
1015 5016 1323 5091 Gutterii
1359 5024 1432 5093 et
1473 5021 1600 5092 SS.
1639 5023 1725 5092 D.
1771 5021 1857 5093 N.
1903 5017 2275 5092 familiaris
2316 5017 2577 5090 secreti
2610 5020 2683 5089 et
2720 5013 2866 5089 mei
2897 5019 2969 5086 et

309 5142 610 5218 alterius
641 5142 900 5218 melius
931 5142 1356 5240 exponentis
1397 5143 1786 5240 presentia,
1820 5151 2204 5240 postquam
2235 5142 2428 5217 idem
2459 5143 2586 5215 SS.
2633 5143 2718 5214 D.
2754 5144 2839 5213 N.
2876 5139 2968 5214 de

305 5291 481 5343 casu
511 5265 931 5366 hujusmodi
963 5289 1216 5364 parum
1248 5267 1602 5360 doluerat,
1637 5267 2100 5367 interrogavit
2144 5290 2262 5343 me
2303 5267 2475 5365 quid
2510 5287 2642 5364 pro
2672 5265 2971 5339 inchoa-
