3625 6059
246 588 563 652 [Dt'ssssembl'ss
592 589 729 653 1497]
917 589 1171 648 RERUM
1218 587 1671 646 URBANARUM
1720 586 2248 646 COMMENTARII.
2815 587 2922 641 417

244 765 554 837 quorum
596 740 802 814 multi
842 748 1071 834 erant,
1110 749 1183 816 et
1222 742 1469 816 salmis
1506 765 1643 816 Lxx
1678 766 1693 814 ε
1730 746 2082 816 venerunt
2119 764 2288 815 cum
2328 763 2417 814 eo
2459 737 2712 837 prelati
2751 763 2916 836 sep-

244 873 411 956 tem,
466 865 806 939 videlicet
856 870 1001 939 RR.
1059 871 1195 941 ΡΡ.
1259 873 1408 942 DD.
1465 867 1693 941 Julius
1732 870 1951 942 Cesar
1960 922 2138 940 ......
2154 924 2172 958 ,
2215 865 2529 940 Thomas
2587 865 2916 940 Cervien-

242 991 362 1080 εἰς,
399 991 779 1065 Johannes
816 991 1238 1066 Dominicus
1273 991 1757 1066 Terdonensis
1786 997 1860 1066 et
1889 991 2280 1065 Emilianus
2310 991 2453 1065 dux
2485 990 2912 1064 Comaclen-

243 1117 335 1187 sis
374 1113 503 1213 (1),
553 1117 923 1214 episcopi3
976 1120 1231 1191 Petrus
1288 1116 1378 1192 de
1424 1117 1759 1215 Scipione
1808 1141 1868 1189 s.
1929 1115 2364 1189 Lanfranchi
2417 1112 2910 1189 Cisterciensis

243 1239 538 1330 ordiniS,
578 1240 953 1337 Papiensis
986 1241 1326 1332 diecesiS,
1371 1243 1787 1316 Leonardus
1826 1243 2282 1328 Vicecomes,
2318 1264 2377 1313 s.
2424 1238 2610 1315 Celsi
2641 1238 2912 1312 Medio-

240 1365 585 1452 lanensiS‚
637 1365 911 1440 ordinis
960 1392 1019 1440 s.
1071 1367 1470 1459 Benedicti,
1518 1367 1879 1441 minorum
1910 1367 2239 1466 perpetui
2280 1364 2904 1454 commendam-ii,

244 1497 305 1564 et
360 1490 779 1565 Alexander
826 1492 1203 1583 Cribellus,
1270 1493 1681 1591 prepositus
1733 1492 2040 1567 ecclesie
2090 1516 2148 1565 s,
2199 1492 2393 1566 Petri
2444 1490 2533 1564 ad
2582 1490 2901 1580 Ulmum,

242 1615 803 1693 Mediolanensis
842 1616 1176 1707 diecesiS‚
1223 1617 1414 1693 sedis
1459 1617 1856 1715 apostolice
1903 1595 2377 1714 protonotarii
2424 1622 2495 1691 et
2545 1620 2630 1690 D.
2679 1614 2905 1690 Julius

242 1743 324 1816 de
372 1741 605 1831 Estis‚
657 1743 883 1818 frater
932 1767 1106 1816 suus
1164 1743 1509 1816 naturalis
1568 1749 1639 1817 et
1695 1743 1938 1839 plures
1996 1742 2115 1817 alii
2163 1741 2444 1817 nobiles
2493 1741 2615 1838 qui
2662 1745 2906 1814 tamen

242 1891 485 1942 omnes
531 1869 609 1941 in
660 1892 963 1944 numero
1009 1891 1135 1943 ccc
1172 1868 1496 1964 equitum
1547 1874 1713 1942 sunt
1757 1867 2295 1965 comprehensi.
2345 1872 2724 1944 Venerunt
2771 1863 2906 1938 sibi

245 1993 515 2066 obviam
544 1986 801 2068 RRmi.
840 1998 991 2068 DD.
1026 1994 1381 2067 Ascanius
1408 1992 2042 2068 vicecancellarius
2073 2000 2144 2068 et
2173 1994 2263 2067 de
2291 2017 2350 2065 s.
2379 1990 2726 2067 Severino
2755 2013 2910 2065 car-

249 2117 513 2192 dinales
544 2143 682 2216 per
718 2126 1045 2216 quartam
1080 2125 1362 2217 partem
1400 2117 1613 2191 unius
1646 2115 1968 2192 milliaris
1997 2118 2111 2192 vel
2155 2117 2369 2208 circa,
2407 2123 2478 2192 et
2522 2139 2692 2190 eum
2719 2116 2912 2190 inter

253 2269 321 2317 se
352 2233 674 2318 medium
707 2243 1099 2333 duxerunt3
1133 2245 1403 2341 pariter
1432 2250 1636 2318 extra
1665 2249 1948 2340 portam
1976 2242 2065 2316 de
2099 2242 2374 2339 Populo
2405 2241 2598 2316 venit
2628 2240 2908 2314 obviam

254 2368 627 2443 cardinalis
678 2395 737 2442 s.
775 2370 1022 2443 Crucis
1052 2371 1173 2465 qui
1212 2371 1491 2466 recepit
1526 2393 1691 2442 eum
1724 2369 1815 2443 ad
1847 2367 2246 2457 dexteram,
2282 2366 2438 2441 aliis
2471 2365 2748 2439 duobus
2784 2388 2912 2440 eos

258 2495 744 2590 sequentibus.
792 2493 1343 2570 Descenderunt
1384 2503 1553 2570 ante
1603 2495 1834 2568 scalas
1879 2501 1950 2569 et
1997 2493 2438 2569 cardinalem
2483 2514 2746 2565 novum
2791 2489 2916 2564 de-

260 2620 596 2694 duxerunt
623 2645 857 2717 usque
884 2620 975 2694 ad
1000 2621 1227 2696 altare
1257 2621 1404 2711 ubi,
1433 2613 1757 2695 oratione
1779 2642 1912 2717 per
1937 2643 2192 2694 omnes
2219 2618 2435 2709 sacta,
2463 2617 2910 2692 associarunt

266 2743 481 2840 ipsum
531 2744 978 2820 cardinalem
1024 2768 1255 2842 usque
1312 2745 1403 2819 ad
1461 2741 1739 2819 ostium'
1778 2743 2103 2817 sacristie
2150 2743 2298 2835 ubi,
2347 2763 2532 2816 novo
2581 2740 2906 2831 dimisse,

263 2876 711 2945 recesserunt
739 2869 829 2943 ab
874 2893 962 2945 eo
1004 2877 1151 2944 tres
1190 2870 1463 2966 antiqui
1510 2869 1915 2943 cardinales
1951 2893 1966 2942 :
2002 2869 2140 2942 hec
2169 2891 2304 2965 per
2338 2867 2474 2940 hos
2504 2874 2652 2940 tres
2679 2863 2913 2939 cardi·

264 2995 443 3069 nales
498 2995 695 3069 facta
750 2999 914 3068 sunt
967 3000 1209 3091 preter
1261 2994 1506 3067 solitas
1556 2999 1629 3068 et
1682 2993 2195 3067 convenientes
2253 2989 2731 3078 ceremonias,
2779 3010 2911 3086 pro

174 3141 179 3147 ·
269 3141 493 3212 eorum
516 3119 814 3218 propria
844 3125 917 3193 et
946 3143 1149 3194 mera
1175 3118 1544 3193 voluntate
1576 3126 1650 3192 et
1674 3117 2088 3217 particulari
2113 3117 2466 3191 interesse
2495 3119 2714 3213 prout
2736 3135 2914 3209 quo-

273 3243 425 3318 tidie
456 3244 723 3320 similia
763 3253 837 3320 et
874 3244 1114 3318 minus
1150 3243 1681 3332 convenientia,
1717 3242 1835 3316 his
1874 3242 2140 3315 nostris
2189 3239 2654 3337 temporibuS,
2700 3236 2907 3311 fiunt.

273 3369 650 3444 Cardinalis
692 3391 917 3442 novus
958 3368 1285 3444 ascendit
1332 3390 1700 3442 cameram
1745 3364 1933 3440 Rmi.
1982 3365 2610 3442 D.‘Ulixbonensis
2650 3388 2784 3462 pro
2823 3385 2912 3438 eo

273 3501 593 3588 paratam,
622 3493 749 3567 ubi
775 3493 1065 3590 quievit,
1092 3516 1297 3568 more
1330 3492 1567 3567 solito.
1600 3490 1852 3566 Socius
1884 3514 2091 3565 meus
2120 3491 2422 3566 recessit
2451 3515 2494 3564 a
2522 3513 2642 3564 me
2672 3487 2913 3565 eundo

276 3617 529 3693 obviam
572 3620 905 3717 predicto
936 3642 1121 3693 novo
1153 3617 1494 3694 cardinali
1528 3643 1757 3714 usque
1790 3619 1880 3692 ad
1911 3623 2206 3716 pontem
2246 3617 2598 3705 Milvium3
2633 3613 2912 3688 extrahi

280 3741 425 3817 fecit
450 3745 896 3843 capuccium,
934 3742 1355 3818 mantellum
1386 3743 1583 3840 quod
1621 3744 1795 3817 satis
1833 3744 2044 3817 breve
2078 3743 2228 3816 erat
2255 3743 2398 3832 (vix
2429 3740 2624 3816 enim
2655 3746 2910 3836 tange-

280 3867 381 3941 bat
437 3877 729 3969 terram)
767 3877 837 3945 et
879 3869 1154 3967 imponi
1201 3868 1371 3943 fecit
1420 3867 1549 3942 sibi
1612 3891 1916 3965 cappam
1970 3866 2492 3940 cardinalarem
2547 3869 2712 3938 cum
2770 3887 2911 3960 qua

281 3996 613 4088 equitavit,
658 4001 737 4069 ut
766 3994 989 4070 moris
1016 4001 1127 4069 est
1162 4018 1177 4066 :
1216 3993 1638 4068 mantellum
1672 3999 1744 4066 et
1778 3991 2274 4089 capuccinum‚
2307 4012 2447 4085 que
2481 4013 2570 4064 ex
2600 4011 2908 4062 consue-

284 4121 499 4197 tudine
528 4123 743 4196 nobis
782 4120 1197 4210 deveniunt,
1233 4145 1365 4218 pro
1409 4121 1619 4195 nobis
1652 4119 1807 4216 ipse
1849 4118 2086 4191 socius
2123 4138 2329 4191 meus
2372 4111 2781 4201 reservavit,
2817 4113 2906 4186 de

288 4243 512 4336 quibus
541 4253 795 4344 postea
822 4242 1100 4344 pai-tem
1127 4268 1365 4319 meam
1390 4243 1633 4318 habui.

371 4369 699 4467 Sequenti
753 4393 965 4444 mane
1018 4369 1293 4457 martis,
1354 4373 1440 4441 12
1492 4367 1926 4457 decembriS‚
1973 4366 2214 4441 audita
2263 4390 2394 4463 per
2442 4387 2703 4439 novum
2748 4387 2908 4438 car-

291 4490 571 4570 dinalem
628 4497 851 4570 missa
899 4495 973 4568 in
1030 4518 1321 4569 camera
1378 4518 1530 4584 sua,
1591 4498 1660 4567 et
1702 4492 2074 4590 jantaculo
2135 4515 2262 4564 seu
2331 4488 2716 4564 collatione
2779 4511 2912 4586 per

290 4612 498 4710 ipsum
534 4621 751 4713 facta,
799 4626 1152 4697 venerunt
1204 4621 1297 4694 ad
1342 4623 1777 4696 conventum
1826 4616 2098 4713 antiqui
2143 4615 2548 4690 cardinales
2594 4613 2671 4686 in
2718 4613 2909 4688 Urbe

295 4740 649 4821 existentes
705 4746 1007 4845 predicti
1059 4771 1118 4820 s.
1175 4745 1491 4842 Georgii,
1539 4741 1801 4818 deinde
1857 4741 2366 4838 Neapolitanus
2417 4746 2490 4814 et
2537 4739 2907 4827 Senensis,

296 4869 441 4940 tunc
482 4869 623 4962 alii,
672 4872 931 4971 quibus
974 4872 1168 4946 venit
1216 4870 1495 4944 obviam
1542 4866 1915 4966 predictus
1967 4889 2191 4940 novus
2241 4864 2627 4940 cardinalis
2682 4862 2912 4938 dedu-

296 5011 443 5065 cens
507 4999 784 5072 eos'ad
845 4999 1089 5072 locum
1149 4995 1579 5093 predictum,
1642 4993 1990 5066 diaconos
2053 4992 2143 5065 ad
2209 4991 2599 5065 sinistram.
2685 4991 2914 5085 Caput

352 5177 393 5318 ἶ.
412 5181 722 5324 4Emilianus
750 5183 892 5241 dans
922 5189 1047 5241 tous
1066 5181 1146 5239 les
1175 5201 1309 5239 mss.
1346 5181 1385 5238 ll
1407 5181 1523 5238 faut
1549 5179 1645 5236 lire
1679 5141 2021 5236 illalctdusius
2053 5175 2304 5250 (d’Este).
2331 5177 2470 5253 Voy.
2497 5173 2734 5251 Ughelli,
2769 5133 2824 5231 t..
2846 5173 2912 5242 11,

298 5277 384 5322 c0.
444 5269 524 5330 86.

553 5415 599 5456 τ.
636 5421 691 5459 11.
2389 5467 2402 5482 ⁰
2529 5394 2601 5450 27
