3625 6059
251 531 418 595 [Avril
449 530 598 591 1493]
945 529 1198 588 RERUM
1244 527 1700 585 URBANARUM
1750 528 2269 589 COMMENTARH.
2866 538 2939 594 63

259 685 574 759 flexione
605 711 626 773 ;
665 683 866 759 venit
904 706 1132 781 prope
1171 682 1618 759 credentiam
1649 690 1722 758 et
1751 684 2030 783 accepit
2064 687 2429 784 planetam
2460 690 2939 786 compositam

259 810 550 908 nigram
583 830 812 906 super
849 807 1238 881 humerum
1277 806 1690 899 sinistrum3
1726 830 1931 883 more
1970 809 2213 902 solite,
2268 811 2503 885 dixit':
2550 812 2834 887 Munda
2867 822 2940 890 et

255 936 428 1023 alia,
455 942 530 1011 ut
557 934 788 1011 moris
817 940 956 1009 est.
994 938 1430 1008 Procurator
1457 934 1732 1009 ordinis
1751 933 2287 1011 carmelitarum
2308 936 2478 1010 fecit
2498 938 2931 1030 orationem,

255 1066 506 1135 Rmus.
543 1064 630 1134 D.
667 1058 1058 1135 cardinalis
1079 1058 1624 1156 NeapolitanuS,
1658 1058 1732 1132 in
1757 1059 1903 1134 fine
1926 1058 2275 1135 orationis
2308 1068 2439 1158 pr‘o
2466 1059 2930 1157 imperatore,

253 1186 500 1263 omisit
538 1185 764 1261 verba
811 1209 828 1258 :
871 1185 1024 1260 Per
1076 1184 1468 1259 Dominum
1510 1198 1831 1261 nostram
1890 1186 2141 1259 Jeszcm
2194 1186 2557 1259 Christum
2603 1197 2764 1271 ete..
2800 1212 2937 1262 nec

258 1310 396 1389 suit
437 1333 878 1408 responsum
925 1334 1057 1409 per
1089 1315 1441 1385 cantores
1483 1312 1724 1386 Amen
1742 1340 1776 1402 ,·
1817 1312 1946 1387 sed
1992 1313 2183 1387 dicta
2225 1336 2358 1410 per
2398 1328 2564 1385 eum
2601 1337 2618 1385 ε
2654 1312 2939 1389 dextera

257 1449 745 1528 conterantur,
783 1437 874 1511 ad
905 1436 1150 1513 statim
1192 1438 1343 1513 sive
1378 1460 1586 1513 mora
1623 1438 2065 1513 continuavit
2102 1462 2117 1511 :
2174 1437 2499 1528 Oremm,
2537 1464 2667 1537 pro
2710 1441 2947 1515 cathe-

257 1562 574 1635 ctmoenis
627 1563 910 1653 nostris,
973 1586 1106 1660 per
1169 1562 1772 1639 inadvertentiam
1832 1569 1905 1638 et
1965 1570 2317 1639 errorem.
2380 1567 2460 1635 In
2522 1564 2943 1642 adoratione

257 1688 528 1775 cruam,
563 1691 695 1762 SS.
733 1692 820 1761 D.
861 1694 1111 1762 noster
1139 1688 1396 1763 obtulit
1425 1713 1561 1762 xxv
1587 1688 1893 1763 ducatos
1931 1688 2003 1761 in
2048 1712 2225 1762 auro
2263 1688 2533 1786 largos„
2570 1693 2947 1766 Venerunt

260 1838 432 1887 cum
465 1837 556 1889 eo
591 1813 938 1889 Senensis
981 1819 1054 1889 et
1089 1813 1533 1887 camerarius
1565 1813 1971 1888 cardinales
2012 1819 2083 1888 et
2122 1818 2285 1911 post
2325 1837 2494 1886 eum
2532 1815 2945 1911 patriarcha

257 1938 816 2035 AquilesiensiS‚
856 1937 1272 2013 Arelatinus
1322 1944 1394 2014 et
1433 1939 1869 2014 Cusentinus
1908 1939 2438 2038 archiepiscopi
2484 1942 2937 2033 assistenteS,

259 2062 422 2137 aliis
476 2063 988 2139 assistentibus
1039 2064 1114 2138 in
1163 2087 1418 2139 eorum
1468 2064 1632 2140 loco
1681 2065 2303 2162 permanentibus,
2352 2064 2673 2141 Adorata
2726 2092 2943 2144 cruce

259 2212 394 2286 per
449 2194 752 2287 Papam,
797 2196 1264 2266 accesserunt
1319 2188 1411 2265 ad
1469 2190 1970 2264 adorationem
2029 2190 2432 2264 cardinales
2488 2190 2944 2266 celebrantes

257 2336 428 2387 cum
463 2313 961 2406 Ulixbonensi,
997 2315 1530 2390 Rechanatensi
1561 2323 1635 2388 et
1666 2339 1725 2388 s.
1763 2313 2181 2390 Clementis.
2227 2314 2499 2389 Deinde
2532 2315 2650 2389 alii
2686 2340 2942 2391 omnes

261 2438 410 2513 bini
444 2462 616 2513 cum
637 2438 1170 2529 assistentibus,
1195 2438 1458 2514 deinde
1491 2438 1615 2513 alii
1642 2438 1968 2537 episcopi
1995 2464 2038 2514 a
2064 2438 2370 2513 sinistris
2404 2439 2617 2514 electi
2648 2442 2944 2516 Oloren-

261 2563 356 2637 sis
397 2562 889 2637 adoraverunt
939 2589 954 2635 :
1003 2564 1544 2661 protonotarius
1589 2564 1935 2639 assistens
1979 2565 2068 2639 de
2108 2568 2563 2658 Sermonem,
2601 2571 2763 2665 post
2814 2592 2941 2642 eos

259 2688 684 2784 capitaneus
725 2687 1034 2761 ecclesie
1075 2710 1244 2763 cum
1283 2688 1662 2786 capitaneo
1700 2688 1946 2786 palatii
1994 2698 2147 2765 tum
2187 2693 2663 2788 protonotarii
2704 2699 2777 2768 et
2818 2694 2937 2767 alii

259 2818 328 2887 et
363 2811 490 2886 alii
527 2834 736 2887 more
779 2810 1039 2902 solito;
1081 2810 1254 2885 dum
1285 2812 1628 2888 Senensis
1659 2819 1733 2888 et
1761 2814 2202 2889 camerarius
2242 2816 2655 2909 adorarent,
2690 2818 2939 2892 Sabel-

256 2940 374 3015 lus
401 2948 480 3015 et
509 2938 864 3014 Columna
891 2937 1317 3013 assisterunt
1344 2942 1564 3037 Pape.

359 3063 600 3139 Finita
655 3062 1080 3137 adoratione
1123 3070 1197 3137 et
1249 3062 1600 3163 candelisss
1619 3062 1975 3153 accensiS,
2024 3066 2219 3160 Papa
2268 3062 2461 3137 venit
2509 3064 2601 3137 ad
2650 3086 2941 3161 parvam

251 3189 618 3287 capellam
648 3210 784 3286 pro
813 3193 1268 3263 sacramento
1301 3211 1504 3265 more
1543 3190 1784 3265 solito.
1822 3187 2219 3264 cardinalis
2250 3189 2629 3265 celebrans
2660 3213 2943 3265 reman-

257 3315 452 3389 sitin
484 3312 750 3413 maJori
795 3314 1074 3412 capella
1109 3313 1182 3388 in
1213 3315 1607 3391 faldistorio
1649 3339 1782 3390 suo
1825 3322 1926 3407 et,
1960 3315 2353 3390 accedente
2387 3320 2605 3415 Papa,
2637 3317 2938 3393 calicem

263 3468 478 3517 suum
505 3466 680 3519 cum
709 3450 1162 3518 sacramento
1183 3446 1424 3541 posuit
1455 3469 1674 3544 super
1701 3442 2104 3543 corporale,
2130 3449 2203 3517 et
2223 3443 2549 3542 pontifici
2574 3442 2666 3519 ad
2690 3442 2939 3521 sedem

261 3592 592 3661 reverso,
625 3574 1063 3667 prosecutus
1107 3577 1219 3646 est
1261 3572 1621 3662 officium3
1667 3577 1740 3645 et
1778 3570 1921 3645 alia
1960 3570 2339 3643 observata
2380 3574 2546 3643 sunt
2580 3592 2785 3645 more
2826 3593 2944 3642 so-

253 3698 414 3773 lito.
451 3696 812 3772 Fimbrias
830 3700 1052 3795 Pape,
1089 3721 1180 3773 ex
1211 3722 1502 3774 camera
1532 3705 1798 3772 etcum
1831 3699 2025 3793 Papa
2054 3696 2193 3769 iret
2222 3718 2353 3793 pro
2378 3700 2837 3769 sacramento
2868 3698 2939 3767 et

255 3822 528 3899 deinde
571 3821 876 3912 rediret,
911 3822 1672 3923 portavit-patriarcha
1697 3820 2221 3919 Aquilesiensis
2250 3818 2525 3916 primus
2556 3818 2932 3907 assistens,

253 3952 414 4041 sed,
473 3956 676 4049 Papa
725 3951 818 4025 ad
865 3972 1239 4025 cameram
1286 3948 1662 4040 redeunte,
1711 3946 2024 4046 portavit
2066 3944 2660 4042 archiepiscopus
2687 3942 2939 4016 Arela-

255 4077 480 4151 tinus.

355 4199 604 4276 Pridie
637 4198 996 4293 videlicet,
1030 4204 1070 4275 3
1108 4200 1357 4298 hujus,
1395 4203 1588 4297 Papa
1615 4222 1746 4295 pro
1781 4195 2151 4272 matutinis
2182 4219 2261 4270 se
2290 4200 2619 4294 parante,
2655 4192 2937 4292 episco-

251 4350 388 4424 pus
421 4324 828 4414 sitifiensis,
865 4331 1112 4400 orator
1142 4324 1332 4422 regis
1375 4323 1715 4422 Ungarie,
1748 4322 1923 4420 legit
1954 4345 2200 4398 coram
2230 4321 2575 4420 pontifice
2602 4328 2675 4397 et
2704 4320 2938 4396 cardi-

251 4452 546 4527 nalibus
579 4450 851 4525 ibidem
892 4448 1638 4549 presentibus-literas
1669 4446 1999 4546 ejusdem
2042 4446 2233 4545 regis
2272 4446 2505 4546 prima
2542 4446 2659 4519 die
2700 4442 2938 4517 martii

255 4578 598 4677 proxime
668 4573 992 4673 preteriti
1049 4574 1126 4647 in
1184 4573 1498 4670 Ungaria
1563 4572 1768 4647 datas
1817 4594 1953 4670 per
2010 4596 2197 4669 quas
2243 4571 2697 4668 significabat
2748 4566 2813 4639 ei
2858 4590 2937 4641 se

259 4726 608 4803 magnam
681 4706 758 4777 et
827 4698 1268 4797 singularem
1334 4697 1708 4773 victoriam
1774 4696 2121 4772 hahuisse
2186 4700 2442 4770 contra
2504 4697 2774 4767 Turcas
2820 4692 2942 4790 qui

259 4852 570 4928 regnum
603 4824 922 4924 Ungarie
951 4824 1366 4899 invaserant
1397 4830 1468 4899 et
1509 4822 1925 4921 quindecim
1956 4819 2183 4895 millia
2216 4819 2331 4895 vel
2360 4818 2552 4895 circa
2583 4818 2939 4894 occidisse

259 4965 331 5030 et
359 4952 872 5055 prostravisse,
906 4973 992 5025 ac
1021 4972 1171 5026 non
1197 4949 1491 5025 modica
1517 4947 1750 5046 spolia
1779 4946 2041 5021 exinde
2074 4952 2513 5043 reportasse.

355 5082 629 5159 Eadem
671 5078 794 5155 die
838 5076 1036 5151 circa
1071 5076 1333 5151 horam
1374 5100 1518 5167 xxi,
1554 5077 1750 5171 Papa
1783 5071 1981 5146 venit
2018 5071 2109 5146 ad
2145 5074 2501 5171 capellam
2540 5072 2617 5145 in
2648 5092 2880 5168 cappa
2914 5090 2931 5141 ε

257 5218 454 5308 prout
487 5202 1068 5308 precedentibus
1093 5200 1348 5277 diebus
1379 5199 1703 5277 fimbrias
1731 5197 2040 5299 portavit
2069 5198 2659 5298 archiepiscopus
2688 5192 2934 5268 Arela-
