3625 6059
263 552 498 617 [Fevrier
525 549 662 615 1493]
927 546 1179 605 RERUM
1227 545 1684 605 URBANARUM
1733 545 2261 607 COMMENTARII.
2858 550 2929 603 39

261 706 649 808 precedere
705 705 968 795 solere,
1023 702 1490 777 nihilominus
1542 702 1862 801 cogitare
1915 702 2176 777 vellem
2230 725 2323 777 an
2363 702 2539 800 ipsis
2590 726 2756 775 cum
2798 703 2929 777 ho-

264 858 441 909 nore
471 854 630 907 meo
673 830 1094 909 satisfacere
1136 851 1456 927 possem.
1505 828 1899 904 Cardinalis
1943 828 2325 902 defunctus
2370 827 2499 903 fuit.
2536 828 2611 902 in
2652 828 2929 928 capella

267 970 671 1033 sanctorum
699 955 941 1030 Andre
977 962 1050 1031 et
1087 954 1375 1051 Georgii
1417 954 1556 1028 sita
1583 954 1658 1027 in
1691 954 2043 1030 Vaticano
2076 959 2241 1029 ante
2272 954 2700 1029 memoriam
2734 955 2925 1029 bone

261 1084 602 1164 memorie
629 1081 952 1157 Ardicini
971 1080 1164 1155 della
1185 1084 1402 1157 Porta
1427 1078 1810 1154 cardinalis
1836 1079 1949 1153 avi
1982 1079 2093 1152 sui
2116 1086 2527 1176 asportatus
2550 1108 2566 1169 ;
2590 1080 2678 1153 de
2708 1080 2925 1155 domo

259 1211 583 1309 predicta
631 1238 646 1283 ε
696 1214 1161 1283 recesserunt
1214 1206 1616 1281 cardinales
1685 1228 1983 1294 omneS,
2039 1204 2350 1301 demptis
2418 1204 2919 1299 Neapolitan0‚

261 1317 584 1426 Senensi,
641 1332 952 1409 Ascanio
1008 1331 1518 1407 executoribus
1575 1334 1699 1428 qui
1744 1331 2017 1405 ibidem
2076 1335 2497 1408 manserunt
2556 1353 2785 1425 usque
2835 1328 2927 1403 ad

263 1464 504 1537 horam
527 1484 710 1537 xxm
740 1460 852 1535 vel
881 1460 1102 1550 circa,
1139 1464 1621 1556 exsequentes
1653 1480 1793 1553 que
1836 1455 2221 1531 defunctus
2254 1452 2639 1528 cardinalis
2668 1453 2741 1527 in
2783 1458 2927 1529 tes-

263 1592 576 1663 tamento
608 1606 742 1659 suo
767 1582 1150 1659 ordinavit.

347 1712 690 1802 Sabbato‚
735 1717 778 1785 2
824 1710 1096 1787 mensis
1132 1708 1500 1799 februarii,
1553 1708 1750 1805 quod
1799 1708 2128 1806 superius
2168 1706 2513 1784 adnotare
2553 1709 2763 1783 omisi
2794 1733 2924 1807 per

256 1838 886 1927 inadvertentiam,
933 1838 1123 1912 festo
1164 1833 1684 1933 purificationis
1745 1834 1954 1909 beate
2004 1836 2230 1911 Marie
2277 1834 2597 1931 virginiS,
2652 1840 2781 1911 SS.
2827 1841 2913 1912 D.

256 1968 336 2039 N.
372 1970 670 2062 paratus
713 1987 916 2037 more
965 1962 1176 2037 solito
1217 1960 1412 2034 venit
1454 1959 1547 2033 ad
1593 1958 1943 2058 capellam
1994 1961 2349 2058 maj0rem
2393 1963 2515 2037 ubi
2555 1964 2923 2039 benedixit

255 2091 588 2165 candelas
637 2113 892 2165 omnes
937 2110 1077 2186 que
1125 2087 1313 2161 intra
1364 2092 1436 2161 et
1494 2093 1698 2162 extra
1749 2086 2157 2161 cancellum
2214 2090 2673 2167 tenebantur.
2737 2096 2919 2167 Tum

257 2216 432 2289 datis
463 2216 606 2289 sibi
641 2213 1042 2289 successive
1074 2236 1206 2310 per
1236 2209 1676 2285 cardinalem
1707 2211 2262 2308 Neapolitanum
2292 2214 2612 2310 priorem
2634 2217 2919 2313 episco-

254 2362 502 2437 porum
535 2338 768 2415 tribus
809 2335 1157 2425 candeliS,
1203 2334 1544 2410 candelas
1591 2334 1953 2409 distribuit
1994 2358 2195 2411 more
2243 2337 2483 2411 solito,
2522 2339 2918 2414 Cardinalis

254 2465 636 2541 lanuensis
675 2465 929 2541 habuit
969 2471 1141 2555 tres‘‚
1175 2460 1510 2535 videlicet
1537 2482 1756 2533 unam
1788 2484 1919 2557 pro
1952 2485 2031 2535 se
2072 2467 2144 2536 et
2175 2462 2353 2536 duas
2385 2486 2515 2560 pro
2551 2465 2915 2541 cardinale

257 2616 310 2665 S.
337 2594 517 2666 Petri
553 2590 654 2665 ad
682 2589 990 2667 Vincula
1017 2588 1345 2664 absente.
1378 2585 1774 2659 Cardinalis
1801 2586 2067 2659 Montis
2100 2587 2391 2685 Regalis
2422 2590 2915 2665 celebraturus

259 2718 464 2793 etiam
501 2716 770 2791 habuit
819 2716 1024 2805 duaS,
1057 2711 1394 2787 videlicet
1441 2736 1660 2788 unam
1703 2736 1836 2811 pro
1882 2737 1961 2788 se
2008 2720 2081 2791 et
2117 2738 2338 2789 unam
2378 2740 2511 2814 pro
2552 2718 2915 2793 cardinale

257 2845 602 2919 Toletano
641 2843 942 2917 absente
979 2866 996 2915 ε
1029 2840 1287 2937 quibus
1315 2838 1608 2931 habitis,
1643 2837 1766 2913 ivit
1795 2837 1889 2911 ad
1910 2839 2387 2915 faldistorium
2416 2842 2565 2934 ubi,
2602 2843 2917 2918 dimissis

253 2968 719 3065 paramentis,
753 2966 1032 3065 accepit
1076 2988 1380 3063 cappam
1430 2969 1528 3055 et,
1580 2963 1875 3037 indutus
1932 2965 2271 3055 sandalis,
2325 2976 2749 3064 paramenta
2785 2992 2917 3067 pro

251 3093 488 3183 missa,
535 3114 748 3167 more
795 3090 1033 3165 solito.
1081 3094 1278 3164 Duas
1315 3086 1652 3161 candelas
1685 3108 1987 3183 magnas
2020 3092 2211 3187 Pape
2247 3098 2637 3167 tenuerunt
2666 3117 2912 3169 comes

253 3217 552 3293 Pitiliani
591 3216 1014 3314 capitaneus
1045 3213 1354 3289 ecclesie
1385 3236 1428 3287 a
1472 3212 1743 3285 dextris
1781 3218 1855 3289 et
1890 3214 2035 3289 dux
2074 3219 2249 3291 Sore
2296 3242 2340 3291 a
2380 3217 2714 3295 sinistris,
2750 3226 2916 3298 Post

253 3343 834 3418 distributionem
889 3340 1382 3433 candelarum,
1419 3343 1506 3415 D.
1542 3340 1915 3415 Johannes
1961 3342 2151 3419 della
2190 3346 2408 3420 Serra
2444 3355 2691 3423 orator
2725 3350 2917 3446 regis

255 3470 692 3544 Francorum
735 3466 935 3541 dedit
976 3490 1239 3563 aquam
1271 3467 1857 3565 manibusrape,
1890 3470 2251 3544 cardinale
2293 3472 2767 3569 Neapolitano
2798 3498 2919 3549 or-

254 3595 530 3670 dinante
561 3622 582 3685 3
617 3593 716 3668 ad
745 3591 1202 3690 evangelium
1245 3595 1442 3690 Papa
1472 3601 1545 3669 et
1586 3616 1843 3669 omnes
1888 3593 2291 3671 cardinales
2335 3603 2722 3674 tenuerunt
2754 3624 2921 3676 suas

253 3720 578 3797 candelas
621 3720 698 3793 in
729 3717 1066 3793 manibus
1107 3724 1178 3791 et
1218 3717 1478 3791 deinde
1517 3720 1823 3793 candela
1853 3724 2044 3817 Pape
2076 3744 2222 3794 non
2257 3722 2390 3797 fuit
2433 3723 2751 3799 extincta
2778 3727 2916 3800 nisi

255 3854 406 3943 post
449 3846 1080 3934 communionem,
1118 3844 1248 3917 sed
1286 3844 1760 3919 cardinalium
1793 3853 1868 3919 et
1910 3845 2216 3920 aliorum
2263 3847 2553 3923 fuerunt
2603 3850 2917 3925 extincte

257 3981 320 4047 et
351 3975 438 4048 ad
465 3974 952 4049 elevationem
999 3970 1433 4045 sacramenti
1475 3971 1740 4044 iterum
1771 3993 2080 4046 accense
2123 3996 2353 4068 usque
2385 3981 2551 4071 post
2583 3974 2918 4050 elevatio-

255 4122 434 4173 nem.
485 4105 688 4198 Papa
732 4098 824 4173 ad
874 4096 1354 4172 elevationem
1399 4117 1547 4170 non
1597 4094 1829 4170 tenuit
1882 4095 2261 4169 candelam
2319 4120 2520 4171 suam
2574 4100 2647 4173 in
2696 4124 2914 4175 manu

257 4248 475 4323 neque
515 4227 669 4317 alii,
707 4232 778 4299 et
819 4223 1337 4299 convenienter
1365 4221 1506 4296 alia
1535 4222 1780 4297 omnia
1809 4243 2011 4297 more
2047 4220 2259 4295 solito
2303 4229 2472 4297 sunt
2501 4223 2905 4300 observata.

343 4353 544 4427 Feria
609 4358 891 4447 quarta,
955 4356 998 4423 6
1058 4349 1228 4424 dicti
1290 4349 1559 4423 mensis
1609 4347 1975 4440 februarii,
2036 4354 2203 4446 post
2251 4347 2512 4422 horam
2564 4374 2719 4441 xx1,
2785 4376 2918 4450 per

255 4484 520 4572 portam
561 4478 996 4555 Viridariam
1042 4476 1398 4551 intrarunt
1443 4477 1712 4552 Urbem
1761 4482 1907 4551 tres
1954 4484 2281 4553 oratores
2324 4478 2518 4553 Illus.
2564 4481 2648 4550 D.
2702 4479 2915 4550 Boni-

257 4601 405 4677 t'acii
449 4602 898 4677 marchionis
937 4602 1492 4695 Montist'errati;
1535 4602 1869 4677 videlicet
1907 4608 1991 4678 R.
2035 4604 2417 4703 presbyter
2464 4607 2547 4677 D.
2586 4602 2913 4677 Andreas

257 4726 590 4801 Stovellus
652 4726 1038 4823 episcopus
1090 4725 1521 4801 Albanensis
1571 4734 1645 4801 et
1691 4728 2060 4825 magnifici
2117 4730 2269 4799 DD.
2323 4730 2779 4801 Beneventus
2820 4727 2912 4801 de

259 4872 310 4923 s.
349 4850 657 4948 Georgio
693 4876 784 4925 ex
840 4851 1222 4926 comitibus
1275 4852 1702 4925 Blandracte
1762 4860 1836 4926 et
1889 4851 2291 4925 Ludovicus
2347 4852 2434 4927 de
2491 4852 2907 4927 Ticionibus

257 4978 524 5051 Vesana
581 4976 846 5052 milites
900 5002 1033 5076 pro
1091 4977 1508 5053 obedientia
1564 4981 1689 5051 SS.
1750 4982 1835 5052 D.
1894 4982 1979 5053 N.
2040 4979 2454 5076 prestanda,
2518 5003 2562 5053 a
2618 4978 2909 5054 familiis

257 5102 371 5174 SS.
413 5106 496 5177 D.
553 5106 640 5177 N.
682 5126 868 5201 pape
921 5112 992 5177 et
1043 5108 1483 5178 RRmorum.
1523 5106 1672 5177 DD.
1720 5104 2191 5178 cardinalium
2237 5128 2321 5179 ac
2367 5104 2775 5178 oratoribus
2822 5102 2900 5173 in

261 5225 436 5301 Urbe
475 5227 948 5303 existentibus
983 5236 1186 5305 extra
1218 5237 1504 5328 portam
1555 5230 1825 5327 recepti
1875 5239 2041 5305 sunt
2090 5237 2162 5303 et
2205 5244 2437 5326 usque
2475 5230 2564 5304 ad
2606 5229 2907 5302 domum

3588 4646 3590 4725 .-„
3582 4494 3590 4609 „mr-4-
