3625 6059
293 546 600 613 [Decembre
629 544 769 607 1496]
941 542 1195 601 RERUM
1243 542 1699 603 URBANARUM
1747 545 2269 604 COMMENTARII.
2848 555 2947 610 3111

383 696 760 771 Dominica
821 697 1027 771 tertia
1082 697 1455 787 adventus,
1506 704 1755 773 Rmus.
1810 706 1897 775 D.
1953 703 2335 777 cardinalis
2398 707 2950 780 Beneventanus
2984 698 3015 732 ⁸

287 822 669 901 celebravit
706 822 1004 897 missam
1038 824 1441 898 solemnem
1484 825 1554 897 in
1587 826 1863 923 capella
1901 829 2178 925 maj0re
2210 828 2491 925 palatii;
2530 854 2943 904 sermonem

291 950 454 1024 fecit
505 953 938 1044 procurator
989 948 1262 1022 ordinis
1315 949 1841 1024 heremitarum
1902 976 1961 1025 s,
2006 953 2436 1050 Augustini;
2494 953 2684 1027 infra
2745 957 2947 1052 cujus

290 1100 704 1151 sermonem
759 1080 1245 1173 pervenerunt
1303 1099 1486 1149 nova
1531 1075 1855 1173 pontifici
1906 1099 1949 1148 a
1996 1075 2359 1149 cardinale
2406 1076 2496 1149 de
2543 1079 2813 1150 Lunate
2864 1102 2951 1151 ex

287 1204 532 1277 castris
575 1202 900 1278 Ecclesie
949 1208 1117 1276 ante
1163 1208 1480 1277 castrum
1527 1181 1763 1273 Insule
1810 1199 2217 1273 constitutis
2262 1224 2277 1272 ε
2325 1200 2518 1295 quod
2554 1200 2698 1273 hoc
2736 1226 2947 1275 mane

287 1334 750 1402 recurrerunt
791 1328 885 1401 ad
921 1350 1088 1402 eum
1135 1351 1226 1401 ex
1274 1334 1510 1401 castro
1560 1326 1796 1400 Insule
1838 1324 2118 1424 pedites
2148 1324 2440 1398 circiter
2472 1326 2949 1422 quadraginta

287 1454 370 1524 ab
411 1452 692 1525 Ursinis
733 1452 1172 1549 stipendiati,
1216 1451 1446 1525 salvos
1492 1476 1652 1525 esse
1691 1456 2052 1548 petenteS,
2089 1454 2161 1522 et
2200 1473 2365 1523 cum
2395 1449 2535 1523 hoc
2566 1473 2779 1525 mane
2810 1452 2947 1523 illis

287 1577 352 1649 in
397 1583 638 1650 castro
696 1577 1117 1651 conflictum
1165 1577 1335 1651 dare
1385 1583 1458 1650 et
1499 1577 1662 1651 illos
1704 1576 2069 1650 debellare
2130 1576 2519 1665 statuisset,
2546 1575 2812 1672 paratis
2859 1578 2943 1649 ad

287 1703 416 1775 hoc
446 1700 836 1791 machinis,
872 1701 971 1774 illi
1006 1702 1078 1773 in
1111 1707 1349 1776 castro
1381 1701 1875 1776 exclamarunt
1907 1724 1984 1774 se
2021 1699 2311 1773 daturos
2355 1706 2637 1795 sponte,
2674 1698 2765 1773 de
2802 1724 2945 1795 quo

289 1849 528 1923 parum
585 1833 758 1923 post
812 1825 1194 1924 prandium
1243 1826 1435 1901 venit
1491 1825 1919 1900 caballarius
1973 1824 2343 1898 affirmans
2402 1821 2722 1896 habitam
2782 1847 2943 1897 esse

287 1954 586 2027 Insulam
633 1952 866 2027 libere
925 1959 998 2025 et
1042 1952 1366 2047 legatum
1416 1974 1501 2024 ac
1554 1956 1810 2047 gentes
1864 1948 2185 2023 Ecclesie
2235 1946 2473 2045 ipsam
2515 1946 2821 2019 intrasse
2873 1955 2939 2018 et

285 2077 672 2172 possidere.
709 2077 870 2151 Alia
899 2078 973 2150 in
1004 2076 1227 2149 missa
1255 2078 1632 2149 observata
1661 2080 1830 2147 sunt
1861 2097 2063 2147 more
2096 2074 2331 2147 solito.

373 2204 570 2278 Feria
619 2209 855 2295 sexta,
917 2208 1004 2275 16
1054 2199 1489 2290 decembriS‚
1544 2203 1792 2271 Rmus.
1846 2202 1931 2271 D.
1983 2198 2366 2272 cardinalis
2418 2197 2768 2273 Columna
2820 2197 2937 2292 qui

286 2336 433 2428 post
461 2354 842 2405 recessum
874 2328 1066 2427 regis
1097 2327 1399 2403 Francie
1431 2327 1506 2399 in
1547 2327 1738 2401 Urbe
1767 2324 2070 2398 nonfuit
2102 2347 2145 2397 a
2175 2322 2324 2395 suis
2361 2322 2704 2396 duntaxat
2732 2344 2937 2394 asso-

291 2455 496 2529 ciatus
524 2457 614 2531 ad
650 2458 921 2531 Urbem
953 2455 1194 2545 rediit,
1231 2455 1302 2529 in
1339 2454 1605 2551 palatio
1637 2476 1769 2527 suo
1788 2452 2000 2526 solito
2021 2449 2455 2547 hospitatus,
2490 2472 2733 2544 quem,
2770 2450 2935 2520 sab-

291 2579 436 2656 bato
467 2582 830 2678 sequenti,
869 2581 1254 2655 cardinalis
1281 2579 1664 2654 Cesarinus
1694 2575 2021 2650 visitavit.

375 2708 756 2781 Dominica
803 2716 1060 2804 quarta
1107 2707 1476 2793 adventuS‚
1534 2709 1619 2778 18
1671 2701 2107 2791 decembris,
2156 2706 2239 2774 R.
2296 2702 2376 2772 P.
2434 2702 2521 2771 D.
2569 2698 2937 2772 ,Iohannes

292 2832 440 2905 olim
493 2833 950 2921 PortuensiS‚
1003 2856 1198 2906 nunc
1241 2831 1314 2903 in
1362 2829 1744 2905 universali
1793 2826 2121 2901 Ecclesia
2167 2826 2548 2923 episcopus
2592 2825 2937 2898 assistens

295 2962 495 3055 Papa,
547 2958 944 3033 celebravit
993 2962 1289 3036 missam
1341 2958 1744 3032 solemnem
1798 2955 1893 3035 in.
1929 2953 2210 3050 capella
2254 2952 2533 3048 majore
2584 2950 2931 3047 predicta,

297 3084 462 3180 Papa
502 3084 840 3175 absente,
872 3087 991 3182 qui
1031 3086 1105 3159 in
1144 3084 1260 3157 his
1293 3081 1549 3156 diebus
1580 3080 1915 3155 catarrho
1943 3101 2197 3176 parum
2222 3076 2565 3150 alteratus
2595 3075 2670 3147 in
2701 3074 2936 3172 publi-

297 3230 439 3281 cum
477 3210 726 3283 venire
763 3210 1018 3285 noluit.
1057 3214 1486 3286 Sermonem
1528 3208 1698 3283 fecit
1735 3213 2161 3303 procurator
2200 3203 2472 3278 ordinis
2512 3202 2935 3278 Carmelita-

299 3354 458 3406 rum.
2872 3324 2880 3329 ”

382 3455 596 3531 Finita
624 3456 879 3549 missa,
907 3484 994 3534 ex
1026 3458 1540 3533 commissione
1573 3462 1764 3553 Pape
1795 3454 2189 3553 significavi
2223 3454 2707 3528 cardinalibus
2740 3455 2934 3551 quod

302 3602 436 3653 cras
464 3584 651 3680 Papa
693 3582 968 3657 faceret
996 3584 1363 3681 publicum
1394 3580 1902 3658 consistorium
1934 3603 2065 3678 pro
2099 3580 2517 3678 receptione
2549 3580 2737 3653 Rmi.
2774 3604 2933 3653 car-

303 3704 526 3778 dinalis
565 3709 914 3804 Capuani,
963 3708 1180 3805 legati
1232 3732 1320 3782 ex
1364 3731 1589 3805 regno
1633 3706 2108 3803 Neapolitano
2150 3704 2548 3796 redeuntiS,
2600 3706 2720 3801 qui
2770 3712 2927 3803 post

305 3830 438 3925 ejus
471 3855 836 3907 recessum
865 3834 956 3907 ab
992 3833 1182 3909 Urbe
1215 3833 1593 3907 cardinalis
1633 3837 1706 3904 et
1742 3830 2026 3925 legatus
2066 3837 2353 3903 creatus
2394 3837 2505 3902 est
2545 3835 2618 3903 et
2646 3833 2929 3925 Neapo-

301 3952 407 4027 lim
447 3956 571 4033 sihi
619 3958 983 4055 capellum
1030 3958 1360 4050 missum,
1404 3963 1613 4057 prout
1643 3956 1862 4029 etiam
1892 3978 2025 4052 per
2066 3978 2402 4029 cursores
2451 3954 2585 4051 ipsi
2638 3954 2927 4026 intima-

301 4074 484 4154 bitur.

383 4205 518 4279 Hoc
577 4230 828 4297 mane,
891 4212 1348 4282 recesserunt
1406 4228 1496 4277 ex
1550 4205 1742 4277 Urbe
1801 4202 2176 4299 quingenti
2241 4200 2554 4276 Suizzeri
2614 4199 2921 4294 pediteS,

307 4328 740 4405 Braecianum
779 4332 872 4406 ad
910 4340 1150 4407 castra
1179 4322 1374 4421 ituri',
1410 4329 1532 4426 qui
1565 4353 1652 4403 ex
1693 4328 1935 4402 Insula
1972 4328 2205 4426 pridie
2243 4326 2413 4400 illuc
2454 4348 2531 4399 se
2571 4324 2926 4399 dederunt

306 4456 364 4521 et
387 4450 720 4531 locarunt.

387 4578 634 4653 Eadem
674 4580 816 4672 die,
851 4587 1014 4679 post
1040 4580 1300 4654 horam
1331 4603 1828 4677 vesperorum,
1852 4603 1982 4677 per
2010 4584 2296 4675 portam
2328 4580 2919 4667 Lateranensem,

308 4700 469 4774 venit
495 4706 736 4779 Rmus.
775 4709 860 4778 D.
896 4706 1263 4779 Johannes
1293 4729 1351 4776 S.
1388 4704 1611 4777 Marie
1649 4703 1720 4776 in
1753 4704 1889 4781 Via
1921 4708 2119 4793 Lata,
2158 4702 2508 4775 diaconus
2540 4698 2923 4773 cardinalis

311 4822 612 4919 Capuani,
652 4830 844 4905 sedis
878 4830 1276 4927 apostolice
1317 4828 1625 4924 legatuS,
1661 4853 1704 4903 a
1737 4830 1886 4902 suis
1919 4829 2264 4901 duntaxat
2298 4824 2692 4899 associatus
2726 4832 2926 4898 extra

313 4955 588 5044 portam,
653 4955 794 5030 sive
859 4956 1099 5052 potius
1159 4954 1346 5027 intra
1405 4961 1715 5051 portam.
1782 4953 2097 5051 Deposui
2158 4952 2254 5024 ibi
2323 4950 2797 5048 capuccinum
2852 4956 2925 5023 et

316 5075 688 5150 mantellum
726 5079 1123 5154 violaceum
1165 5102 1304 5176 que
1338 5079 1670 5176 portabat
1715 5087 1787 5151 et
1820 5078 2129 5176 imposui
2170 5076 2301 5149 sihi
2344 5100 2645 5173 cappam
2676 5076 2750 5147 in
2779 5100 2923 5172 qua

320 5195 610 5285 equitavit
643 5227 862 5300 usque
893 5204 984 5277 ad
1013 5201 1536 5278 monasterium
1569 5228 1628 5279 s,
1663 5204 1887 5279 Marie
1928 5208 2150 5295 Nove,
2184 5203 2303 5276 ubi
2339 5201 2743 5305 hospitatus
2779 5210 2913 5280 est,
