3625 6059
259 566 427 629 [Aont
457 565 604 626 ¹⁴87]
928 560 1185 621 RERUM
1231 560 1685 620 URBANARUM
1733 561 2258 623 COMMENTARH.
2825 564 2931 663 {³393

263 717 597 793 videlicet
648 740 872 791 unum
928 715 1022 789 ad
1063 714 1292 815 'caput
1349 722 1423 790 et
1480 715 1674 791 aliud
1728 715 1821 791 ad
1874 717 2099 815 pedes
2150 717 2321 793 lecti
2376 744 2595 819 super
2646 722 2929 799 duobus

267 844 548 941 magnis
604 840 1052 917 candelabris
1101 841 1358 917 ferreis
1419 848 1490 916 et
1539 848 1704 917 octo
1749 842 2112 918 intorticia
2157 842 2330 919 hinc
2378 850 2450 919 et
2495 845 2664 921 inde
2714 874 2933 947 super

269 974 510 1059 sunuS,
572 968 906 1043 videlicet
953 991 996 1040 a
1045 968 1364 1064 quolibet
1405 968 1632 1042 latere
1681 967 1849 1043 lecti
1903 968 2268 1044 intorticia
2309 993 2604 1062 novem3
2664 997 2707 1047 a
2753 998 2931 1071 qua-

271 1102 428 1166 tuor
480 1094 838 1169 lateribus
899 1116 1190 1169 camere
1252 1116 1550 1167 scamna
1590 1094 1808 1183 nuda,
1871 1094 1945 1167 in
2000 1096 2235 1193 capite
2294 1096 2645 1195 aulepro
2699 1100 2932 1173 cardi-

267 1220 548 1293 nalibus
607 1218 700 1293 ab
758 1219 914 1292 aliis
975 1218 1200 1293 tribus
1259 1219 1579 1319 partibus
1643 1241 1774 1315 pro
1833 1220 2163 1317 prelatis;
2222 1219 2517 1295 suerunt
2574 1224 2790 1298 etiam
2844 1226 2933 1299 ab

269 1347 604 1421 omnibus
644 1344 988 1420 lateribus
1029 1346 1260 1442 prime
1299 1366 1591 1421 camere
1629 1368 1856 1442 prope
1902 1345 2138 1419 aulam
2181 1352 2431 1443 parata
2468 1370 2765 1423 scamna
2801 1374 2933 1448 pro

271 1471 778 1562 cardinalibus,
816 1470 876 1543 si
927 1470 1114 1545 forte
1152 1476 1451 1568 propter
1484 1469 2037 1566 incapacitatem
2078 1469 2310 1569 prime
2351 1472 2513 1546 aule
2553 1473 2827 1547 nollent
2860 1476 2935 1549 in

274 1621 355 1673 ea
404 1597 697 1671 sedere.
760 1599 1056 1693 Incepto
1100 1593 1344 1669 officio
1387 1603 1871 1684 mortuorum,
1933 1595 2105 1669 dum
2166 1596 2402 1673 adhuc
2450 1598 2935 1674 invitatorium

273 1730 712 1812 cantaretur,
745 1728 1102 1797 venerunt
1131 1720 1646 1818 Neapolitanus
1677 1726 1750 1793 et
1779 1722 2152 1813 SenensiS,
2185 1727 2257 1796 et
2286 1724 2391 1798 eis
2422 1724 2742 1821 exequiis
2769 1725 2935 1798 des-

277 1847 776 1940 cendentibuS,
832 1847 1025 1921 venit
1075 1845 1459 1920 cardinalis
1509 1846 1598 1919 de
1649 1846 1955 1919 Sabellis
2006 1870 2173 1921 cum
2222 1870 2366 1944 quo
2420 1849 2633 1922 simul
2680 1873 2938 1925 ascen-

276 1975 524 2047 derunt
578 1981 658 2047 et
711 1975 1054 2047 sederunt
1109 1972 1181 2045 in
1236 1970 1470 2068 prima
1519 1971 1684 2045 aula
1733 1974 1807 2045 in
1866 1972 2128 2071 capite,
2193 1980 2409 2071 caput
2458 1974 2807 2049 facientes
2864 1976 2937 2047 in

277 2100 523 2195 angulo
565 2100 669 2173 ad
699 2099 1071 2173 dexteram
1111 2097 1480 2189 intrantis;
1522 2106 1685 2195 post
1727 2119 1854 2171 eos
1893 2098 2087 2172 venit
2125 2097 2507 2172 cardinalis
2548 2124 2608 2172 s.
2655 2102 2933 2192 CruciS,

281 2232 436 2298 tunc
482 2222 880 2298 cardinalis
929 2222 1306 2312 AscaniuS,
1360 2228 1523 2319 post
1561 2244 1730 2297 eum
1779 2221 2167 2296 cardinalis
2219 2222 2626 2315 Grimanus,
2676 2225 2937 2302 deinde
2994 2318 3001 2325 ⁸

278 2374 331 2423 s.
377 2349 806 2441 Clementia,
857 2348 1394 2446 Agrigentinus,
1433 2348 1957 2424 Alexandrinus
1991 2356 2065 2425 et
2100 2351 2499 2424 Perusinus
2542 2351 2939 2427 cardinales
3050 2390 3057 2398 ·

281 2475 503 2567 simul,
537 2474 844 2550 tandem
878 2474 1388 2549 Ulixbonensis
1424 2480 1496 2548 et
1527 2499 1585 2547 s.
1625 2475 1965 2549 Praxedis
2002 2500 2017 2548 ε
2050 2475 2313 2573 singuli
2346 2475 2747 2551 cardinales
2776 2484 2941 2575 post

283 2600 724 2675 intraverunt
754 2599 1021 2691 aulam,
1055 2598 1438 2675 firmarunt
1467 2622 1547 2674 se
1577 2607 1746 2675 ante
1773 2602 2071 2691 lectum,
2104 2600 2442 2675 dixerunt
2466 2622 2691 2675 unum
2719 2602 2943 2677 Pater

283 2738 536 2815 noster,·
565 2724 842 2799 melius
884 2723 1138 2799 fuisset
1167 2723 1412 2799 dicere
1456 2725 1675 2799 etiam
1709 2727 2113 2801 orationem
2153 2725 2484 2801 videlicet
2519 2728 2803 2803 Inclina
2830 2731 2942 2805 vel

286 2849 603 2943 Absolve,·
661 2856 738 2925 et
782 2873 1002 2949 super
1043 2849 1465 2927 defunctum
1510 2851 1794 2949 signum
1847 2852 2077 2926 crucis
2121 2851 2638 2949 perduxerunt,
2683 2854 2943 2929 deinde

289 2976 764 3051 ascenderunt
791 2975 883 3049 ad
920 2982 1204 3051 ceteros
1245 2975 1646 3050 cardinales
1678 2973 2045 3049 sedentes.
2082 2975 2315 3049 Finito
2346 2975 2589 3050 officio
2620 2986 2945 3052 mortuo-

295 3124 460 3191 rum,
495 3103 808 3177 cadaver
844 3108 1211 3199 portatum
1243 3100 1376 3173 suit
1404 3123 1537 3198 per
1573 3102 1831 3175 fratres
1872 3100 1965 3173 de
1997 3101 2271 3199 Populo
2301 3100 2488 3175 infra
2514 3102 2944 3177 catalectum

293 3232 354 3297 et
400 3225 652 3303 deinde
718 3226 811 3301 ad
863 3249 1115 3301 eorum
1166 3226 1579 3318 ecclesiam,
1632 3226 1803 3300 licet
1852 3226 2251 3301 confratres
2300 3226 2608 3301 ecclesie
2658 3252 2717 3301 s.
2769 3231 2945 3304 Am-

291 3348 490 3425 brosii
529 3352 913 3451 hospitalis
954 3352 1554 3442 Lombardorum,
1599 3351 1689 3426 de
1729 3374 2035 3448 quorum
2078 3352 2521 3427 fraternitate
2562 3352 2946 3428 defunctus

294 3484 451 3566 erat,
501 3484 840 3576 peterent
886 3478 1091 3585 illum
1135 3483 1455 3576 portare,
1504 3484 1916 3567 asserentes
1960 3479 2051 3552 ad
2100 3480 2227 3553 eos
2276 3484 2641 3577 spectare3
2698 3486 2945 3555 tamen

295 3623 410 3695 per
451 3608 714 3679 Rmum
762 3607 846 3678 D.
898 3598 1318 3695 Ascanium,
1373 3608 1866 3696 executorem,
1915 3604 1990 3679 id
2032 3605 2137 3679 eis
2198 3604 2333 3679 suit
2378 3612 2749 3703 negatum.
2801 3609 2947 3681 De-

299 3724 517 3803 functo
556 3754 781 3829 super
819 3730 1164 3805 feretrum
1208 3730 1446 3827 posito
1491 3730 1636 3805 sive
1685 3732 2061 3823 catalect0,
2112 3730 2649 3806 descenderunt
2691 3731 2945 3830 prelati

299 3850 376 3923 ad
401 3856 852 3931 vocationem
882 3878 1123 3931 meam
1165 3878 1254 3930 ex
1286 3856 1451 3930 aula
1480 3863 1554 3931 et
1582 3855 1867 3953 sequuti
1901 3862 2067 3930 sunt
2097 3856 2313 3929 funus
2346 3862 2746 3953 equestres,
2781 3863 2945 3953 post

302 3998 578 4071 quorum
609 3982 942 4057 omnium
973 4004 1346 4057 recessum
1376 4006 1466 4055 ex
1497 3981 1698 4056 curia
1722 3981 2269 4056 descenderunt
2288 3982 2507 4056 etiam
2540 3980 2945 4055 cardinales

195 4150 206 4163 -
305 4106 364 4174 et
399 4107 890 4203 equitaverunt
933 4106 1235 4204 quilibet
1279 4107 1371 4181 ad
1411 4106 1706 4182 domum
1749 4130 1983 4195 suam,
2030 4104 2340 4203 demptis
2386 4105 2477 4179 de
2528 4105 2832 4179 Sabellis
2876 4112 2948 4180 et

308 4227 584 4307 Ascanio
624 4231 1139 4324 cardinalibuS,
1184 4232 1304 4329 qui
1344 4257 1476 4331 per
1513 4233 1728 4305 aliam
1767 4232 1957 4306 viam
1997 4230 2411 4328 equitarunt
2441 4230 2533 4305 ad
2562 4229 2947 4306 ecclesiam

311 4348 492 4432 beate
522 4359 744 4433 Marie
779 4358 869 4432 de
901 4357 1178 4456 Populo
1219 4358 1364 4449 ubi,
1404 4359 1660 4433 funere
1693 4359 1768 4431 in
1807 4357 2049 4431 medio
2080 4356 2386 4432 ecclesie
2425 4356 2690 4455 posito,
2736 4357 2948 4432 sede·

317 4488 456 4554 runt
483 4481 613 4581 ipsi
654 4485 798 4560 duo
832 4482 1237 4559 cardinales
1277 4484 1352 4558 in
1395 4483 1628 4559 banco
1664 4507 1813 4558 non
1852 4484 2069 4581 longe
2100 4507 2143 4557 a
2172 4505 2399 4556 cornu
2437 4482 2738 4581 epistole
2770 4484 2947 4557 alta-

317 4601 402 4674 ris
425 4609 709 4705 majoris
739 4612 1008 4708 posite,
1043 4617 1113 4684 et
1151 4608 1408 4708 prelati
1437 4632 1607 4683 vero
1638 4610 1713 4682 in
1753 4608 1910 4683 aliis
1940 4607 2243 4682 banchis
2282 4628 2509 4705 prope
2550 4606 2943 4696 sinistram,

319 4730 378 4796 et
413 4731 649 4823 prelati
689 4733 958 4809 ibidem
999 4739 1356 4809 steterunt
1399 4755 1626 4829 usque
1665 4732 1758 4807 ad
1799 4732 2025 4809 finem
2057 4732 2303 4807 officii.
2352 4734 2506 4818 Quo
2553 4732 2943 4830 completo,

323 4848 506 4930 funus
559 4867 916 4957 portatum
982 4860 1112 4933 fuit
1169 4883 1300 4958 per
1356 4858 1538 4933 duos
1595 4858 1856 4933 fratres
1914 4858 2006 4932 ad
2064 4859 2413 4955 capellam
2476 4865 2667 4933 retro
2724 4858 2947 4933 altare

327 4980 554 5075 majus,
583 4986 748 5080 quia
771 4985 1094 5059 nondum
1123 4989 1467 5061 venerant
1499 4985 1616 5082 qui
1647 4984 1823 5058 illud
1853 4984 2275 5084 sepelirent,
2300 4983 2393 5058 ad
2414 5005 2669 5059 eorum
2691 4983 2951 5058 adven·
3020 5009 3023 5013 ⁴

333 5104 460 5175 tum
498 5106 590 5179 ibi
628 5110 1208 5204 custodiendum,
1258 5116 1331 5186 et
1377 5116 1841 5186 recesserunt
1884 5113 2037 5185 DD.
2092 5108 2495 5184 cardinales
2546 5117 2617 5183 et
2663 5110 2945 5208 prelati,

337 5218 556 5301 domos
585 5255 742 5309 suas
787 5233 1114 5314 redituri.
1154 5236 1371 5312 Primi
1413 5240 1576 5333 post
1614 5218 1831 5310 funus
1873 5234 2165 5309 fuerunt
2194 5235 2634 5332 gubernator
2662 5236 2873 5311 Urbis
2911 5259 2955 5309 a
