3625 6059
709 538 781 593 34
1625 537 1976 595 JOHANNIS
2025 536 2464 606 BURCHARDI,
2980 538 3215 602 [sanvier
3242 541 3381 605 1493]

699 691 910 788 juxta
937 698 1220 789 portam
1253 692 1475 765 sancti
1507 692 1702 765 Pauli
1731 694 1891 789 ejus
1922 716 2291 766 recessum
2314 690 2813 787 expectabant,
2842 696 2919 764 ut
2938 690 3106 765 inde
3138 693 3381 790 ipsum

710 800 802 885 ad
855 815 1096 910 galeas
1149 820 1509 913 predictas
1566 820 2035 908 associarent,
2105 818 2617 892 intellexerunt
2664 816 2944 890 nullum
2990 818 3249 893 adesse
3295 844 3383 894 ex

713 944 1002 1017 RRmis.
1063 948 1214 1019 DD.
1279 944 1765 1019 cardinalibus
1815 945 2111 1018 nomine
2160 944 2449 1067 collegii
2494 941 2969 1017 cardinalium
3026 949 3098 1017 et
3144 968 3383 1041 neque

712 1067 976 1141 Montis
1008 1054 1294 1167 Regalis
1324 1093 1560 1167 neque
1596 1070 2013 1161 Ascanium,
2058 1070 2178 1167 qui
2210 1069 2385 1142 alias
2417 1092 2549 1167 pro
2580 1069 2999 1165 receptione
3031 1068 3385 1145 adventus

717 1192 824 1264 sui
856 1193 947 1265 ad
977 1194 1116 1267 hoc
1149 1196 1434 1270 fuerunt
1462 1220 1595 1293 per
1626 1199 1752 1269 SS.
1802 1201 1889 1270 D.
1937 1200 2022 1269 N.
2072 1203 2143 1270 et
2184 1194 2569 1291 collegium
2596 1192 3003 1291 predictum
3030 1194 3379 1292 deputati,

715 1319 1240 1393 commiserunt
1269 1320 1478 1410 mihi,
1513 1306 1867 1416 quatenus
1900 1319 1989 1393 ad
2028 1318 2374 1416 palatium
2415 1319 2825 1415 predictum
2870 1320 2962 1393 ad
2994 1323 3383 1425 Apostolos

715 1443 1117 1538 equitarem
1146 1453 1218 1519 et
1248 1445 1624 1520 veritatem
1659 1446 1764 1519 rei
1805 1444 2285 1542 intelligerem
2326 1469 2417 1518 an
2458 1443 2682 1540 etqui
2714 1444 3120 1519 cardinales
3147 1446 3383 1544 ipsum

716 1576 964 1642 essent
1021 1570 1307 1669 collegii
1367 1572 1664 1645 nomine
1723 1596 1953 1669 usque
2019 1571 2111 1645 ad
2173 1570 2382 1645 Urbis
2430 1577 2716 1669 portam
2770 1571 3196 1646 associaturi
3250 1598 3385 1671 pro

712 1716 914 1768 more
971 1722 987 1769 :
1041 1697 1163 1770 ubi
1213 1721 1379 1771 cum
1425 1698 1944 1772 intellexissem
2002 1698 2091 1771 ab
2146 1695 2629 1770 illustrissima
2686 1698 3199 1771 Dominatione
3258 1725 3389 1774 sua

715 1816 949 1915 ipsam
986 1823 1180 1896 circa
1212 1824 1534 1919 quintam
1567 1824 1825 1897 horam
1875 1823 2108 1897 noctis
2152 1816 2735 1918 preterite²a⁴SS.
2760 1825 2856 1894 ·D.
2888 1824 2974 1895 N.
3011 1823 3387 1899 licentiam

717 1947 1110 2043 recepisse,
1166 1956 1240 2022 et
1285 1972 1524 2045 neque
1561 1954 1769 2038 -tunc,
1829 1972 2067 2045 neque
2115 1971 2344 2043 usque
2397 1946 2471 2019 in
2512 1946 2711 2020 illam
2748 1946 3006 2021 horam
3048 1972 3385 2023 recessus

718 2073 824 2145 sui
857 2072 1078 2147 fuisse
1102 2074 1417 2172 aliquem
1450 2099 1538 2148 ex
1569 2074 2054 2149 cardinalibus
2094 2072 2332 2169 ipsum
2374 2071 2931 2163 associaturum,
2987 2074 3385 2170 significavi

719 2196 791 2269 id
821 2198 1109 2272 RRmis.
1149 2204 1298 2274 DD.
1350 2200 1822 2299 Neapolitano
1864 2205 1934 2272 et
1971 2197 2274 2273 Senensi
2315 2187 3066 2287 cardinalibuS,'intra
3098 2206 3385 2296 portam

717 2322 925 2396 Urbis
979 2326 1185 2423 juxta
1247 2334 1603 2417 montem,
1666 2324 2003 2399 omnibus
2065 2330 2260 2397 terra
2318 2324 2895 2420 expectantibus,
2956 2325 3075 2421 qui
3132 2326 3391 2400 decre-

712 2455 967 2523 verunt
1010 2451 1414 2549 principem
1468 2452 1833 2549 prefatum
1892 2450 2145 2523 subtus
2196 2448 2585 2522 ecclesiam
2642 2449 2872 2523 sancti
2911 2450 3143 2523 Alexii
3174 2451 3249 2522 in
3278 2451 3393 2524 via

709 2574 915 2670 juxta
945 2574 1217 2651 flumen
1260 2577 1616 2673 recipere,
1665 2583 1762 2669 et,
1810 2585 1887 2650 ut
1926 2574 2396 2673 premittitur,
2440 2575 2827 2649 associare.
2884 2578 3035 2671 Ego
3076 2573 3170 2647 ad
3197 2575 3394 2671 prin-

715 2699 952 2794 cipem
986 2702 1190 2794 redii,
1236 2711 1311 2778 et
1351 2704 1682 2778 ordinato
1729 2705 1887 2800 ejus
1931 2726 2253 2793 recessu,
2304 2707 2647 2799 pervento
2700 2702 2793 2775 ad
2829 2702 3071 2775 locum
3106 2700 3391 2797 predic-

718 2831 900 2918 tum,
964 2829 1365 2905 cardinales
1423 2829 1684 2925 prefati
1756 2828 2027 2902 ibidem
2090 2828 2329 2925 ipsum
2399 2833 2855 2925 receperunt,
2929 2834 3000 2900 et
3056 2826 3247 2900 inter
3300 2852 3383 2901 se

713 2952 1031 3026 medium
1089 2955 1546 3029 deduxerunt
1601 2978 1831 3051 usque
1886 2954 1976 3027 ad
2033 2954 2279 3051 galeas
2338 2952 2408 3025 in
2462 2952 2624 3026 loco
2686 2976 2903 3049 supra
2962 2952 3385 3048 specificato

705 3076 943 3173 ipsum
985 3089 1478 3178 expectantes,
1530 3085 1606 3153 In
1658 3080 1836 3155 locis
1882 3078 2147 3154 strictis
2189 3078 2543 3175 precessit
2589 3079 2955 3175 princepS,
3016 3084 3091 3151 et
3148 3078 3382 3152 cardi-

706 3204 908 3276 nales
933 3205 1171 3301 ipsum
1203 3208 1432 3281 secuti
1474 3213 1667 3297 sunt,
1714 3208 1902 3281 facta
1944 3211 2190 3280 tamen
2230 3227 2361 3301 per
2397 3204 2633 3300 ipsum
2675 3202 3081 3301 principem
3110 3204 3385 3279 hones-

707 3326 987 3401 tissima
1026 3330 1462 3405 resistentia.
1517 3332 1933 3408 Associatus
1976 3329 2112 3402 fuit
2159 3353 2201 3402 a
2252 3328 2539 3402 familiis
2591 3334 2663 3401 et
2714 3326 3007 3425 prelatis
3040 3329 3373 3405 omnium

705 3452 1173 3527 cardinalium
1224 3461 1292 3529 et
1347 3455 1504 3531 aliis
1557 3456 1881 3553 prelatiS,
1928 3454 2469 3552 quampluribus
2513 3453 2902 3527 curialibus
2954 3460 3027 3528 et
3075 3461 3367 3530 oratore

701 3576 1313 3654 Florentinorum.

804 3710 1319 3780 Precesserunt
1351 3708 1584 3804 ipsum
1617 3715 1781 3782 octo
1811 3707 2003 3805 pagii
2036 3707 2176 3797 sui,
2211 3729 2416 3779 more
2448 3703 2854 3779 alemanico
2888 3710 2960 3779 et
2992 3706 3370 3802 ungaric0‚

703 3854 787 3903 ac
826 3830 1210 3906 bohemico
1249 3833 1511 3925 vestiti,
1550 3857 1825 3923 arcum,
1862 3839 2262 3930 scopetam,
2300 3854 2553 3905 ensem
2594 3838 2668 3904 et
2706 3829 2848 3903 alia
2891 3829 3207 3926 quedam
3255 3856 3374 3907 or-

696 3963 1038 4031 namenta
1079 3959 1300 4056 perlis
1349 3967 1421 4033 et
1467 3959 1773 4057 gemmis
1809 3957 2161 4057 preciosis
2203 3964 2483 4047 ornata,
2518 3956 2594 4029 in
2636 3954 2971 4029 manibus
3012 3956 3366 4035 ferentes-

702 4088 1052 4159 Pervento
1099 4087 1190 4160 ad
1233 4086 1462 4184 ripam
1495 4083 1841 4173 fluminiS,
1879 4084 2001 4157 ubi
2041 4083 2376 4157 triremes
2410 4083 2564 4157 sive
2610 4082 2815 4180 galee
2860 4081 3367 4180 expectabant,

696 4211 1098 4285 cardinales
1128 4211 1435 4309 principi
1464 4212 1538 4285 in
1577 4210 1790 4284 mulis
1830 4210 1987 4283 vale
2027 4208 2399 4299 dixerunt3
2437 4208 2698 4304 quibus
2744 4207 3371 4283 retrocedentibus

697 4342 768 4411 et
803 4337 895 4410 ad
927 4336 1195 4411 Urbem
1227 4336 1778 4427 revertentibus,
1813 4335 2151 4433 princeps
2191 4333 2483 4407 intravit
2513 4334 2893 4409 triremem
2926 4338 2999 4407 et
3028 4332 3363 4424 recessit,

694 4463 1016 4538 remissis
1063 4463 1155 4537 ad
1191 4463 1458 4537 Urbem
1500 4485 1687 4559 equo
1731 4486 1861 4535 suo
1905 4468 1976 4535 et
2018 4460 2175 4533 aliis
2219 4460 2342 4557 qui
2382 4484 2515 4557 per
2559 4467 2827 4535 terram
2878 4459 3212 4554 sequenti
3250 4460 3367 4533 die

691 4588 927 4685 ipsum
960 4590 1244 4687 sequuti
1277 4596 1469 4663 sunt.

793 4715 1132 4808 Sabbato,
1172 4722 1256 4789 12
1281 4714 1621 4813 januarii,
1657 4715 1839 4786 hora
1882 4736 2380 4810 vesperarum,
2416 4712 2767 4784 venerunt
2806 4730 2993 4782 nova
3024 4713 3232 4783 nmo.
3273 4714 3357 4783 D.

687 4841 1032 4916 cardinali
1053 4842 1384 4931 Senensi,
1417 4840 1604 4914 bone
1629 4838 1982 4914 memorie
2008 4838 2401 4912 Antonium
2422 4832 3041 4909 Piccolomineum
3062 4834 3151 4909 de
3183 4836 3363 4907 Ara—

691 4988 908 5060 gona,
946 4966 1207 5040 ducem
1244 4966 1865 5064 Amalphitanum,
1911 4965 2211 5039 fratrem
2260 4986 2472 5036 suum
2518 4966 2693 5034 natu
2737 4958 3121 5056 majorem,
3162 4958 3357 5035 diem

687 5087 1034 5163 clausisse
1068 5096 1475 5165 extremum
1506 5090 1579 5161 in
1617 5098 1830 5166 nocte
1864 5089 2194 5188 sequenti
2237 5088 2431 5162 diem
2456 5086 2642 5186 jovis
2674 5080 3001 5183 proxime
3026 5084 3359 5181 preteriti

685 5212 760 5285 in
787 5214 976 5289 Urbe
1001 5215 1149 5308 ubi,
1177 5216 1293 5290 die
1324 5216 1663 5291 mercurii
1692 5222 1733 5288 2
1765 5218 2011 5315 hujus,
2039 5217 2391 5293 inciderat
2415 5212 2910 5290 infirmitatem
2934 5209 3357 5307 quamdam,
