<?xml version="1.0" encoding="UTF-8"?>
<!DOCTYPE html PUBLIC "-//W3C//DTD XHTML 1.0 Transitional//EN"
    "http://www.w3.org/TR/xhtml1/DTD/xhtml1-transitional.dtd">
<html xmlns="http://www.w3.org/1999/xhtml" xml:lang="en" lang="en">
 <head>
  <title>
</title>
<meta http-equiv="Content-Type" content="text/html;charset=utf-8" />
  <meta name='ocr-system' content='tesseract 3.04.00' />
  <meta name='ocr-capabilities' content='ocr_page ocr_carea ocr_par ocr_line ocrx_word'/>
</head>
<body>
  <div class='ocr_page' id='page_1' title='image "./johannisburchar00unkngoog_0196.png"; bbox 0 0 3625 6059; ppageno 0'>
   <div class='ocr_carea' id='block_1_1' title="bbox 685 566 3354 637">
    <p class='ocr_par' dir='ltr' id='par_1_1' title="bbox 685 566 3354 637">
     <span class='ocr_line' id='line_1_1' title="bbox 685 566 3354 637; baseline -0.006 -2"><span class='ocrx_word' id='word_1_1' title='bbox 685 578 787 636; x_wconf 75' lang='lat'><strong>184</strong></span> <span class='ocrx_word' id='word_1_2' title='bbox 1597 568 1627 624; x_wconf 87' lang='lat' dir='ltr'>J</span> <span class='ocrx_word' id='word_1_3' title='bbox 1633 566 1949 626; x_wconf 83' lang='lat' dir='ltr'>OHANNIS</span> <span class='ocrx_word' id='word_1_4' title='bbox 2000 566 2443 637; x_wconf 80' lang='lat' dir='ltr'><strong>BURCHARDI,</strong></span> <span class='ocrx_word' id='word_1_5' title='bbox 2982 566 3181 630; x_wconf 78' lang='lat' dir='ltr'><strong>[Jutllet</strong></span> <span class='ocrx_word' id='word_1_6' title='bbox 3201 568 3354 630; x_wconf 70' lang='lat' dir='ltr'><strong>usn</strong></span> 
     </span>
    </p>
   </div>
   <div class='ocr_carea' id='block_1_2' title="bbox 606 718 3367 5314">
    <p class='ocr_par' dir='ltr' id='par_1_2' title="bbox 685 718 3355 949">
     <span class='ocr_line' id='line_1_2' title="bbox 685 718 3353 818; baseline -0.003 -16"><span class='ocrx_word' id='word_1_7' title='bbox 685 731 916 804; x_wconf 87' lang='lat' dir='ltr'><strong>dictos</strong></span> <span class='ocrx_word' id='word_1_8' title='bbox 961 723 1366 816; x_wconf 41' lang='lat' dir='ltr'><strong>cardinal-es</strong></span> <span class='ocrx_word' id='word_1_9' title='bbox 1415 721 1839 796; x_wconf 75' lang='lat' dir='ltr'>incedentes</span> <span class='ocrx_word' id='word_1_10' title='bbox 1878 728 1949 796; x_wconf 88' lang='lat' dir='ltr'><strong>et</strong></span> <span class='ocrx_word' id='word_1_11' title='bbox 1992 721 2147 795; x_wconf 90' lang='lat' dir='ltr'><strong>aliis</strong></span> <span class='ocrx_word' id='word_1_12' title='bbox 2192 720 2673 794; x_wconf 77' lang='lat' dir='ltr'><strong>cardinalibus</strong></span> <span class='ocrx_word' id='word_1_13' title='bbox 2722 718 3067 817; x_wconf 84' lang='lat' dir='ltr'><strong>predictis</strong></span> <span class='ocrx_word' id='word_1_14' title='bbox 3110 721 3353 818; x_wconf 87' lang='lat' dir='ltr'><strong>ipsum</strong></span> 
     </span>
     <span class='ocr_line' id='line_1_3' title="bbox 685 844 3355 949; baseline -0.002 -23"><span class='ocrx_word' id='word_1_15' title='bbox 685 851 1179 949; x_wconf 88' lang='lat' dir='ltr'><strong>sequentibus.</strong></span> <span class='ocrx_word' id='word_1_16' title='bbox 1217 847 1550 920; x_wconf 87' lang='lat' dir='ltr'><strong>Perventi</strong></span> <span class='ocrx_word' id='word_1_17' title='bbox 1579 847 1668 920; x_wconf 88' lang='lat' dir='ltr'><strong>ad</strong></span> <span class='ocrx_word' id='word_1_18' title='bbox 1699 847 2095 944; x_wconf 84' lang='lat' dir='ltr'><strong>hospitium</strong></span> <span class='ocrx_word' id='word_1_19' title='bbox 2130 846 2563 944; x_wconf 84' lang='lat' dir='ltr'><strong>predictum,</strong></span> <span class='ocrx_word' id='word_1_20' title='bbox 2595 844 2985 920; x_wconf 89' lang='lat' dir='ltr'><strong>licentiatis</strong></span> <span class='ocrx_word' id='word_1_21' title='bbox 3015 845 3355 920; x_wconf 85' lang='lat' dir='ltr'><strong>cardina-</strong></span> 
     </span>
    </p>

    <p class='ocr_par' dir='ltr' id='par_1_3' title="bbox 606 969 3365 1698">
     <span class='ocr_line' id='line_1_4' title="bbox 683 969 3357 1070; baseline -0.003 -20"><span class='ocrx_word' id='word_1_22' title='bbox 683 978 869 1052; x_wconf 86' lang='lat' dir='ltr'>libus</span> <span class='ocrx_word' id='word_1_23' title='bbox 922 983 996 1050; x_wconf 88' lang='lat' dir='ltr'><strong>et</strong></span> <span class='ocrx_word' id='word_1_24' title='bbox 1053 974 1158 1046; x_wconf 88' lang='lat' dir='ltr'><strong>eis</strong></span> <span class='ocrx_word' id='word_1_25' title='bbox 1207 995 1299 1047; x_wconf 84' lang='lat' dir='ltr'><strong>ex</strong></span> <span class='ocrx_word' id='word_1_26' title='bbox 1347 973 1911 1070; x_wconf 79' lang='lat' dir='ltr'><strong>moreperactis</strong></span> <span class='ocrx_word' id='word_1_27' title='bbox 1961 973 2237 1068; x_wconf 78' lang='lat' dir='ltr'><strong>gratiiS‚</strong></span> <span class='ocrx_word' id='word_1_28' title='bbox 2290 976 2754 1046; x_wconf 87' lang='lat' dir='ltr'><strong>recesserunt</strong></span> <span class='ocrx_word' id='word_1_29' title='bbox 2794 993 3049 1045; x_wconf 89' lang='lat' dir='ltr'><strong>omnes</strong></span> <span class='ocrx_word' id='word_1_30' title='bbox 3088 969 3185 1044; x_wconf 86' lang='lat' dir='ltr'><strong>ad</strong></span> <span class='ocrx_word' id='word_1_31' title='bbox 3222 995 3357 1043; x_wconf 89' lang='lat' dir='ltr'><strong>sua</strong></span> 
     </span>
     <span class='ocr_line' id='line_1_5' title="bbox 606 1073 3357 1193; baseline -0.003 -18"><span class='ocrx_word' id='word_1_32' title='bbox 606 1073 610 1079; x_wconf 28' lang='lat'>⁸</span> <span class='ocrx_word' id='word_1_33' title='bbox 682 1103 868 1175; x_wconf 88' lang='lat' dir='ltr'><strong>loca.</strong></span> <span class='ocrx_word' id='word_1_34' title='bbox 925 1100 1370 1172; x_wconf 87' lang='lat' dir='ltr'><strong>Divertentes</strong></span> <span class='ocrx_word' id='word_1_35' title='bbox 1413 1097 1656 1186; x_wconf 88' lang='lat' dir='ltr'><strong>ambo,</strong></span> <span class='ocrx_word' id='word_1_36' title='bbox 1709 1097 2045 1172; x_wconf 87' lang='lat' dir='ltr'><strong>videlicet</strong></span> <span class='ocrx_word' id='word_1_37' title='bbox 2100 1101 2293 1193; x_wconf 88' lang='lat' dir='ltr'><strong>Papa</strong></span> <span class='ocrx_word' id='word_1_38' title='bbox 2333 1104 2407 1169; x_wconf 91' lang='lat' dir='ltr'><strong>et</strong></span> <span class='ocrx_word' id='word_1_39' title='bbox 2449 1118 2601 1187; x_wconf 80' lang='lat' dir='ltr'><strong>rex,</strong></span> <span class='ocrx_word' id='word_1_40' title='bbox 2638 1095 2932 1168; x_wconf 85' lang='lat' dir='ltr'><strong>fuerunt</strong></span> <span class='ocrx_word' id='word_1_41' title='bbox 2970 1094 3045 1168; x_wconf 91' lang='lat' dir='ltr'><strong>in</strong></span> <span class='ocrx_word' id='word_1_42' title='bbox 3094 1095 3357 1170; x_wconf 87' lang='lat' dir='ltr'><strong>eodem</strong></span> 
     </span>
     <span class='ocr_line' id='line_1_6' title="bbox 684 1220 3363 1321; baseline -0.001 -23"><span class='ocrx_word' id='word_1_43' title='bbox 684 1233 922 1300; x_wconf 87' lang='lat' dir='ltr'><strong>castro</strong></span> <span class='ocrx_word' id='word_1_44' title='bbox 965 1223 1333 1321; x_wconf 76' lang='lat' dir='ltr'><strong>hospi-tati,</strong></span> <span class='ocrx_word' id='word_1_45' title='bbox 1389 1223 1461 1294; x_wconf 92' lang='lat' dir='ltr'><strong>in</strong></span> <span class='ocrx_word' id='word_1_46' title='bbox 1493 1243 1634 1319; x_wconf 90' lang='lat' dir='ltr'><strong>quo</strong></span> <span class='ocrx_word' id='word_1_47' title='bbox 1685 1223 1776 1296; x_wconf 88' lang='lat' dir='ltr'><strong>ad</strong></span> <span class='ocrx_word' id='word_1_48' title='bbox 1818 1246 2070 1296; x_wconf 87' lang='lat' dir='ltr'><strong>eorum</strong></span> <span class='ocrx_word' id='word_1_49' title='bbox 2109 1245 2455 1320; x_wconf 82' lang='lat' dir='ltr'><strong>personas</strong></span> <span class='ocrx_word' id='word_1_50' title='bbox 2494 1221 2877 1294; x_wconf 88' lang='lat' dir='ltr'><strong>commode</strong></span> <span class='ocrx_word' id='word_1_51' title='bbox 2916 1220 3155 1316; x_wconf 89' lang='lat' dir='ltr'><strong>prima</strong></span> <span class='ocrx_word' id='word_1_52' title='bbox 3194 1220 3363 1294; x_wconf 87' lang='lat' dir='ltr'><strong>aula</strong></span> 
     </span>
     <span class='ocr_line' id='line_1_7' title="bbox 685 1343 3359 1446; baseline -0.003 -20"><span class='ocrx_word' id='word_1_53' title='bbox 685 1350 967 1446; x_wconf 90' lang='lat' dir='ltr'><strong>utrique</strong></span> <span class='ocrx_word' id='word_1_54' title='bbox 1013 1347 1393 1438; x_wconf 88' lang='lat' dir='ltr'><strong>serviebat,</strong></span> <span class='ocrx_word' id='word_1_55' title='bbox 1441 1371 1531 1422; x_wconf 84' lang='lat' dir='ltr'><strong>ex</strong></span> <span class='ocrx_word' id='word_1_56' title='bbox 1574 1371 1714 1444; x_wconf 90' lang='lat' dir='ltr'><strong>qua</strong></span> <span class='ocrx_word' id='word_1_57' title='bbox 1775 1351 1970 1445; x_wconf 89' lang='lat' dir='ltr'><strong>Papa</strong></span> <span class='ocrx_word' id='word_1_58' title='bbox 2006 1346 2507 1421; x_wconf 85' lang='lat' dir='ltr'><strong>addexteram</strong></span> <span class='ocrx_word' id='word_1_59' title='bbox 2552 1353 2626 1421; x_wconf 88' lang='lat' dir='ltr'><strong>et</strong></span> <span class='ocrx_word' id='word_1_60' title='bbox 2670 1369 2800 1419; x_wconf 87' lang='lat' dir='ltr'><strong>rex</strong></span> <span class='ocrx_word' id='word_1_61' title='bbox 2846 1344 2940 1417; x_wconf 90' lang='lat' dir='ltr'><strong>ad</strong></span> <span class='ocrx_word' id='word_1_62' title='bbox 2990 1343 3359 1418; x_wconf 74' lang='lat' dir='ltr'><strong>sinistram</strong></span> 
     </span>
     <span class='ocr_line' id='line_1_8' title="bbox 682 1471 3365 1569; baseline -0.003 -19"><span class='ocrx_word' id='word_1_63' title='bbox 682 1475 1152 1550; x_wconf 78' lang='lat' dir='ltr'><strong>divertebant.</strong></span> <span class='ocrx_word' id='word_1_64' title='bbox 1209 1477 1530 1548; x_wconf 90' lang='lat' dir='ltr'><strong>Fuerunt</strong></span> <span class='ocrx_word' id='word_1_65' title='bbox 1558 1496 1722 1546; x_wconf 89' lang='lat' dir='ltr'><strong>cum</strong></span> <span class='ocrx_word' id='word_1_66' title='bbox 1768 1496 1939 1569; x_wconf 85' lang='lat' dir='ltr'><strong>rege</strong></span> <span class='ocrx_word' id='word_1_67' title='bbox 1988 1473 2270 1568; x_wconf 82' lang='lat' dir='ltr'><strong>equites</strong></span> <span class='ocrx_word' id='word_1_68' title='bbox 2302 1473 2496 1546; x_wconf 91' lang='lat' dir='ltr'><strong>mille</strong></span> <span class='ocrx_word' id='word_1_69' title='bbox 2534 1472 2645 1545; x_wconf 87' lang='lat' dir='ltr'><strong>vel</strong></span> <span class='ocrx_word' id='word_1_70' title='bbox 2686 1471 2903 1559; x_wconf 87' lang='lat' dir='ltr'><strong>circa,</strong></span> <span class='ocrx_word' id='word_1_71' title='bbox 2950 1491 3121 1543; x_wconf 89' lang='lat' dir='ltr'><strong>cum</strong></span> <span class='ocrx_word' id='word_1_72' title='bbox 3164 1473 3365 1566; x_wconf 84' lang='lat' dir='ltr'><strong>Papa</strong></span> 
     </span>
     <span class='ocr_line' id='line_1_9' title="bbox 683 1596 2861 1698; baseline -0.004 -22"><span class='ocrx_word' id='word_1_73' title='bbox 683 1626 852 1676; x_wconf 87' lang='lat' dir='ltr'><strong>vero</strong></span> <span class='ocrx_word' id='word_1_74' title='bbox 882 1598 1258 1698; x_wconf 86' lang='lat' dir='ltr'><strong>quingenti</strong></span> <span class='ocrx_word' id='word_1_75' title='bbox 1288 1597 1398 1671; x_wconf 85' lang='lat' dir='ltr'><strong>vel</strong></span> <span class='ocrx_word' id='word_1_76' title='bbox 1427 1598 1644 1688; x_wconf 86' lang='lat' dir='ltr'><strong>circa,</strong></span> <span class='ocrx_word' id='word_1_77' title='bbox 1683 1604 1751 1672; x_wconf 88' lang='lat' dir='ltr'><strong>et</strong></span> <span class='ocrx_word' id='word_1_78' title='bbox 1783 1597 2064 1695; x_wconf 87' lang='lat' dir='ltr'><strong>pedites</strong></span> <span class='ocrx_word' id='word_1_79' title='bbox 2094 1596 2300 1672; x_wconf 86' lang='lat' dir='ltr'><strong>multi</strong></span> <span class='ocrx_word' id='word_1_80' title='bbox 2331 1621 2499 1672; x_wconf 87' lang='lat' dir='ltr'><strong>oum</strong></span> <span class='ocrx_word' id='word_1_81' title='bbox 2529 1605 2861 1694; x_wconf 88' lang='lat' dir='ltr'><strong>utroque.</strong></span> 
     </span>
    </p>

    <p class='ocr_par' dir='ltr' id='par_1_4' title="bbox 684 1722 3365 3194">
     <span class='ocr_line' id='line_1_10' title="bbox 784 1722 3361 1819; baseline -0.003 -18"><span class='ocrx_word' id='word_1_82' title='bbox 784 1727 1061 1801; x_wconf 86' lang='lat' dir='ltr'><strong>Eodem</strong></span> <span class='ocrx_word' id='word_1_83' title='bbox 1091 1747 1283 1813; x_wconf 89' lang='lat' dir='ltr'><strong>sero,</strong></span> <span class='ocrx_word' id='word_1_84' title='bbox 1317 1745 1448 1798; x_wconf 85' lang='lat' dir='ltr'><strong>rex</strong></span> <span class='ocrx_word' id='word_1_85' title='bbox 1486 1722 1680 1796; x_wconf 87' lang='lat' dir='ltr'><strong>venit</strong></span> <span class='ocrx_word' id='word_1_86' title='bbox 1723 1722 1814 1796; x_wconf 89' lang='lat' dir='ltr'><strong>ad</strong></span> <span class='ocrx_word' id='word_1_87' title='bbox 1861 1725 2131 1819; x_wconf 85' lang='lat' dir='ltr'><strong>Papam</strong></span> <span class='ocrx_word' id='word_1_88' title='bbox 2177 1722 2269 1795; x_wconf 90' lang='lat' dir='ltr'><strong>ad</strong></span> <span class='ocrx_word' id='word_1_89' title='bbox 2297 1745 2663 1800; x_wconf 90' lang='lat' dir='ltr'><strong>cameram</strong></span> <span class='ocrx_word' id='word_1_90' title='bbox 2694 1743 2901 1794; x_wconf 88' lang='lat' dir='ltr'><strong>suam</strong></span> <span class='ocrx_word' id='word_1_91' title='bbox 2940 1727 3014 1795; x_wconf 87' lang='lat' dir='ltr'><strong>et</strong></span> <span class='ocrx_word' id='word_1_92' title='bbox 3054 1741 3227 1794; x_wconf 85' lang='lat' dir='ltr'><strong>cum</strong></span> <span class='ocrx_word' id='word_1_93' title='bbox 3274 1741 3361 1794; x_wconf 90' lang='lat' dir='ltr'><strong>eo</strong></span> 
     </span>
     <span class='ocr_line' id='line_1_11' title="bbox 684 1845 3355 1942; baseline -0.004 -14"><span class='ocrx_word' id='word_1_94' title='bbox 684 1852 949 1928; x_wconf 89' lang='lat' dir='ltr'><strong>mansit</strong></span> <span class='ocrx_word' id='word_1_95' title='bbox 993 1848 1236 1923; x_wconf 91' lang='lat' dir='ltr'><strong>multis</strong></span> <span class='ocrx_word' id='word_1_96' title='bbox 1290 1848 1517 1934; x_wconf 81' lang='lat' dir='ltr'><strong>horiS,</strong></span> <span class='ocrx_word' id='word_1_97' title='bbox 1571 1846 2056 1920; x_wconf 83' lang='lat' dir='ltr'><strong>cardinalibus</strong></span> <span class='ocrx_word' id='word_1_98' title='bbox 2102 1848 2546 1920; x_wconf 78' lang='lat' dir='ltr'><strong>absentibus,</strong></span> <span class='ocrx_word' id='word_1_99' title='bbox 2599 1850 2679 1920; x_wconf 86' lang='lat'><strong>111</strong></span> <span class='ocrx_word' id='word_1_100' title='bbox 2726 1869 2939 1920; x_wconf 89' lang='lat' dir='ltr'><strong>mane</strong></span> <span class='ocrx_word' id='word_1_101' title='bbox 2989 1845 3355 1942; x_wconf 89' lang='lat' dir='ltr'><strong>sequenti,</strong></span> 
     </span>
     <span class='ocr_line' id='line_1_12' title="bbox 691 1969 3359 2074; baseline -0.004 -22"><span class='ocrx_word' id='word_1_102' title='bbox 691 1983 882 2074; x_wconf 88' lang='lat' dir='ltr'><strong>Papa</strong></span> <span class='ocrx_word' id='word_1_103' title='bbox 935 1973 1130 2049; x_wconf 88' lang='lat' dir='ltr'><strong>venit</strong></span> <span class='ocrx_word' id='word_1_104' title='bbox 1185 1972 1277 2046; x_wconf 88' lang='lat' dir='ltr'><strong>ad</strong></span> <span class='ocrx_word' id='word_1_105' title='bbox 1329 1994 1692 2045; x_wconf 86' lang='lat' dir='ltr'><strong>cameram</strong></span> <span class='ocrx_word' id='word_1_106' title='bbox 1745 1970 1965 2068; x_wconf 82' lang='lat' dir='ltr'><strong>regiS,</strong></span> <span class='ocrx_word' id='word_1_107' title='bbox 2022 1979 2096 2047; x_wconf 89' lang='lat' dir='ltr'><strong>et</strong></span> <span class='ocrx_word' id='word_1_108' title='bbox 2152 1972 2420 2045; x_wconf 90' lang='lat' dir='ltr'><strong>ibidem</strong></span> <span class='ocrx_word' id='word_1_109' title='bbox 2473 1972 2694 2045; x_wconf 90' lang='lat' dir='ltr'><strong>etiam</strong></span> <span class='ocrx_word' id='word_1_110' title='bbox 2744 1969 2963 2068; x_wconf 86' lang='lat' dir='ltr'><strong>longo</strong></span> <span class='ocrx_word' id='word_1_111' title='bbox 3018 1977 3359 2067; x_wconf 84' lang='lat' dir='ltr'><strong>tempore</strong></span> 
     </span>
     <span class='ocr_line' id='line_1_13' title="bbox 688 2094 3361 2194; baseline -0.003 -19"><span class='ocrx_word' id='word_1_112' title='bbox 688 2099 904 2175; x_wconf 92' lang='lat' dir='ltr'><strong>simul</strong></span> <span class='ocrx_word' id='word_1_113' title='bbox 937 2098 1248 2172; x_wconf 83' lang='lat' dir='ltr'><strong>fuerunt.</strong></span> <span class='ocrx_word' id='word_1_114' title='bbox 1300 2098 1377 2168; x_wconf 92' lang='lat' dir='ltr'><strong>ln</strong></span> <span class='ocrx_word' id='word_1_115' title='bbox 1413 2118 1603 2186; x_wconf 89' lang='lat' dir='ltr'><strong>sero,</strong></span> <span class='ocrx_word' id='word_1_116' title='bbox 1653 2121 1779 2170; x_wconf 86' lang='lat' dir='ltr'><strong>rex</strong></span> <span class='ocrx_word' id='word_1_117' title='bbox 1820 2096 1994 2171; x_wconf 89' lang='lat' dir='ltr'><strong>fecit</strong></span> <span class='ocrx_word' id='word_1_118' title='bbox 2023 2120 2281 2171; x_wconf 87' lang='lat' dir='ltr'><strong>cenam</strong></span> <span class='ocrx_word' id='word_1_119' title='bbox 2311 2120 2479 2171; x_wconf 87' lang='lat' dir='ltr'><strong>cum</strong></span> <span class='ocrx_word' id='word_1_120' title='bbox 2511 2100 2730 2194; x_wconf 90' lang='lat' dir='ltr'><strong>Papa,</strong></span> <span class='ocrx_word' id='word_1_121' title='bbox 2780 2103 2851 2168; x_wconf 92' lang='lat' dir='ltr'><strong>et</strong></span> <span class='ocrx_word' id='word_1_122' title='bbox 2892 2094 3186 2169; x_wconf 88' lang='lat' dir='ltr'><strong>donavit</strong></span> <span class='ocrx_word' id='word_1_123' title='bbox 3229 2119 3361 2168; x_wconf 84' lang='lat' dir='ltr'><strong>rex</strong></span> 
     </span>
     <span class='ocr_line' id='line_1_14' title="bbox 688 2220 3363 2322; baseline -0.002 -23"><span class='ocrx_word' id='word_1_124' title='bbox 688 2229 882 2322; x_wconf 90' lang='lat' dir='ltr'><strong>Pape</strong></span> <span class='ocrx_word' id='word_1_125' title='bbox 930 2222 1159 2297; x_wconf 83' lang='lat' dir='ltr'><strong>bacile</strong></span> <span class='ocrx_word' id='word_1_126' title='bbox 1205 2245 1507 2296; x_wconf 89' lang='lat' dir='ltr'><strong>aureum</strong></span> <span class='ocrx_word' id='word_1_127' title='bbox 1555 2228 1628 2297; x_wconf 89' lang='lat' dir='ltr'><strong>et</strong></span> <span class='ocrx_word' id='word_1_128' title='bbox 1670 2221 1814 2296; x_wconf 94' lang='lat' dir='ltr'><strong>duo</strong></span> <span class='ocrx_word' id='word_1_129' title='bbox 1858 2222 1998 2296; x_wconf 87' lang='lat' dir='ltr'><strong>alia</strong></span> <span class='ocrx_word' id='word_1_130' title='bbox 2038 2246 2207 2296; x_wconf 88' lang='lat' dir='ltr'><strong>vasa</strong></span> <span class='ocrx_word' id='word_1_131' title='bbox 2252 2245 2475 2297; x_wconf 89' lang='lat' dir='ltr'><strong>aurea</strong></span> <span class='ocrx_word' id='word_1_132' title='bbox 2502 2221 2760 2295; x_wconf 85' lang='lat' dir='ltr'><strong>valoris</strong></span> <span class='ocrx_word' id='word_1_133' title='bbox 2800 2221 3017 2294; x_wconf 90' lang='lat' dir='ltr'><strong>trium</strong></span> <span class='ocrx_word' id='word_1_134' title='bbox 3047 2220 3363 2294; x_wconf 90' lang='lat' dir='ltr'><strong>millium</strong></span> 
     </span>
     <span class='ocr_line' id='line_1_15' title="bbox 688 2345 3363 2446; baseline -0.003 -23"><span class='ocrx_word' id='word_1_135' title='bbox 688 2351 1144 2438; x_wconf 82' lang='lat' dir='ltr'><strong>ducatorum,</strong></span> <span class='ocrx_word' id='word_1_136' title='bbox 1187 2349 1298 2422; x_wconf 90' lang='lat' dir='ltr'><strong>vel</strong></span> <span class='ocrx_word' id='word_1_137' title='bbox 1329 2348 1547 2422; x_wconf 86' lang='lat' dir='ltr'><strong>circa.</strong></span> <span class='ocrx_word' id='word_1_138' title='bbox 1589 2352 1963 2422; x_wconf 87' lang='lat' dir='ltr'><strong>Venerunt</strong></span> <span class='ocrx_word' id='word_1_139' title='bbox 2003 2349 2093 2423; x_wconf 92' lang='lat' dir='ltr'><strong>ad</strong></span> <span class='ocrx_word' id='word_1_140' title='bbox 2132 2348 2474 2446; x_wconf 89' lang='lat' dir='ltr'><strong>oppidum</strong></span> <span class='ocrx_word' id='word_1_141' title='bbox 2514 2347 2919 2445; x_wconf 89' lang='lat' dir='ltr'><strong>predictum</strong></span> <span class='ocrx_word' id='word_1_142' title='bbox 2953 2369 3117 2419; x_wconf 90' lang='lat' dir='ltr'><strong>cum</strong></span> <span class='ocrx_word' id='word_1_143' title='bbox 3164 2345 3363 2420; x_wconf 88' lang='lat' dir='ltr'><strong>dicto</strong></span> 
     </span>
     <span class='ocr_line' id='line_1_16' title="bbox 690 2470 3365 2569; baseline -0 -24"><span class='ocrx_word' id='word_1_144' title='bbox 690 2495 860 2569; x_wconf 85' lang='lat' dir='ltr'><strong>rege</strong></span> <span class='ocrx_word' id='word_1_145' title='bbox 906 2471 1367 2569; x_wconf 87' lang='lat' dir='ltr'><strong>quamplures</strong></span> <span class='ocrx_word' id='word_1_146' title='bbox 1409 2470 1650 2561; x_wconf 91' lang='lat' dir='ltr'><strong>Turci‚</strong></span> <span class='ocrx_word' id='word_1_147' title='bbox 1701 2491 2010 2567; x_wconf 87' lang='lat' dir='ltr'><strong>quorum</strong></span> <span class='ocrx_word' id='word_1_148' title='bbox 2054 2493 2239 2543; x_wconf 91' lang='lat' dir='ltr'><strong>unus</strong></span> <span class='ocrx_word' id='word_1_149' title='bbox 2284 2493 2503 2568; x_wconf 89' lang='lat' dir='ltr'><strong>super</strong></span> <span class='ocrx_word' id='word_1_150' title='bbox 2545 2470 2769 2544; x_wconf 89' lang='lat' dir='ltr'><strong>corda</strong></span> <span class='ocrx_word' id='word_1_151' title='bbox 2806 2472 2881 2544; x_wconf 92' lang='lat' dir='ltr'><strong>in</strong></span> <span class='ocrx_word' id='word_1_152' title='bbox 2924 2471 3149 2545; x_wconf 89' lang='lat' dir='ltr'><strong>altum</strong></span> <span class='ocrx_word' id='word_1_153' title='bbox 3190 2493 3365 2568; x_wconf 73' lang='lat' dir='ltr'><strong>pm-</strong></span> 
     </span>
     <span class='ocr_line' id='line_1_17' title="bbox 691 2594 3365 2693; baseline 0 -25"><span class='ocrx_word' id='word_1_154' title='bbox 691 2604 919 2685; x_wconf 87' lang='lat' dir='ltr'><strong>tensa,</strong></span> <span class='ocrx_word' id='word_1_155' title='bbox 964 2594 1176 2668; x_wconf 90' lang='lat' dir='ltr'><strong>nudis</strong></span> <span class='ocrx_word' id='word_1_156' title='bbox 1215 2595 1550 2692; x_wconf 81' lang='lat' dir='ltr'><strong>pedibuS,</strong></span> <span class='ocrx_word' id='word_1_157' title='bbox 1586 2619 1670 2668; x_wconf 90' lang='lat' dir='ltr'><strong>ac</strong></span> <span class='ocrx_word' id='word_1_158' title='bbox 1702 2619 1870 2668; x_wconf 89' lang='lat' dir='ltr'><strong>cum</strong></span> <span class='ocrx_word' id='word_1_159' title='bbox 1913 2595 2379 2693; x_wconf 87' lang='lat' dir='ltr'><strong>calopedidus</strong></span> <span class='ocrx_word' id='word_1_160' title='bbox 2412 2619 2496 2669; x_wconf 90' lang='lat' dir='ltr'><strong>ac</strong></span> <span class='ocrx_word' id='word_1_161' title='bbox 2527 2596 2833 2669; x_wconf 91' lang='lat' dir='ltr'><strong>cultellis</strong></span> <span class='ocrx_word' id='word_1_162' title='bbox 2874 2596 3007 2669; x_wconf 91' lang='lat' dir='ltr'><strong>sub</strong></span> <span class='ocrx_word' id='word_1_163' title='bbox 3050 2596 3365 2692; x_wconf 89' lang='lat' dir='ltr'><strong>pedibus</strong></span> 
     </span>
     <span class='ocr_line' id='line_1_18' title="bbox 685 2718 3365 2817; baseline 0.002 -27"><span class='ocrx_word' id='word_1_164' title='bbox 685 2718 1173 2815; x_wconf 37' lang='lat' dir='ltr'><strong>ligatiS„cum</strong></span> <span class='ocrx_word' id='word_1_165' title='bbox 1233 2719 1559 2792; x_wconf 90' lang='lat' dir='ltr'><strong>omnium</strong></span> <span class='ocrx_word' id='word_1_166' title='bbox 1608 2743 1875 2817; x_wconf 86' lang='lat' dir='ltr'><strong>magna</strong></span> <span class='ocrx_word' id='word_1_167' title='bbox 1918 2720 2393 2796; x_wconf 87' lang='lat' dir='ltr'><strong>admiratione</strong></span> <span class='ocrx_word' id='word_1_168' title='bbox 2438 2720 2854 2811; x_wconf 84' lang='lat' dir='ltr'><strong>ambulavit,</strong></span> <span class='ocrx_word' id='word_1_169' title='bbox 2910 2721 3227 2812; x_wconf 80' lang='lat' dir='ltr'><strong>saltavit3</strong></span> <span class='ocrx_word' id='word_1_170' title='bbox 3294 2731 3365 2796; x_wconf 90' lang='lat' dir='ltr'><strong>et</strong></span> 
     </span>
     <span class='ocr_line' id='line_1_19' title="bbox 688 2842 3363 2942; baseline 0.001 -26"><span class='ocrx_word' id='word_1_171' title='bbox 688 2842 1003 2916; x_wconf 89' lang='lat' dir='ltr'><strong>crinibus</strong></span> <span class='ocrx_word' id='word_1_172' title='bbox 1037 2849 1318 2916; x_wconf 87' lang='lat' dir='ltr'><strong>tantum</strong></span> <span class='ocrx_word' id='word_1_173' title='bbox 1350 2845 1570 2918; x_wconf 92' lang='lat' dir='ltr'><strong>corda</strong></span> <span class='ocrx_word' id='word_1_174' title='bbox 1595 2844 1751 2941; x_wconf 90' lang='lat' dir='ltr'><strong>ipsa</strong></span> <span class='ocrx_word' id='word_1_175' title='bbox 1773 2844 2116 2942; x_wconf 84' lang='lat' dir='ltr'><strong>alligatis;</strong></span> <span class='ocrx_word' id='word_1_176' title='bbox 2149 2845 2391 2935; x_wconf 87' lang='lat' dir='ltr'><strong>tertio,</strong></span> <span class='ocrx_word' id='word_1_177' title='bbox 2422 2869 2590 2919; x_wconf 86' lang='lat' dir='ltr'><strong>oum</strong></span> <span class='ocrx_word' id='word_1_178' title='bbox 2612 2869 2785 2920; x_wconf 89' lang='lat' dir='ltr'><strong>arcu</strong></span> <span class='ocrx_word' id='word_1_179' title='bbox 2806 2847 2895 2920; x_wconf 90' lang='lat' dir='ltr'><strong>ad</strong></span> <span class='ocrx_word' id='word_1_180' title='bbox 2921 2846 3267 2922; x_wconf 88' lang='lat' dir='ltr'><strong>birettum</strong></span> <span class='ocrx_word' id='word_1_181' title='bbox 3294 2848 3363 2920; x_wconf 89' lang='lat' dir='ltr'><strong>in</strong></span> 
     </span>
     <span class='ocr_line' id='line_1_20' title="bbox 688 2967 3363 3069; baseline 0.003 -31"><span class='ocrx_word' id='word_1_182' title='bbox 688 2974 882 3040; x_wconf 89' lang='lat' dir='ltr'><strong>terra</strong></span> <span class='ocrx_word' id='word_1_183' title='bbox 909 2967 1226 3064; x_wconf 87' lang='lat' dir='ltr'><strong>positum</strong></span> <span class='ocrx_word' id='word_1_184' title='bbox 1255 2967 1589 3042; x_wconf 88' lang='lat' dir='ltr'><strong>trahebat</strong></span> <span class='ocrx_word' id='word_1_185' title='bbox 1623 2977 1692 3042; x_wconf 85' lang='lat' dir='ltr'><strong>et</strong></span> <span class='ocrx_word' id='word_1_186' title='bbox 1723 2970 1907 3043; x_wconf 91' lang='lat' dir='ltr'><strong>alios</strong></span> <span class='ocrx_word' id='word_1_187' title='bbox 1936 2970 2401 3068; x_wconf 89' lang='lat' dir='ltr'><strong>quamplures</strong></span> <span class='ocrx_word' id='word_1_188' title='bbox 2432 2979 2638 3046; x_wconf 88' lang='lat' dir='ltr'><strong>actus</strong></span> <span class='ocrx_word' id='word_1_189' title='bbox 2668 2973 3117 3069; x_wconf 88' lang='lat' dir='ltr'><strong>periculosos</strong></span> <span class='ocrx_word' id='word_1_190' title='bbox 3154 2997 3363 3047; x_wconf 82' lang='lat' dir='ltr'><strong>exer-</strong></span> 
     </span>
     <span class='ocr_line' id='line_1_21' title="bbox 687 3091 3033 3194; baseline 0.003 -30"><span class='ocrx_word' id='word_1_191' title='bbox 687 3091 862 3180; x_wconf 90' lang='lat' dir='ltr'><strong>cuit,</strong></span> <span class='ocrx_word' id='word_1_192' title='bbox 897 3093 1093 3189; x_wconf 90' lang='lat' dir='ltr'><strong>Papa</strong></span> <span class='ocrx_word' id='word_1_193' title='bbox 1121 3098 1196 3165; x_wconf 87' lang='lat' dir='ltr'><strong>et</strong></span> <span class='ocrx_word' id='word_1_194' title='bbox 1225 3092 1583 3189; x_wconf 89' lang='lat' dir='ltr'><strong>aliquibus</strong></span> <span class='ocrx_word' id='word_1_195' title='bbox 1615 3092 1704 3168; x_wconf 90' lang='lat' dir='ltr'><strong>de</strong></span> <span class='ocrx_word' id='word_1_196' title='bbox 1735 3093 1945 3168; x_wconf 86' lang='lat' dir='ltr'><strong>dictis</strong></span> <span class='ocrx_word' id='word_1_197' title='bbox 1978 3096 2459 3170; x_wconf 87' lang='lat' dir='ltr'><strong>cardinalibus</strong></span> <span class='ocrx_word' id='word_1_198' title='bbox 2490 3097 3033 3194; x_wconf 87' lang='lat' dir='ltr'><strong>aspicientibus.</strong></span> 
     </span>
    </p>

    <p class='ocr_par' dir='ltr' id='par_1_5' title="bbox 673 3217 3367 5314">
     <span class='ocr_line' id='line_1_22' title="bbox 789 3217 3367 3319; baseline 0.003 -31"><span class='ocrx_word' id='word_1_199' title='bbox 789 3217 1006 3288; x_wconf 86' lang='lat' dir='ltr'><strong>Feria-</strong></span> <span class='ocrx_word' id='word_1_200' title='bbox 1051 3222 1332 3312; x_wconf 89' lang='lat' dir='ltr'><strong>quarta,</strong></span> <span class='ocrx_word' id='word_1_201' title='bbox 1403 3222 1489 3289; x_wconf 84' lang='lat'><strong>16</strong></span> <span class='ocrx_word' id='word_1_202' title='bbox 1549 3220 1823 3293; x_wconf 91' lang='lat' dir='ltr'><strong>mensis</strong></span> <span class='ocrx_word' id='word_1_203' title='bbox 1874 3220 2035 3318; x_wconf 90' lang='lat' dir='ltr'><strong>julii</strong></span> <span class='ocrx_word' id='word_1_204' title='bbox 2090 3222 2423 3319; x_wconf 87' lang='lat' dir='ltr'><strong>predicti,</strong></span> <span class='ocrx_word' id='word_1_205' title='bbox 2484 3225 2611 3296; x_wconf 88' lang='lat' dir='ltr'><strong>SS.</strong></span> <span class='ocrx_word' id='word_1_206' title='bbox 2678 3227 2764 3295; x_wconf 92' lang='lat' dir='ltr'><strong>D.</strong></span> <span class='ocrx_word' id='word_1_207' title='bbox 2828 3229 3101 3314; x_wconf 83' lang='lat' dir='ltr'><strong>noster,</strong></span> <span class='ocrx_word' id='word_1_208' title='bbox 3166 3224 3367 3298; x_wconf 84' lang='lat' dir='ltr'><strong>circa</strong></span> 
     </span>
     <span class='ocr_line' id='line_1_23' title="bbox 673 3341 3364 3443; baseline 0.002 -27"><span class='ocrx_word' id='word_1_209' title='bbox 673 3344 948 3416; x_wconf 85' lang='lat' dir='ltr'><strong>-horam</strong></span> <span class='ocrx_word' id='word_1_210' title='bbox 993 3341 1415 3436; x_wconf 85' lang='lat' dir='ltr'><strong>vigesimam</strong></span> <span class='ocrx_word' id='word_1_211' title='bbox 1474 3351 1802 3438; x_wconf 87' lang='lat' dir='ltr'><strong>quartam</strong></span> <span class='ocrx_word' id='word_1_212' title='bbox 1866 3369 2129 3443; x_wconf 91' lang='lat' dir='ltr'><strong>equum</strong></span> <span class='ocrx_word' id='word_1_213' title='bbox 2184 3349 2613 3438; x_wconf 77' lang='lat' dir='ltr'><strong>ascendens,</strong></span> <span class='ocrx_word' id='word_1_214' title='bbox 2647 3349 2977 3431; x_wconf 69' lang='lat' dir='ltr'><strong>,recessit</strong></span> <span class='ocrx_word' id='word_1_215' title='bbox 3025 3371 3116 3421; x_wconf 87' lang='lat' dir='ltr'><strong>ex</strong></span> <span class='ocrx_word' id='word_1_216' title='bbox 3164 3348 3364 3422; x_wconf 90' lang='lat' dir='ltr'><strong>dicto</strong></span> 
     </span>
     <span class='ocr_line' id='line_1_24' title="bbox 691 3451 3358 3567; baseline 0.001 -27"><span class='ocrx_word' id='word_1_217' title='bbox 691 3466 954 3563; x_wconf 89' lang='lat' dir='ltr'><strong>oppido</strong></span> <span class='ocrx_word' id='word_1_218' title='bbox 993 3487 1126 3561; x_wconf 92' lang='lat' dir='ltr'><strong>per</strong></span> <span class='ocrx_word' id='word_1_219' title='bbox 1168 3472 1448 3561; x_wconf 90' lang='lat' dir='ltr'><strong>portam</strong></span> <span class='ocrx_word' id='word_1_220' title='bbox 1494 3451 1975 3564; x_wconf 70' lang='lat' dir='ltr'><strong>superiorem,</strong></span> <span class='ocrx_word' id='word_1_221' title='bbox 2026 3468 2354 3543; x_wconf 89' lang='lat' dir='ltr'><strong>videlicet</strong></span> <span class='ocrx_word' id='word_1_222' title='bbox 2400 3492 2628 3567; x_wconf 89' lang='lat' dir='ltr'><strong>prope</strong></span> <span class='ocrx_word' id='word_1_223' title='bbox 2671 3476 2987 3544; x_wconf 88' lang='lat' dir='ltr'><strong>castrum</strong></span> <span class='ocrx_word' id='word_1_224' title='bbox 3014 3469 3358 3566; x_wconf 86' lang='lat' dir='ltr'><strong>positam,</strong></span> 
     </span>
     <span class='ocr_line' id='line_1_25' title="bbox 690 3589 3365 3690; baseline 0.002 -28"><span class='ocrx_word' id='word_1_225' title='bbox 690 3611 908 3683; x_wconf 90' lang='lat' dir='ltr'><strong>quem</strong></span> <span class='ocrx_word' id='word_1_226' title='bbox 953 3611 1082 3661; x_wconf 87' lang='lat' dir='ltr'><strong>rex</strong></span> <span class='ocrx_word' id='word_1_227' title='bbox 1123 3589 1488 3685; x_wconf 84' lang='lat' dir='ltr'><strong>predictus</strong></span> <span class='ocrx_word' id='word_1_228' title='bbox 1525 3593 1911 3666; x_wconf 90' lang='lat' dir='ltr'><strong>associavit</strong></span> <span class='ocrx_word' id='word_1_229' title='bbox 1944 3593 2036 3666; x_wconf 90' lang='lat' dir='ltr'><strong>ad</strong></span> <span class='ocrx_word' id='word_1_230' title='bbox 2080 3593 2443 3667; x_wconf 88' lang='lat' dir='ltr'><strong>sinistram</strong></span> <span class='ocrx_word' id='word_1_231' title='bbox 2491 3598 2681 3690; x_wconf 89' lang='lat' dir='ltr'><strong>Pape</strong></span> <span class='ocrx_word' id='word_1_232' title='bbox 2726 3593 3083 3690; x_wconf 80' lang='lat' dir='ltr'><strong>equitans,</strong></span> <span class='ocrx_word' id='word_1_233' title='bbox 3130 3593 3365 3667; x_wconf 87' lang='lat' dir='ltr'><strong>cardi-</strong></span> 
     </span>
     <span class='ocr_line' id='line_1_26' title="bbox 691 3713 3363 3815; baseline 0.002 -29"><span class='ocrx_word' id='word_1_234' title='bbox 691 3713 971 3786; x_wconf 89' lang='lat' dir='ltr'><strong>nalibus</strong></span> <span class='ocrx_word' id='word_1_235' title='bbox 1011 3714 1440 3810; x_wconf 88' lang='lat' dir='ltr'><strong>supradictis</strong></span> <span class='ocrx_word' id='word_1_236' title='bbox 1474 3739 1766 3815; x_wconf 87' lang='lat' dir='ltr'><strong>semper</strong></span> <span class='ocrx_word' id='word_1_237' title='bbox 1794 3741 2055 3815; x_wconf 90' lang='lat' dir='ltr'><strong>papam</strong></span> <span class='ocrx_word' id='word_1_238' title='bbox 2096 3726 2169 3793; x_wconf 90' lang='lat' dir='ltr'><strong>et</strong></span> <span class='ocrx_word' id='word_1_239' title='bbox 2204 3741 2453 3815; x_wconf 84' lang='lat' dir='ltr'><strong>regem</strong></span> <span class='ocrx_word' id='word_1_240' title='bbox 2494 3719 2963 3815; x_wconf 88' lang='lat' dir='ltr'><strong>sequentibus</strong></span> <span class='ocrx_word' id='word_1_241' title='bbox 3009 3744 3024 3792; x_wconf 75' lang='grc' dir='ltr'><em>τ</em></span> <span class='ocrx_word' id='word_1_242' title='bbox 3062 3742 3245 3792; x_wconf 82' lang='lat' dir='ltr'><strong>crux</strong></span> <span class='ocrx_word' id='word_1_243' title='bbox 3290 3728 3363 3792; x_wconf 87' lang='lat' dir='ltr'><strong>et</strong></span> 
     </span>
     <span class='ocr_line' id='line_1_27' title="bbox 692 3829 3360 3940; baseline 0.001 -27"><span class='ocrx_word' id='word_1_244' title='bbox 692 3848 1226 3914; x_wconf 90' lang='lat' dir='ltr'><strong>sacramentum</strong></span> <span class='ocrx_word' id='word_1_245' title='bbox 1271 3829 1758 3935; x_wconf 87' lang='lat' dir='ltr'><strong>precedebant</strong></span> <span class='ocrx_word' id='word_1_246' title='bbox 1803 3863 2091 3937; x_wconf 87' lang='lat' dir='ltr'><strong>papam,</strong></span> <span class='ocrx_word' id='word_1_247' title='bbox 2146 3844 2276 3916; x_wconf 89' lang='lat' dir='ltr'><strong>sed</strong></span> <span class='ocrx_word' id='word_1_248' title='bbox 2317 3865 2582 3940; x_wconf 85' lang='lat' dir='ltr'><strong>magna</strong></span> <span class='ocrx_word' id='word_1_249' title='bbox 2627 3841 3007 3916; x_wconf 87' lang='lat' dir='ltr'><strong>multitudo</strong></span> <span class='ocrx_word' id='word_1_250' title='bbox 3046 3842 3360 3916; x_wconf 89' lang='lat' dir='ltr'><strong>militum</strong></span> 
     </span>
     <span class='ocr_line' id='line_1_28' title="bbox 691 3961 3362 4063; baseline 0.001 -26"><span class='ocrx_word' id='word_1_251' title='bbox 691 3969 847 4037; x_wconf 90' lang='lat' dir='ltr'><strong>erat</strong></span> <span class='ocrx_word' id='word_1_252' title='bbox 871 3961 1326 4036; x_wconf 87' lang='lat' dir='ltr'><strong>intermedia.</strong></span> <span class='ocrx_word' id='word_1_253' title='bbox 1375 3965 1726 4036; x_wconf 89' lang='lat' dir='ltr'><strong>Pervento</strong></span> <span class='ocrx_word' id='word_1_254' title='bbox 1757 3963 1849 4036; x_wconf 90' lang='lat' dir='ltr'><strong>ad</strong></span> <span class='ocrx_word' id='word_1_255' title='bbox 1884 3966 2198 4061; x_wconf 88' lang='lat' dir='ltr'><strong>primum</strong></span> <span class='ocrx_word' id='word_1_256' title='bbox 2220 3966 2531 4041; x_wconf 88' lang='lat' dir='ltr'><strong>rivulum</strong></span> <span class='ocrx_word' id='word_1_257' title='bbox 2562 3990 2746 4063; x_wconf 91' lang='lat' dir='ltr'><strong>aque</strong></span> <span class='ocrx_word' id='word_1_258' title='bbox 2780 3967 2962 4040; x_wconf 88' lang='lat' dir='ltr'><strong>viam</strong></span> <span class='ocrx_word' id='word_1_259' title='bbox 2996 3975 3362 4043; x_wconf 85' lang='lat' dir='ltr'><strong>transver-</strong></span> 
     </span>
     <span class='ocr_line' id='line_1_29' title="bbox 691 4084 3365 4184; baseline 0.002 -24"><span class='ocrx_word' id='word_1_260' title='bbox 691 4094 998 4178; x_wconf 85' lang='lat' dir='ltr'><strong>santem,</strong></span> <span class='ocrx_word' id='word_1_261' title='bbox 1047 4088 1169 4184; x_wconf 93' lang='lat' dir='ltr'><strong>qui</strong></span> <span class='ocrx_word' id='word_1_262' title='bbox 1217 4086 1431 4160; x_wconf 90' lang='lat' dir='ltr'><strong>distat</strong></span> <span class='ocrx_word' id='word_1_263' title='bbox 1471 4107 1514 4157; x_wconf 90' lang='lat' dir='ltr'><strong>a</strong></span> <span class='ocrx_word' id='word_1_264' title='bbox 1556 4084 1935 4160; x_wconf 90' lang='lat' dir='ltr'><strong>Vicovario</strong></span> <span class='ocrx_word' id='word_1_265' title='bbox 1963 4086 2059 4161; x_wconf 87' lang='lat' dir='ltr'><strong>ad</strong></span> <span class='ocrx_word' id='word_1_266' title='bbox 2103 4088 2425 4162; x_wconf 90' lang='lat' dir='ltr'><strong>medium</strong></span> <span class='ocrx_word' id='word_1_267' title='bbox 2473 4089 2780 4163; x_wconf 86' lang='lat' dir='ltr'><strong>milliare</strong></span> <span class='ocrx_word' id='word_1_268' title='bbox 2827 4090 2939 4165; x_wconf 85' lang='lat' dir='ltr'><strong>vel</strong></span> <span class='ocrx_word' id='word_1_269' title='bbox 2978 4091 3201 4180; x_wconf 89' lang='lat' dir='ltr'><strong>circa,</strong></span> <span class='ocrx_word' id='word_1_270' title='bbox 3238 4116 3365 4165; x_wconf 85' lang='lat' dir='ltr'><strong>rex</strong></span> 
     </span>
     <span class='ocr_line' id='line_1_30' title="bbox 690 4210 3359 4314; baseline 0.003 -30"><span class='ocrx_word' id='word_1_271' title='bbox 690 4233 734 4284; x_wconf 89' lang='lat' dir='ltr'><strong>a</strong></span> <span class='ocrx_word' id='word_1_272' title='bbox 780 4213 977 4308; x_wconf 91' lang='lat' dir='ltr'><strong>Papa</strong></span> <span class='ocrx_word' id='word_1_273' title='bbox 1019 4210 1426 4285; x_wconf 90' lang='lat' dir='ltr'><strong>licentiatus</strong></span> <span class='ocrx_word' id='word_1_274' title='bbox 1475 4211 1895 4284; x_wconf 87' lang='lat' dir='ltr'><strong>retrocessit</strong></span> <span class='ocrx_word' id='word_1_275' title='bbox 1946 4213 2036 4287; x_wconf 91' lang='lat' dir='ltr'><strong>ad</strong></span> <span class='ocrx_word' id='word_1_276' title='bbox 2065 4214 2551 4306; x_wconf 88' lang='lat' dir='ltr'><strong>Vioovarium,</strong></span> <span class='ocrx_word' id='word_1_277' title='bbox 2606 4222 2675 4289; x_wconf 87' lang='lat' dir='ltr'><strong>et</strong></span> <span class='ocrx_word' id='word_1_278' title='bbox 2724 4220 2917 4314; x_wconf 90' lang='lat' dir='ltr'><strong>Papa</strong></span> <span class='ocrx_word' id='word_1_279' title='bbox 2962 4217 3101 4290; x_wconf 89' lang='lat' dir='ltr'><strong>iter</strong></span> <span class='ocrx_word' id='word_1_280' title='bbox 3145 4241 3359 4292; x_wconf 87' lang='lat' dir='ltr'><strong>suum</strong></span> 
     </span>
     <span class='ocr_line' id='line_1_31' title="bbox 687 4334 3358 4438; baseline 0.003 -31"><span class='ocrx_word' id='word_1_281' title='bbox 687 4359 937 4408; x_wconf 89' lang='lat' dir='ltr'><strong>versus</strong></span> <span class='ocrx_word' id='word_1_282' title='bbox 984 4334 1358 4409; x_wconf 80' lang='lat' dir='ltr'><strong>Tiburtum</strong></span> <span class='ocrx_word' id='word_1_283' title='bbox 1394 4343 1819 4434; x_wconf 90' lang='lat' dir='ltr'><strong>prosecutus</strong></span> <span class='ocrx_word' id='word_1_284' title='bbox 1858 4346 1964 4413; x_wconf 88' lang='lat' dir='ltr'><strong>est</strong></span> <span class='ocrx_word' id='word_1_285' title='bbox 2016 4363 2031 4411; x_wconf 90' lang='lat'><strong>:</strong></span> <span class='ocrx_word' id='word_1_286' title='bbox 2076 4339 2349 4414; x_wconf 88' lang='lat' dir='ltr'><strong>familia</strong></span> <span class='ocrx_word' id='word_1_287' title='bbox 2389 4341 2579 4438; x_wconf 87' lang='lat' dir='ltr'><strong>regis</strong></span> <span class='ocrx_word' id='word_1_288' title='bbox 2618 4348 2771 4416; x_wconf 86' lang='lat' dir='ltr'><strong>tota</strong></span> <span class='ocrx_word' id='word_1_289' title='bbox 2805 4367 2972 4420; x_wconf 85' lang='lat' dir='ltr'><strong>cum</strong></span> <span class='ocrx_word' id='word_1_290' title='bbox 3015 4344 3358 4418; x_wconf 88' lang='lat' dir='ltr'><strong>omnibus</strong></span> 
     </span>
     <span class='ocr_line' id='line_1_32' title="bbox 690 4461 3361 4555; baseline 0.003 -22"><span class='ocrx_word' id='word_1_291' title='bbox 690 4483 944 4534; x_wconf 89' lang='lat' dir='ltr'><strong>eorum</strong></span> <span class='ocrx_word' id='word_1_292' title='bbox 975 4461 1396 4555; x_wconf 86' lang='lat' dir='ltr'><strong>equitaturis</strong></span> <span class='ocrx_word' id='word_1_293' title='bbox 1432 4467 1504 4536; x_wconf 89' lang='lat' dir='ltr'><strong>et</strong></span> <span class='ocrx_word' id='word_1_294' title='bbox 1537 4463 1780 4537; x_wconf 90' lang='lat' dir='ltr'><strong>salmis</strong></span> <span class='ocrx_word' id='word_1_295' title='bbox 1818 4486 1907 4536; x_wconf 84' lang='lat' dir='ltr'><strong>ex</strong></span> <span class='ocrx_word' id='word_1_296' title='bbox 1930 4464 2306 4539; x_wconf 86' lang='lat' dir='ltr'><strong>Vicovario</strong></span> <span class='ocrx_word' id='word_1_297' title='bbox 2337 4473 2411 4540; x_wconf 89' lang='lat' dir='ltr'><strong>et</strong></span> <span class='ocrx_word' id='word_1_298' title='bbox 2438 4467 2665 4540; x_wconf 88' lang='lat' dir='ltr'><strong>vineis</strong></span> <span class='ocrx_word' id='word_1_299' title='bbox 2706 4473 2779 4541; x_wconf 90' lang='lat' dir='ltr'><strong>et</strong></span> <span class='ocrx_word' id='word_1_300' title='bbox 2808 4469 3018 4553; x_wconf 71' lang='lat' dir='ltr'><strong>intra,</strong></span> <span class='ocrx_word' id='word_1_301' title='bbox 3066 4474 3142 4542; x_wconf 90' lang='lat' dir='ltr'><strong>et</strong></span> <span class='ocrx_word' id='word_1_302' title='bbox 3172 4469 3361 4542; x_wconf 88' lang='lat' dir='ltr'><strong>ultra</strong></span> 
     </span>
     <span class='ocr_line' id='line_1_33' title="bbox 692 4585 3357 4688; baseline 0.003 -32"><span class='ocrx_word' id='word_1_303' title='bbox 692 4585 962 4661; x_wconf 87' lang='lat' dir='ltr'><strong>flumen</strong></span> <span class='ocrx_word' id='word_1_304' title='bbox 1012 4585 1353 4683; x_wconf 87' lang='lat' dir='ltr'><strong>hospitati</strong></span> <span class='ocrx_word' id='word_1_305' title='bbox 1409 4592 1599 4677; x_wconf 91' lang='lat' dir='ltr'><strong>sunt,</strong></span> <span class='ocrx_word' id='word_1_306' title='bbox 1650 4586 1772 4660; x_wconf 94' lang='lat' dir='ltr'><strong>ubi</strong></span> <span class='ocrx_word' id='word_1_307' title='bbox 1828 4611 1919 4661; x_wconf 85' lang='lat' dir='ltr'><strong>ex</strong></span> <span class='ocrx_word' id='word_1_308' title='bbox 1971 4588 2189 4662; x_wconf 90' lang='lat' dir='ltr'><strong>ramis</strong></span> <span class='ocrx_word' id='word_1_309' title='bbox 2244 4589 2579 4664; x_wconf 89' lang='lat' dir='ltr'><strong>arborum</strong></span> <span class='ocrx_word' id='word_1_310' title='bbox 2626 4614 2710 4666; x_wconf 89' lang='lat' dir='ltr'><strong>ac</strong></span> <span class='ocrx_word' id='word_1_311' title='bbox 2758 4591 2935 4688; x_wconf 86' lang='lat' dir='ltr'><strong>ipsis</strong></span> <span class='ocrx_word' id='word_1_312' title='bbox 2975 4591 3357 4666; x_wconf 86' lang='lat' dir='ltr'><strong>arboribus</strong></span> 
     </span>
     <span class='ocr_line' id='line_1_34' title="bbox 691 4711 3357 4815; baseline 0.004 -35"><span class='ocrx_word' id='word_1_313' title='bbox 691 4717 1255 4804; x_wconf 88' lang='lat' dir='ltr'><strong>composuerunt</strong></span> <span class='ocrx_word' id='word_1_314' title='bbox 1311 4712 1386 4785; x_wconf 91' lang='lat' dir='ltr'><strong>in</strong></span> <span class='ocrx_word' id='word_1_315' title='bbox 1461 4711 1757 4786; x_wconf 90' lang='lat' dir='ltr'><strong>modum</strong></span> <span class='ocrx_word' id='word_1_316' title='bbox 1824 4720 2225 4788; x_wconf 88' lang='lat' dir='ltr'><strong>castrorum</strong></span> <span class='ocrx_word' id='word_1_317' title='bbox 2282 4716 2502 4812; x_wconf 85' lang='lat' dir='ltr'><strong>longa</strong></span> <span class='ocrx_word' id='word_1_318' title='bbox 2554 4722 2627 4791; x_wconf 87' lang='lat' dir='ltr'><strong>et</strong></span> <span class='ocrx_word' id='word_1_319' title='bbox 2659 4716 2807 4791; x_wconf 88' lang='lat' dir='ltr'><strong>lata</strong></span> <span class='ocrx_word' id='word_1_320' title='bbox 2846 4715 3239 4815; x_wconf 87' lang='lat' dir='ltr'><strong>[tentoria],</strong></span> <span class='ocrx_word' id='word_1_321' title='bbox 3283 4719 3357 4790; x_wconf 92' lang='lat' dir='ltr'><strong>in</strong></span> 
     </span>
     <span class='ocr_line' id='line_1_35' title="bbox 689 4833 3359 4938; baseline 0.005 -36"><span class='ocrx_word' id='word_1_322' title='bbox 689 4853 999 4926; x_wconf 90' lang='lat' dir='ltr'><strong>quorum</strong></span> <span class='ocrx_word' id='word_1_323' title='bbox 1029 4833 1255 4908; x_wconf 90' lang='lat' dir='ltr'><strong>altero</strong></span> <span class='ocrx_word' id='word_1_324' title='bbox 1306 4835 1624 4933; x_wconf 89' lang='lat' dir='ltr'><strong>quinque</strong></span> <span class='ocrx_word' id='word_1_325' title='bbox 1652 4860 1879 4934; x_wconf 89' lang='lat' dir='ltr'><strong>equos</strong></span> <span class='ocrx_word' id='word_1_326' title='bbox 1908 4839 2021 4913; x_wconf 88' lang='lat' dir='ltr'><strong>vel</strong></span> <span class='ocrx_word' id='word_1_327' title='bbox 2057 4840 2250 4913; x_wconf 89' lang='lat' dir='ltr'><strong>circa</strong></span> <span class='ocrx_word' id='word_1_328' title='bbox 2280 4839 2637 4934; x_wconf 85' lang='lat' dir='ltr'><strong>locarunt,</strong></span> <span class='ocrx_word' id='word_1_329' title='bbox 2680 4841 2931 4938; x_wconf 89' lang='lat' dir='ltr'><strong>paucis</strong></span> <span class='ocrx_word' id='word_1_330' title='bbox 2962 4841 3359 4918; x_wconf 88' lang='lat' dir='ltr'><strong>admodum</strong></span> 
     </span>
     <span class='ocr_line' id='line_1_36' title="bbox 691 4955 3359 5061; baseline 0.005 -35"><span class='ocrx_word' id='word_1_331' title='bbox 691 4955 1053 5029; x_wconf 90' lang='lat' dir='ltr'><strong>nobilibus</strong></span> <span class='ocrx_word' id='word_1_332' title='bbox 1097 4959 1441 5034; x_wconf 86' lang='lat' dir='ltr'><strong>duntaxat</strong></span> <span class='ocrx_word' id='word_1_333' title='bbox 1469 4984 1637 5034; x_wconf 88' lang='lat' dir='ltr'><strong>cum</strong></span> <span class='ocrx_word' id='word_1_334' title='bbox 1669 4984 1839 5058; x_wconf 85' lang='lat' dir='ltr'><strong>rege</strong></span> <span class='ocrx_word' id='word_1_335' title='bbox 1870 4963 1943 5036; x_wconf 92' lang='lat' dir='ltr'><strong>in</strong></span> <span class='ocrx_word' id='word_1_336' title='bbox 1973 4972 2209 5039; x_wconf 88' lang='lat' dir='ltr'><strong>castro</strong></span> <span class='ocrx_word' id='word_1_337' title='bbox 2253 4965 2663 5061; x_wconf 82' lang='lat' dir='ltr'><strong>hospitatis,</strong></span> <span class='ocrx_word' id='word_1_338' title='bbox 2712 4966 2919 5040; x_wconf 88' lang='lat' dir='ltr'><strong>Circa</strong></span> <span class='ocrx_word' id='word_1_339' title='bbox 2962 4967 3359 5040; x_wconf 88' lang='lat' dir='ltr'><strong>secundam</strong></span> 
     </span>
     <span class='ocr_line' id='line_1_37' title="bbox 688 5079 3355 5182; baseline 0.004 -31"><span class='ocrx_word' id='word_1_340' title='bbox 688 5079 944 5152; x_wconf 89' lang='lat' dir='ltr'><strong>horam</strong></span> <span class='ocrx_word' id='word_1_341' title='bbox 975 5082 1235 5174; x_wconf 77' lang='lat' dir='ltr'><strong>noctiS‚</strong></span> <span class='ocrx_word' id='word_1_342' title='bbox 1288 5086 1480 5181; x_wconf 91' lang='lat' dir='ltr'><strong>Papa</strong></span> <span class='ocrx_word' id='word_1_343' title='bbox 1521 5086 1733 5160; x_wconf 84' lang='lat' dir='ltr'><strong>rediit</strong></span> <span class='ocrx_word' id='word_1_344' title='bbox 1773 5088 2178 5178; x_wconf 88' lang='lat' dir='ltr'><strong>Tiburtum,</strong></span> <span class='ocrx_word' id='word_1_345' title='bbox 2216 5097 2289 5164; x_wconf 91' lang='lat' dir='ltr'><strong>et</strong></span> <span class='ocrx_word' id='word_1_346' title='bbox 2338 5089 2409 5162; x_wconf 90' lang='lat' dir='ltr'><strong>in</strong></span> <span class='ocrx_word' id='word_1_347' title='bbox 2442 5097 2797 5165; x_wconf 86' lang='lat' dir='ltr'><strong>conventu</strong></span> <span class='ocrx_word' id='word_1_348' title='bbox 2844 5116 2903 5164; x_wconf 92' lang='lat' dir='ltr'><strong>s.</strong></span> <span class='ocrx_word' id='word_1_349' title='bbox 2958 5093 3355 5182; x_wconf 87' lang='lat' dir='ltr'><strong>Francisci‚</strong></span> 
     </span>
     <span class='ocr_line' id='line_1_38' title="bbox 692 5205 3361 5314; baseline 0.004 -37"><span class='ocrx_word' id='word_1_350' title='bbox 692 5205 994 5301; x_wconf 87' lang='lat' dir='ltr'><strong>pristino</strong></span> <span class='ocrx_word' id='word_1_351' title='bbox 1034 5208 1348 5305; x_wconf 85' lang='lat' dir='ltr'><strong>hospitio</strong></span> <span class='ocrx_word' id='word_1_352' title='bbox 1381 5232 1540 5301; x_wconf 91' lang='lat' dir='ltr'><strong>su0,</strong></span> <span class='ocrx_word' id='word_1_353' title='bbox 1577 5235 1654 5286; x_wconf 91' lang='lat' dir='ltr'><strong>se</strong></span> <span class='ocrx_word' id='word_1_354' title='bbox 1687 5215 1985 5310; x_wconf 86' lang='lat' dir='ltr'><strong>recepit.</strong></span> <span class='ocrx_word' id='word_1_355' title='bbox 2034 5214 2383 5289; x_wconf 88' lang='lat' dir='ltr'><strong>Similiter</strong></span> <span class='ocrx_word' id='word_1_356' title='bbox 2425 5224 2493 5288; x_wconf 87' lang='lat' dir='ltr'><strong>et</strong></span> <span class='ocrx_word' id='word_1_357' title='bbox 2536 5217 2965 5306; x_wconf 80' lang='lat' dir='ltr'><strong>cardinaleS,</strong></span> <span class='ocrx_word' id='word_1_358' title='bbox 3001 5217 3263 5314; x_wconf 87' lang='lat' dir='ltr'><strong>prelati</strong></span> <span class='ocrx_word' id='word_1_359' title='bbox 3291 5225 3361 5290; x_wconf 87' lang='lat' dir='ltr'><strong>et</strong></span> 
     </span>
    </p>
   </div>
   <div class='ocr_carea' id='block_1_3' title="bbox 3532 15 3548 3932">
    <p class='ocr_par' dir='ltr' id='par_1_6' title="bbox 3532 15 3548 3932">
     <span class='ocr_line' id='line_1_39' title="bbox 3532 15 3548 3932; baseline 0 0"><span class='ocrx_word' id='word_1_360' title='bbox 3532 15 3548 3932; x_wconf 95' lang='lat' dir='ltr'><strong> </strong></span> 
     </span>
    </p>
   </div>
  </div>
 </body>
</html>
