3625 6059
205 540 368 605 [um
397 542 550 605 um]
884 540 1136 599 RERUM
1179 540 1634 601 URBANARUM
1683 540 2209 603 COMMENTARH.
2772 548 2881 607 363

209 702 710 771 convenerunt
759 695 834 769 iu
886 720 1176 772 camera
1225 706 1510 775 secreta
1560 722 1810 775 coram
1857 700 2200 799 pontifice
2252 702 2513 796 vocati,
2571 703 2723 801 qui,
2784 705 2871 779 de

207 844 466 898 eorum
491 822 830 912 consilio,
862 824 1394 899 commendavit
1423 825 1806 901 ecclesiam
1832 827 2325 902 Viennensem
2352 831 2560 903 Rmo.
2594 832 2683 903 D.
2714 852 2877 905 car-

209 946 426 1021 dinali
455 972 525 1020 s.
565 948 926 1038 Severini3
953 948 1218 1024 deinde
1247 950 1439 1025 venit
1469 950 1560 1023 ad
1589 951 1940 1049 capellam
1968 952 2322 1049 majorem
2352 952 2425 1025 in
2452 978 2601 1051 qua
2624 959 2872 1029 Rmus.

211 1080 294 1149 D.
329 1072 730 1147 cardinalis
759 1097 820 1147 s.
853 1073 1198 1147 praxedis
1223 1074 1609 1149 celebravit
1641 1076 1935 1149 missam
1966 1077 2401 1150 solemnem.
2440 1078 2627 1149 Infra
2662 1100 2883 1151 evan-

209 1198 512 1295 gelium,
545 1198 742 1272 venit
771 1197 864 1271 ad
893 1197 1248 1296 capellam
1287 1198 1719 1295 magnificus
1764 1204 1853 1274 D.
1902 1200 2399 1291 Gondisalvus,
2450 1202 2882 1276 Ferdinandi

209 1324 664 1422 capitaneus,
715 1323 840 1419 qui
883 1331 1128 1397 tamen
1177 1326 1578 1421 expectavit
1621 1324 1810 1400 intra
1850 1324 2238 1416 cancellos,
2276 1332 2473 1399 retro
2506 1326 2887 1401 scutiferos

209 1470 418 1544 pape,
455 1469 846 1543 quousque
890 1448 1342 1545 evangelium
1383 1448 1738 1524 finiretur.
1783 1452 1965 1522 Tum
1992 1449 2201 1523 factis
2232 1450 2654 1526 reverentiis
2680 1451 2885 1525 altari

213 1581 280 1646 et
309 1576 540 1671 Papo,
578 1572 906 1647 ascendit
937 1572 1030 1647 ad
1067 1574 1330 1647 solium
1362 1577 1556 1672 Pape
1597 1574 1744 1666 ubi,
1779 1598 1872 1647 ex
1900 1574 2415 1649 commissione
2448 1580 2669 1675 Pape,
2718 1577 2883 1651 dedi

214 1697 342 1769 sibi
372 1695 630 1772 locum
659 1706 826 1795 post
857 1698 1120 1773 ducem
1153 1699 1456 1789 Gandie,
1491 1698 1762 1773 ibidem
1801 1700 1895 1773 ad
1930 1699 2305 1775 dexteram
2350 1704 2542 1800 Pape
2576 1710 2889 1777 stantem

215 1822 280 1893 in
310 1821 538 1918 plano
572 1822 734 1896 solii
767 1823 912 1896 sive
942 1823 1019 1895 in
1049 1846 1390 1921 supremo
1421 1824 1648 1921 gradu
1665 1824 1871 1922 juxta
1904 1824 2225 1921 planum,
2248 1826 2423 1899 etde
2444 1826 2659 1900 simili
2688 1848 2891 1899 com-

215 1946 568 2022 missione
611 1947 762 2021 dixi
805 1948 1122 2023 senatori
1167 1948 1378 2022 Urbis
1419 1949 1613 2045 quod
1651 1947 2133 2023 descenderet
2172 1948 2261 2021 de
2305 1947 2469 2023 loco
2516 1972 2649 2023 suo
2684 1951 2891 2047 juxta

215 2094 508 2145 murum
543 2079 616 2146 et
644 2071 920 2147 locaret
955 2096 1034 2147 se
1071 2074 1164 2147 ad
1197 2073 1525 2149 infimum
1573 2074 1877 2170 gradum
1915 2074 2087 2148 dicti
2122 2073 2283 2148 solii
2326 2096 2545 2171 super
2590 2096 2890 2149 conser-

219 2201 500 2270 vatores
551 2202 626 2271 et
671 2220 840 2271 cum
885 2196 1024 2271 illis
1073 2198 1290 2272 etiam
1333 2204 1580 2290 staret,
1635 2197 1831 2295 quod
1876 2207 1951 2273 et
1994 2198 2190 2273 fecit.
2233 2202 2393 2273 Dux
2434 2200 2715 2277 locatus
2759 2200 2889 2275 suit

221 2328 378 2397 ante
417 2322 747 2421 prelatos
779 2322 1231 2415 assistentes»,
1275 2330 1346 2396 et
1385 2332 1552 2421 post
1579 2348 1777 2413 eum,
1810 2323 2043 2399 dictus
2075 2322 2496 2420 capitaneus
2532 2347 2550 2396 z
2586 2323 2725 2398 alia
2758 2325 2889 2397 ob-

223 2456 502 2524 servata
531 2455 700 2523 sunt
729 2469 937 2521 more
974 2446 1209 2521 solito.

317 2574 532 2648 Feria
573 2573 788 2647 tertia
835 2574 1140 2663 Pasche,
1192 2578 1284 2647 28
1328 2573 1595 2665 martii,
1647 2596 1794 2645 non
1843 2572 1973 2648 fuit
2020 2573 2243 2648 missa
2290 2573 2363 2648 in
2406 2574 2709 2672 capella,
2764 2576 2891 2649 sed

231 2700 348 2771 SS.
401 2702 490 2773 D.
533 2706 785 2773 noster
813 2706 1104 2796 paratus
1137 2722 1353 2796 supra
1381 2699 1793 2790 rochetum,
1836 2698 2131 2790 amictu,
2178 2700 2365 2791 alba,
2410 2700 2727 2796 singule,
2770 2724 2892 2775 ca-

233 2826 492 2921 pucino
541 2824 732 2917 albo,
784 2824 968 2899 stola
1007 2824 1330 2922 pretiosa
1359 2850 1496 2922 que
1539 2824 1786 2899 debuit
1828 2848 1991 2900 esse
2023 2826 2211 2917 alba,
2256 2826 2585 2901 ascendit
2622 2850 2889 2924 equum

233 2948 468 3024 album
521 2956 618 3041 et,
675 2949 1236 3048 precedentibus
1289 2949 1526 3046 ipsum
1581 2948 2069 3022 cardinalibus
2122 2945 2222 3036 (et
2274 2949 2488 3039 male,
2546 2948 2892 3046 quoniam

234 3074 428 3170 sequi
475 3074 928 3173 debuerant),
974 3073 1318 3172 equitavit
1359 3095 1493 3169 per
1530 3097 1589 3144 s.
1629 3071 1945 3164 Celsum,
1980 3094 2230 3146 versus
2268 3072 2550 3144 Turrim
2584 3071 2891 3168 Sangui-

235 3221 464 3291 neam,
499 3199 594 3275 ad
620 3200 1046 3275 Minervam.
1081 3203 1331 3273 Rmus.
1371 3201 1455 3273 D.
1492 3195 1877 3270 cardinalis
1908 3221 1969 3271 s.
2020 3196 2339 3295 Dionysii
2382 3203 2550 3270 ante
2594 3196 2887 3271 domum

239 3346 428 3397 suam
459 3321 620 3397 fieri
661 3322 1013 3397 ordinavit
1055 3322 1756 3419 representationem⁴
1795 3321 2377 3395 annunciationis
2416 3321 2629 3395 beate
2666 3322 2889 3396 Marie

237 3446 544 3545 virginis,
573 3470 732 3523 rem
759 3446 934 3523 satis
961 3446 1393 3544 simplicem,
1424 3447 1546 3519 ubi
1571 3451 1764 3544 Papa
1783 3453 1857 3519 et
1878 3447 2281 3521 cardinales
2306 3472 2384 3521 se
2408 3446 2793 3521 firmarunt
2817 3457 2888 3521 et

241 3580 384 3667 post
405 3596 667 3671 parum
694 3573 834 3648 iter
861 3579 1030 3647 sunt
1055 3572 1500 3671 prosequuti.
1534 3575 1691 3646 Dux
1717 3571 1993 3646 Gandie
2022 3571 2363 3668 equitavit
2388 3580 2557 3647 ante
2587 3554 2884 3670 Papam,

241 3706 388 3791 post
413 3698 848 3785 cardinales,
883 3720 1074 3794 equo
1104 3698 1417 3794 quodam
1459 3696 1980 3795 pulcherrime,
2014 3697 2105 3772 ab
2136 3696 2333 3771 omni
2364 3704 2565 3795 parte
2596 3720 2889 3796 campa-

243 3823 434 3897 nellis
475 3824 714 3921 longis
767 3822 1136 3920 argenteis
1191 3824 1262 3895 in
1314 3822 1548 3912 freno,
1601 3822 1952 3920 pectorali
1984 3828 2054 3895 et
2086 3822 2499 3920 groppiera.
2564 3823 2889 3901 Habebat

244 3949 440 4023 etiam
466 3950 621 4048 ipse
649 3949 794 4023 dux
823 3949 1180 4023 collanam
1207 3947 1806 4045 pretiosissimam
1838 3970 1928 4020 ex
1956 3948 2266 4042 gemmis
2296 3954 2371 4019 et
2396 3945 2641 4020 multis
2670 3944 2889 4043 perlis

245 4076 723 4171 compositam,
763 4080 838 4148 et
867 4062 1204 4148 in'bireto
1235 4072 1504 4146 monile
1529 4071 2123 4169 pulcherrimum.
2156 4072 2363 4143 Circa
2392 4071 2711 4144 Plateam
2746 4075 2889 4144 Ro-

247 4199 514 4273 tundam
551 4199 746 4273 venit
785 4222 918 4297 per
953 4198 1169 4273 aliam
1215 4198 1400 4273 viam
1441 4196 1871 4293 magnificus
1910 4195 2408 4287 Gondisalvus,
2454 4195 2885 4269 Ferdiuandi

247 4324 676 4419 capitaneus3
727 4324 1074 4421 equi—tavit
1127 4324 1347 4397 etiam
1399 4330 1563 4420 post
1616 4344 1873 4397 omnes
1928 4319 2330 4394 cardinales
2382 4320 2475 4395 ad
2526 4320 2887 4395 sinistram

247 4445 454 4525 ducis.
506 4454 725 4548 Papa,
779 4472 898 4523 me
947 4448 1038 4523 de
1085 4449 1230 4522 hoc
1279 4446 1980 4523 commemoratione
2035 4445 2313 4521 Pasche
2360 4445 2881 4541 interrogante,

249 4574 510 4649 nolebat
541 4599 705 4650 eam
735 4576 923 4665 fieri,
955 4574 1257 4649 sacrista
1281 4596 1449 4649 cum
1474 4596 1563 4648 eo
1591 4573 1977 4647 sentiente.
2010 4572 2371 4668 Respondi
2398 4571 2697 4644 missam
2724 4592 2885 4643 esse

249 4700 610 4793 specialem
659 4707 734 4777 et
779 4701 1162 4797 integram,
1208 4698 1322 4773 cui
1371 4722 1506 4796 per
1547 4698 2317 4773 commemorationem
2364 4696 2695 4771 satisfieri
2740 4718 2883 4770 non

251 4834 488 4919 potest,
545 4828 676 4901 sed
727 4825 926 4924 quod
971 4826 1252 4922 integre
1282 4824 1580 4912 dicitur3
1617 4848 1784 4897 cum
1831 4824 2098 4898 habeat
2126 4823 2494 4897 introitum
2540 4828 2611 4897 et
2642 4821 2887 4898 omnia

251 4946 392 5031 alia,
423 4958 492 5027 et
517 4957 904 5050 propterea
951 4954 1144 5048 Papa
1185 4950 1461 5023 remisit
1506 4949 1578 5021 iu
1615 4946 1889 5047 judicio
1923 4948 2107 5021 Rmi.
2161 4952 2245 5022 D.
2280 4946 2665 5022 cardinalis
2698 4949 2885 5021 Nea—

251 5074 514 5169 politani
545 5077 664 5175 qui
697 5083 769 5152 et
801 5098 1054 5151 omnes
1092 5074 1206 5149 alii
1245 5074 1649 5150 cardinales
1690 5074 2014 5172 episcopi
2049 5080 2119 5149 et
2159 5073 2559 5173 presbyteri
2592 5094 2882 5145 mecum

256 5208 626 5295 senserunt,
661 5224 872 5297 quOS,
909 5200 1116 5273 nobis
1145 5200 1236 5273 ad
1265 5200 1658 5273 Minervam
1692 5199 2209 5295 equitantibus,
2247 5197 2684 5293 interrogavi
2716 5220 2883 5294 spe-
