3625 6059
778 514 890 600 ἐπὶ
1690 536 2044 596 sonamus
2089 536 2533 597 BURCHARDI.
3085 536 3221 599 [um
3243 542 3348 605 mn

786 695 914 786 sit3
954 670 1311 783 marchio,
1358 690 1569 767 factis
1607 691 1698 764 ab
1738 690 2038 765 introitu
2079 713 2366 769 camere
2409 687 2767 790 papagalli
2809 687 3024 762 tribus
3057 687 3273 763 debitis
3299 692 3348 766 in

784 824 1055 893 terram
1086 839 1315 915 usque
1354 816 1803 908 reverentiiS‚
1856 818 2284 915 genuflexus
2315 820 2579 919 pedem
2631 822 2824 917 Pape
2854 825 2924 893 et
2949 825 3089 892 tum
3127 838 3351 891 manum

784 942 1151 1019 osculatus
1203 950 1315 1017 est
1362 948 1434 1017 et
1493 941 1583 1016 ad
1623 942 1955 1017 osculum
2015 943 2161 1018 oris
2212 947 2402 1044 Pape
2451 951 2564 1021 est
2621 952 2978 1042 receptuS,
3025 948 3093 1017 et
3131 942 3352 1017 interim

784 1068 1237 1166 genuflexus,
1264 1046 1587 1165 ‘quedam
1628 1067 1870 1144 brevia
1897 1068 2117 1144 verba
2152 1069 2406 1146 habuit
2444 1093 2612 1145 cum
2641 1069 3015 1169 pontifice3
3053 1074 3209 1159 tum,
3241 1069 3354 1164 ejus

773 1192 985 1291 jussu
1034 1192 1347 1267 surrexit
1396 1200 1469 1266 et
1514 1192 1603 1267 ab
1643 1192 1981 1268 omnibus
2025 1199 2194 1268 octo
2243 1194 2728 1270 cardinalibus
2776 1192 3103 1293 predictis
3143 1190 3221 1267 ad
3253 1191 3356 1264 oris

786 1317 1498 1402 osculumsimiliter
1546 1322 1882 1417 receptus
1933 1324 2045 1392 est
2093 1346 2108 1391 t
2159 1320 2426 1394 mansit
2463 1321 2675 1420 juxta
2727 1342 3010 1394 murum
3045 1342 3086 1393 a
3123 1316 3358 1391 sinistris

784 1448 975 1541 Pape
1022 1450 1218 1518 stans
1277 1449 1349 1518 et
1402 1466 1568 1519 cum
1606 1442 2204 1519 vicecancellario
2263 1450 2337 1519 et
2390 1443 2780 1523 Valentino
2821 1442 3257 1519 cardinalibus
3283 1442 3360 1514 lo-

784 1594 1041 1669 quens,
1086 1569 1377 1646 interim
1415 1570 1611 1667 quod
1652 1569 1866 1669 pauci
1911 1569 2001 1645 de
2031 1570 2302 1645 familia
2329 1593 2487 1661 sua,
2523 1570 2646 1667 qui
2694 1593 2946 1645 secum
2977 1570 3357 1655 intraverunt,

783 1696 1045 1795 pedem
1098 1699 1289 1793 Pape
1341 1690 1643 1771 osculati
1674 1696 2001 1786 fuerunt;
2057 1696 2320 1773 deinde
2351 1722 2396 1771 a
2422 1695 2717 1795 prelatis
2762 1702 2837 1771 et
2877 1694 3238 1771 oratoribus
3273 1714 3359 1765 su·

784 1821 1128 1920 pradictis
1177 1820 1301 1918 qui
1334 1843 1502 1895 eum
1542 1819 2016 1912 adduxerant,
2051 1821 2265 1920 jussu
2298 1822 2693 1921 pontificis,
2731 1844 2960 1919 usque
3001 1820 3086 1896 ad
3111 1840 3360 1895 cameras
3503 1832 3505 1835 ⁴

785 1945 879 2020 ad
918 1945 1265 2044 palatium
1311 1969 1602 2022 camere
1632 1946 2026 2045 apostolice
2057 1945 2130 2020 in
2170 1946 2434 2044 quihus
2475 1946 2650 2021 olim
2695 1947 3084 2045 imperator
3115 1950 3180 2021 et
3209 1964 3362 2041 reges
3503 1990 3505 1993 ι

786 2071 1080 2170 Hispani
1111 2072 1463 2170 hospitari
1494 2078 2057 2162 consueverunt,
2101 2094 2234 2170 pro
2275 2096 2409 2147 suo
2448 2072 2764 2172 hospitio
2805 2070 3180 2159 ordinataS,
3215 2089 3361 2142 asso-
3503 2104 3505 2115 ·

785 2196 1038 2271 ciatuS.
1072 2198 1549 2296 Interrogavit
1579 2220 1697 2273 me
1734 2196 2065 2296 pontifex
2097 2220 2286 2273 anne
2317 2196 2740 2273 conveniret
2766 2196 3009 2295 ipsum
3037 2196 3256 2270 saltem
3273 2214 3364 2290 per

784 2344 1007 2399 unum
1050 2324 1489 2401 cardinalem
1535 2348 1766 2422 usque
1795 2322 1890 2399 ad
1920 2344 2246 2399 cameras
2288 2323 2652 2422 predictas
2689 2321 3033 2399 associari
3065 2344 3091 2396 ·:
3131 2318 3231 2395 cui
3255 2340 3362 2392 res·

783 2446 1005 2549 pondi
1042 2472 1191 2525 non
1223 2451 1613 2527 convenire
1650 2476 1664 2524 :
1702 2474 1794 2524 ex
1836 2473 1980 2547 quo
2019 2448 2374 2547 permisit,
2409 2456 2489 2525 ut
2526 2450 2999 2550 premittitur,
3033 2448 3240 2547 ipsum
3273 2466 3366 2541 per

787 2574 1104 2671 prelatos
1148 2574 1432 2650 deduci.

881 2698 1263 2775 Dominica
1288 2700 1717 2798 palmarum,
1766 2706 1856 2775 27
1889 2701 2159 2791 martii,
2195 2704 2321 2776 SS.
2343 2680 2446 2776 ⁴D.
2486 2706 2762 2792 noster,
2799 2707 3177 2799 antequam
3201 2693 3368 2772 exiret

782 2847 1149 2901 cameram
1194 2831 1580 2917 secretam,
1617 2826 1972 2902 ordinavit
2004 2850 2172 2903 cum
2206 2827 2508 2901 sacrista
2544 2826 2742 2923 quod
2769 2824 3079 2900 ministri
3113 2820 3367 2899 celebra-

780 2958 941 3028 rent
956 2974 1123 3027 cum
1146 2951 1536 3028 dalmatica
1556 2957 1626 3027 et
1644 2953 1987 3027 tunicella
2004 2961 2076 3027 et
2093 2952 2473 3027 celebrans
2490 2975 2656 3027 cum
2675 2952 2974 3049 capsula
2989 2951 3077 3026 de
3091 2950 3363 3023 broccato

778 3100 1037 3167 aureo;
1072 3101 1204 3178 per
1246 3077 1613 3174 quondam
1652 3077 2098 3154 cardinalem
2130 3077 2726 3177 Andegavensem
2758 3076 2972 3151 factis
3001 3069 3366 3173 paramentis

780 3208 1182 3294 uterentur,
1226 3211 1529 3303 propter
1564 3204 2009 3303 presentiam
2057 3202 2531 3277 marchionis
2569 3201 2698 3275 Cui
2744 3192 3372 3294 sacristarespondit

780 3350 940 3401 esse
972 3325 1044 3401 in
1078 3328 1357 3425 capella
1386 3330 1527 3405 alia
1556 3336 1982 3428 paramenta
2009 3352 2141 3428 per
2167 3325 2398 3403 felicis
2431 3326 2960 3402 recordationis
2993 3318 3368 3399 Bonifacium

777 3474 1039 3527 novum
1068 3454 1260 3528 facta
1289 3477 1377 3528 ex
1409 3455 1611 3530 viridi
1648 3463 1721 3532 et
1760 3456 1970 3554 nigro
2017 3455 2447 3553 composita,
2484 3477 2627 3552 que
2658 3452 2796 3552 ipsi
2831 3451 3068 3549 magis
3096 3442 3374 3523 conveni-

777 3583 963 3669 rent,
1002 3583 1075 3652 et
1102 3578 1407 3677 pulchra
1444 3581 1908 3678 antiquorum
1949 3603 2153 3655 more
2198 3586 2442 3655 essent
2480 3586 2736 3653 ornata
2763 3578 2826 3651 si
2853 3578 3168 3675 placeret
3198 3574 3374 3645 Sanc-

778 3700 963 3775 titati
994 3726 1123 3778 sue
1154 3702 1294 3776 illis
1322 3704 1450 3796 uti,
1483 3710 1555 3779 et
1586 3705 1899 3802 placuit:
1931 3704 2398 3803 interrogavit
2427 3704 2693 3779 deinde
2723 3726 2768 3777 a
2797 3724 2920 3777 me
2952 3724 3115 3777 cum
3145 3698 3376 3773 daturus

777 3832 972 3903 esset
1010 3850 1251 3902 rosam
1292 3828 1695 3903 marchioni
1742 3830 2023 3927 prefato
2055 3830 2176 3905 ubi
2207 3830 2280 3903 id
2311 3830 2541 3927 magis
2573 3828 2999 3903 conveniret
3042 3827 3110 3900 in
3147 3837 3379 3897 camera

776 3950 897 4026 illa
932 3951 1074 4057 ubi
1146 3958 1329 4045 erat,
1394 3952 1507 4029 vel
1560 3955 1946 4053 papagalli,
2005 3961 2126 4031 aut
2190 3954 2262 4029 in
2325 3954 2631 4052 capella.
2695 3950 3064 4051 Respondi
3113 3945 3283 4046 quod
3327 3940 3380 4013 in

778 4100 1069 4181 camera
1121 4078 1482 4178 papagalli
1544 4080 1786 4177 potius
1832 4104 1851 4153 t
1895 4080 2148 4156 habuit
2188 4102 2410 4179 super
2461 4080 2604 4156 hoc
2671 4077 3055 4153 consilium
3113 4068 3376 4149 omnium

777 4224 962 4299 quos
1013 4204 1106 4277 ad
1156 4228 1234 4280 se
1276 4204 1552 4281 vocavit
1611 4207 2087 4303 cum.quibus
2143 4207 2459 4281 decrevit
2513 4228 2757 4280 rosam
2817 4207 3094 4278 secrete
3139 4202 3205 4271 et
3247 4212 3379 4266 coo·

775 4332 1059 4425 pet-tam
1122 4328 1395 4424 portari
1454 4328 1723 4403 dehere
1785 4329 1877 4404 ad
1935 4330 2288 4425 capellam
2337 4330 2740 4429 predictam
2804 4330 2880 4403 in
2932 4326 3123 4403 ,illius
3171 4315 3381 4395 sacris-

776 4450 947 4526 tiam
1006 4459 1115 4543 et,
1184 4452 1384 4527 finita
1445 4452 1707 4545 missa,
1784 4455 2095 4553 desuper
2159 4456 2386 4531 altare
2449 4456 2626 4555 poni
2687 4478 2822 4553 per
2887 4452 3279 4533 sacristam,
3329 4446 3382 4512 0¹

776 4575 1017 4651 statim
1076 4601 1213 4677 per
1266 4578 1615 4656 clericum
1676 4604 1968 4657 camere
2019 4582 2188 4656 inde
2243 4606 2373 4657 sue
2423 4580 2801 4657 Sanctitati
2840 4574 3108 4677 portari
3152 4566 3378 4669 pretato

774 4702 1175 4777 Marchioni
1226 4705 1674 4797 tradendam,
1734 4731 1954 4805 super
2001 4708 2240 4783 verbis
2289 4707 2380 4781 ad
2422 4706 2567 4781 hoc
2608 4706 2682 4781 in
2727 4698 3187 4781 ceremoniali
3224 4688 3378 4768 ordi·

774 4826 987 4918 natis,
1038 4834 1111 4903 et
1154 4828 1346 4925 quod
1392 4831 1745 4922 marchio,
1792 4853 1962 4905 rosa
2005 4830 2139 4906 sibi
2181 4831 2468 4921 tradita,
2517 4828 2936 4905 immediate
2985 4830 3146 4901 ante
3186 4819 3378 4917 ipsum

774 4956 940 5048 post
984 4952 1389 5029 cardinales
1428 4957 1856 5032 assistentes
1895 4956 2291 5048 incederet,
2323 4978 2544 5031 manu
2582 4978 2824 5029 rosam
2855 4958 3162 5052 gestans,
3195 4958 3380 5037 usquo

773 5076 865 5153 ad
892 5100 1265 5153 cameram
1306 5081 1668 5179 papagalli
1708 5091 1915 5157 extra
1951 5082 2306 5182 capellam
2347 5082 2777 5182 predictam,
2827 5084 2898 5153 et
2939 5072 3130 5175 quod
3165 5060 3380 5144 deinde

775 5228 861 5278 ex
910 5204 1168 5279 eadem
1221 5228 1513 5281 camera
1552 5230 1595 5279 a
1636 5214 1789 5281 toto
1837 5208 2306 5283 cardinalium
2350 5207 2658 5305 collegio
2700 5227 2928 5303 usque
2975 5201 3065 5276 ad
3101 5208 3378 5273 cameras
