3625 6059
279 539 459 598 [Aout
490 539 633 602 ¹499]
974 538 1226 594 RERUM
1278 538 1733 597 URBANARUM
1784 537 2308 596 COMMENTARH.
2860 545 2960 599 551

280 697 589 765 cutores
636 690 936 766 ducatos
985 715 1149 766 xxv,
1202 693 1409 780 Quod
1462 692 1972 768 executoribus
2017 691 2526 766 damnantibus
2576 699 2648 766 et
2699 693 2970 792 impro-

282 815 667 906 bantibus,
700 824 771 890 et
801 817 991 914 quod
1020 818 1409 892 honestum
1438 827 1633 892 esset
1660 841 1737 892 se
1772 819 2088 891 facturos
2115 816 2648 914 pollicentibuS,
2681 820 2970 914 acquie-

279 949 553 1016 verunt
582 940 994 1016 beneficiati
1026 948 1099 1016 et
1138 965 1344 1032 onuS,
1383 953 1459 1017 ut
1492 944 1872 1040 prefertur,
1910 941 2308 1016 subierunt.
2349 947 2424 1015 In
2473 945 2666 1017 exitu
2709 946 2968 1020 domus

278 1066 645 1156 defuncti,
675 1066 839 1140 date
880 1067 1171 1142 fuerunt
1212 1069 1507 1142 cuilibet
1540 1068 1740 1142 fratri
1772 1076 1842 1140 et
1888 1067 2247 1141 sacerdoti
2289 1067 2588 1142 candele
2623 1077 2956 1164 quatuor,

282 1191 659 1288 magistris
698 1215 866 1267 vero
906 1200 980 1268 et
1017 1193 1443 1267 officialibus
1481 1201 1967 1267 conventuum
2001 1217 2150 1284 sex,
2190 1192 2522 1266 similiter
2552 1199 2624 1267 et
2659 1205 2968 1291 quatuor

278 1317 589 1391 cuilibet
653 1317 1247 1391 beneficiatorum
1310 1317 1825 1415 predictorum.
1892 1316 2218 1390 Interfuit
2283 1317 2723 1390 camerarius
2791 1319 2963 1392 cleri

280 1441 508 1516 Urbis
555 1465 721 1515 cum
762 1449 1070 1538 quatuor
1116 1442 1273 1514 aliis
1316 1442 1753 1540 presbyteris
1808 1464 1974 1514 cum
2024 1440 2471 1538 pluvialibus,
2511 1444 2962 1518 Camerarius

282 1567 552 1638 habuit
603 1567 675 1638 in
720 1589 925 1639 suam
985 1575 1262 1663 partem
1311 1567 1741 1642 intortitium
1792 1591 2040 1656 unum,
2091 1568 2362 1641 faculas
2419 1568 2596 1642 duas
2647 1569 2956 1660 similes;

280 1691 667 1764 canonicis
710 1698 952 1766 autem
1002 1691 1297 1766 basilice
1353 1691 1677 1790 predicte
1728 1717 1786 1765 s,
1840 1693 2058 1782 Petri,
2099 1693 2219 1790 qui
2265 1694 2484 1766 etiam
2532 1694 2623 1767 ad
2665 1694 2962 1769 domum

282 1814 600 1913 predicti
651 1815 965 1890 defuncti
1024 1827 1404 1909 venerant,
1448 1817 1613 1892 data
1669 1816 1798 1890 fuit
1859 1817 2153 1891 cuilibet
2221 1841 2476 1892 eorum
2539 1845 2680 1894 una
2732 1823 2964 1896 facula

284 1941 533 2014 medie
564 1940 768 2014 libre.
804 1942 1280 2016 interfuerunt
1325 1944 1393 2016 in
1430 1943 1672 2015 officio
1705 1942 2060 2040 predicto,
2099 1943 2168 2015 in
2201 1943 2390 2034 aula,
2421 1968 2492 2017 xi
2526 1945 2955 2038 cardinaleS,

280 2065 623 2140 videlicet
670 2092 729 2140 s,
770 2068 1137 2158 PraxediS,
1180 2069 1504 2158 UrsinuS,
1544 2067 2094 2156 Alexandriam,
2134 2093 2193 2140 s,
2233 2069 2503 2159 CruciS,
2544 2073 2958 2156 Gurcensis,

168 2214 177 2224 ·
278 2191 833 2290 Agrigentinus,
866 2197 1268 2291 Capuanus,
1311 2195 1721 2283 Grimanus,
1756 2194 2126 2282 SenensiS,
2166 2194 2553 2268 Cesarinus
2586 2203 2656 2270 et
2704 2199 2965 2293 Borgia

279 2314 441 2412 qui,
476 2315 725 2390 funere
757 2325 957 2390 extra
987 2317 1286 2391 domum
1318 2319 1720 2416 deportato,
1754 2318 1922 2392 inde
1955 2317 2046 2391 ad
2078 2317 2333 2391 domos
2365 2343 2532 2394 suas
2563 2322 2956 2413 redierunt,

280 2439 589 2536 dempto
628 2439 783 2514 solo
825 2443 1202 2535 Gurcensi,
1240 2444 1362 2540 qui
1400 2467 1533 2540 per
1575 2444 1787 2516 aliam
1830 2444 2015 2516 viam
2055 2445 2407 2540 precessit
2451 2445 2694 2536 funuS,
2733 2452 2803 2519 et
2833 2469 2966 2543 per

286 2565 513 2640 aliam
562 2565 749 2640 viam
798 2567 1128 2663 pervenit
1170 2567 1263 2642 ad
1300 2568 1669 2642 basilicam
1715 2567 2144 2665 predictam.
2189 2569 2405 2642 Venit
2443 2567 2703 2644 deinde
2748 2571 2962 2643 funus

289 2690 492 2787 quod
531 2691 845 2788 positum
886 2693 1021 2766 fuit
1058 2694 1249 2768 circa
1294 2694 1615 2768 medium
1657 2694 1856 2766 navis
1904 2693 2238 2784 ecclesie,
2275 2701 2347 2768 et
2389 2692 2656 2768 ibidem
2695 2696 2964 2768 decan-

290 2824 521 2890 tatum
551 2817 1095 2915 responsorium
1120 2817 1375 2892 Libera
1405 2844 1537 2910 me,
1570 2819 1905 2907 Domine,
1932 2842 2063 2915 per
2090 2817 2564 2892 beneficiatos
2591 2826 2662 2893 et
2689 2820 2961 2892 clerum

288 2967 351 3016 s.
396 2942 592 3016 Petri
638 2965 721 3016 ac
760 2942 939 3017 alios
983 2943 1385 3040 religiosos,
1424 2949 1511 3017 D.
1550 2944 1852 3016 Brienus
1895 2942 1984 3016 de
2025 2947 2296 3032 Monte,
2332 2944 2724 3017 canonicus
2765 2945 2961 3040 ejus-

286 3067 463 3140 dem
505 3067 826 3157 basilice,
858 3076 1158 3166 accepto
1204 3069 1517 3166 pluviali,
1557 3069 1741 3142 fecit
1774 3067 2140 3156 officium;
2180 3091 2322 3165 quo
2362 3067 2592 3157 finito,
2634 3091 2961 3142 camera-

288 3193 445 3266 rius
472 3192 649 3268 cleri
681 3192 890 3268 Urbis
923 3217 1087 3267 cum
1120 3195 1265 3268 suis
1303 3203 1613 3292 quatuor
1640 3194 2068 3291 pluvialibus
2102 3195 2395 3284 indutis,
2432 3194 2627 3268 idem
2659 3216 2962 3292 respon-

286 3317 571 3390 sorium
613 3341 780 3391 cum
822 3319 973 3393 suis
1020 3318 1383 3392 versiculis
1423 3325 1494 3392 et
1535 3319 1962 3410 orationem,
2001 3341 2203 3394 more
2251 3318 2490 3410 solite,
2529 3318 2956 3394 decantavit.

289 3447 455 3530 Quo
506 3442 897 3540 complet0,
940 3443 1272 3519 canonici
1318 3443 1507 3517 dicte
1554 3444 1861 3518 ecclesie
1911 3444 2288 3519 voluerunt
2339 3445 2531 3543 quod
2578 3444 2961 3518 defunctus

285 3568 383 3641 ad
412 3591 671 3642 eorum
710 3569 1109 3644 sacristiam
1144 3569 1675 3667 deportaretur,
1708 3569 2226 3643 custodiendus
2267 3570 2536 3644 ibidem
2568 3592 2794 3666 usque
2825 3593 2958 3667 po-

290 3694 507 3792 pulus
548 3695 951 3786 recederet,
988 3696 1181 3793 quod
1225 3696 1470 3770 facere
1510 3695 1870 3784 volebant,
1915 3704 1990 3767 ut
2027 3717 2195 3768 eum
2238 3695 2478 3791 quoad
2522 3695 2961 3791 paramentis

288 3820 445 3894 suis
488 3821 687 3893 novis
736 3821 1129 3918 spoliarent
1172 3809 1241 3896 et
1279 3821 1643 3894 veteribus
1689 3820 1800 3892 vel
1847 3818 2028 3892 forte
2079 3818 2294 3892 nullis
2346 3819 2502 3892 aliis
2549 3818 2954 3892 induerent.

290 3943 503 4031 Quod
534 3946 869 4041 prohibui
896 3970 989 4019 ne
1026 3945 1254 4035 fleret,
1293 3953 1364 4021 et
1404 3953 1605 4020 recta
1643 3946 1755 4019 via
1798 3968 1966 4018 eum
2007 3944 2389 4040 deportare
2432 3944 2568 4016 feci
2597 3941 2687 4015 ad
2717 3943 2959 4038 capel-

288 4070 433 4144 lam
468 4095 529 4142 S.
569 4071 955 4147 Petronille
988 4073 1056 4144 in
1091 4095 1233 4168 qua
1263 4073 1394 4146 fnit
1430 4095 1597 4146 cum
1629 4071 1964 4144 omnibus
1995 4066 2436 4169 paramentis
2470 4067 2616 4140 suis
2647 4073 2719 4140 et
2749 4067 2961 4140 mitra

290 4195 507 4292 plane
546 4219 754 4287 nova,
789 4220 1007 4294 quam
1049 4196 1472 4271 difficillime
1504 4195 1703 4294 potui
1753 4195 2174 4269 defendere.
2216 4194 2574 4271 volebant
2605 4194 2799 4268 enim
2837 4217 2957 4268 ca-

288 4319 531 4394 nonici
563 4327 634 4394 et
664 4321 1072 4396 beneficiati
1115 4344 1278 4396 eam
1318 4323 1666 4418 arripere,
1708 4329 1781 4392 et
1810 4320 2024 4393 aliam
2056 4320 2424 4417 antiquam
2457 4342 2601 4393 non
2631 4318 2959 4394 cardina-

291 4444 523 4518 litiam
568 4445 699 4519 sed
742 4445 1233 4544 episcopalem
1281 4446 1381 4519 illi
1427 4446 1832 4543 imponere,
1875 4445 2020 4518 imo
2071 4451 2142 4518 et
2188 4453 2390 4542 tapes
2439 4467 2692 4533 novuS,
2741 4465 2960 4539 quem

291 4571 423 4643 sub
470 4593 550 4644 se
593 4570 932 4661 habebat,
971 4570 1103 4644 sub
1151 4594 1239 4644 eo
1282 4571 1545 4644 mansit
1592 4572 1664 4643 in
1712 4571 2042 4667 deposito
2084 4595 2173 4643 ex
2221 4568 2724 4642 sollicitatione
2766 4587 2952 4642 mea.

294 4695 566 4768 Profuit
605 4695 697 4770 ad
742 4697 884 4769 hoc
924 4697 1235 4772 multum
1278 4702 1527 4770 Rmus,
1575 4701 1659 4769 D.
1698 4695 2080 4770 cardinalis
2132 4693 2520 4770 Gurcensis
2563 4692 2954 4790 presentia,

288 4821 409 4916 qui
451 4821 789 4895 omnibus
832 4822 1177 4918 predictis
1222 4821 1571 4910 interfuit,
1610 4827 1680 4892 et
1722 4822 1878 4916 ejus
1923 4820 2345 4918 presidium,
2386 4820 2505 4895 ubi
2551 4826 2702 4894 erat
2747 4843 2952 4917 opuS,

290 4943 695 5040 imploravi.
752 4950 1041 5021 Portata
1098 4947 1387 5021 fuerunt
1445 4953 1611 5019 ante
1668 4944 2092 5018 defunctum
2151 4969 2282 5043 per
2348 4945 2734 5019 familiares
2789 4968 2958 5018 suos

290 5069 875 5168 familiarumque
936 5096 1231 5145 suorum
1286 5079 1357 5145 et
1410 5071 1809 5144 amicorum
1861 5071 2248 5145 familiares
2305 5070 2612 5143 honeste
2668 5069 2959 5144 vestitos

292 5193 639 5270 intortitia
678 5205 993 5285 centum,
1038 5223 1177 5295 que
1220 5197 1309 5269 ad
1350 5194 1698 5294 hoc-fieri
1755 5195 2102 5282 ordinavi,
2149 5202 2218 5267 et
2269 5195 2538 5268 faculas
2585 5194 2672 5267 de
2723 5195 2962 5270 media
