3625 6059
666 529 769 585 142
1568 519 1924 581 «IOHANNIS
1969 514 2413 588 BURGHARm,
3023 516 3154 579 [Mai
3199 518 3348 579 1494]

762 685 1146 781 Sceptrum
1185 704 1315 781 per
1354 696 1472 757 me
1506 681 1747 779 legato
1777 677 2172 776 porrigitur
2207 673 2330 774 qui
2369 673 2573 749 illum
2619 674 2742 747 dat
2784 671 2938 771 regi
2973 673 3047 747 in
3080 671 3344 748 dexte-

664 831 817 881 ram
854 830 1151 882 manum
1182 805 1601 905 recipienti,
1626 805 1878 879 dicens
1914 827 1930 876 t
1963 803 2234 900 Accipe
2261 801 2563 898 vir-qam,
2599 812 2726 874 etc.

764 936 1069 1007 Pomum
1122 930 1387 1007 deinde
1430 954 1485 1025 a„
1530 952 1647 1005 me
1701 930 1944 1026 legato
1973 933 2419 1024 porrectum,
2467 926 2748 1023 legatus
2792 926 3009 1001 tradit
3053 924 3216 1023 regi
3265 924 3338 997 iu

662 1057 1025 1133 sinistram
1050 1056 1456 1156 recipienti,
1492 1055 1743 1129 dicens
1778 1078 1793 1126 :
1828 1052 2094 1150 Accipe
2127 1053 2498 1150 diqnitatis
2516 1064 2842 1148 pomum,
2877 1062 2947 1123 et
2966 1076 3109 1148 per
3145 1051 3234 1153 ld
3269 1054 3342 1123 in

662 1195 726 1256 te
752 1184 1082 1258 catholice
1102 1182 1279 1282 fidei
1304 1206 1638 1281 coynosce
1662 1180 2140 1280 siynaculum,
2177 1176 2344 1277 quia
2383 1187 2467 1248 ut
2499 1174 2702 1248 hodie
2730 1174 3082 1248 ordinaris
3125 1188 3346 1273 caput

658 1321 729 1381 et
733 1310 1066 1407 princeps
1094 1306 1303 1407 reyni
1330 1320 1401 1381 et
1408 1307 1660 1406 populi
1669 1364 1684 1397 ,
1720 1307 1818 1379 ita
1838 1328 2234 1404 perseveres
2263 1301 2522 1375 author
2551 1312 2622 1373 et
2641 1300 2986 1374 stabilitor
3015 1301 3344 1373 christia·

657 1458 912 1509 norum
956 1445 1027 1508 et
1064 1433 1239 1533 fidei
1282 1434 1687 1523 christiane,
1734 1444 1820 1506 ut
1857 1432 2045 1531 felia·
2091 1432 2164 1503 in
2209 1453 2438 1526 opere,
2485 1425 2792 1522 locuples
2841 1425 2916 1497 in
2949 1425 3124 1523 fide,
3175 1450 3344 1499 cmn

655 1584 823 1657 reye
849 1584 1101 1658 reyum
1120 1556 1467 1657 ylorieriS,
1502 1558 1626 1656 qui
1656 1560 1824 1632 vivit
1841 1570 1912 1632 et
1924 1569 2188 1655 reynat
2215 1556 2430 1646 Deus,
2456 1576 2590 1649 per
2615 1550 2856 1625 omnia
2875 1550 3114 1623 secula
3141 1574 3346 1623 secu-

664 1685 917 1759 lorum.
950 1685 1217 1759 Amen.

760 1810 1001 1908 Surgit
1048 1834 1201 1901 rex,
1254 1816 1327 1883 et
1374 1831 1507 1908 per
1552 1830 1672 1882 me
1726 1830 1902 1883 ense
1951 1804 2401 1904 discingitur,
2448 1810 2522 1879 et
2573 1807 2660 1877 D.
2705 1799 2996 1877 Hectori
3055 1801 3344 1877 Caraffe

666 1935 1067 2011 camerario
1100 1958 1230 2010 suo
1254 1933 1512 2032 majori
1546 1934 1872 2026 traditur,
1911 1934 2030 2031 qui
2063 1956 2228 2008 eum
2255 1933 2330 2005 in
2358 1930 2689 2030 vaginam
2722 1928 3140 2003 immediate
3168 1935 3344 2004 ante

672 2058 919 2159 regem
952 2061 1184 2135 desert
1206 2086 1337 2161 per
1362 2067 1595 2135 totum
1624 2060 1973 2134 officium.

769 2188 1077 2285 Legatus
1098 2212 1142 2261 a
1168 2186 1441 2261 dextris
1472 2194 1545 2261 et
1576 2185 2170 2283 archiepiscopus
2195 2184 2710 2282 Neapolitanus
2735 2208 2776 2257 a
2803 2180 3114 2256 sinistris
3146 2182 3345 2281 regis

670 2314 1041 2389 deducunt
1105 2313 1338 2413 ipsum
1410 2336 1697 2411 regem,
1755 2312 2196 2409 precedente
2259 2310 2414 2385 solo
2469 2316 2888 2408 porrectore
2948 2310 3342 2408 ejusdem;

688 2446 1094 2537 sequuntur
1147 2438 1563 2536 patriarcha
1614 2434 2153 2525 AntiochensiS,
2222 2441 2544 2510 oratores
2601 2436 2780 2533 regii
2841 2441 2912 2509 et
2981 2433 3346 2533 capellani

680 2565 997 2663 majores
1021 2587 1186 2639 cum
1214 2562 1629 2638 confessore
1660 2567 1735 2636 et
1764 2560 2341 2651 eleemosinario,
2369 2561 2488 2634 ubi
2522 2584 2646 2635 rex
2677 2560 2833 2659 ipse
2863 2584 3030 2635 cum
3051 2568 3350 2657 sceptro

676 2691 751 2763 in
782 2690 1035 2764 dextra
1063 2696 1135 2763 et
1164 2712 1383 2787 pomo
1423 2688 1499 2763 in
1538 2688 1826 2763 sinistra
1862 2713 1993 2787 per
2031 2688 2353 2787 legatum
2395 2694 2470 2762 et
2513 2686 3144 2786 archiepiscopum
3183 2708 3354 2783 pre-

678 2818 979 2908 dictum,
1012 2816 1086 2890 in
1129 2817 1309 2891 solio
1342 2823 1409 2890 et
1456 2817 1629 2891 sede
1669 2813 1868 2913 regia
1907 2813 2407 2888 intromittitur
2449 2820 2522 2887 et
2565 2812 2656 2887 ad
2698 2812 3098 2887 sedendum
3141 2812 3356 2908 poni-

679 2949 812 3033 tur,
848 2941 1091 3039 legato
1117 2941 1405 3017 dicente
1433 2941 1552 3014 Ita
1582 2952 1651 3014 et
1674 2941 1897 3014 retine
1923 2953 2049 3015 ete.

779 3066 1308 3141 Convenienter
1349 3065 1746 3163 precedent
1794 3088 2048 3164 regem
2101 3087 2356 3139 omnes
2405 3062 2608 3161 regii,
2659 3070 2734 3137 et
2779 3062 3035 3161 prelati
3084 3086 3352 3137 omnes

680 3192 911 3289 parati
956 3199 1351 3287 sequentur
1398 3200 1671 3267 stantes
1715 3190 1791 3264 in
1834 3190 2157 3275 thalamo
2201 3214 2246 3263 a
2291 3188 2558 3265 dextris
2602 3195 2674 3264 et
2717 3212 2760 3262 a
2813 3188 3124 3263 sinistris
3172 3196 3350 3263 >ante

682 3314 931 3389 sedem
982 3316 1285 3413 regiam,
1334 3316 1464 3391 sed
1503 3341 1635 3413 pro
1685 3316 2020 3414 angustia
2058 3314 2198 3389 loci
2247 3315 2402 3389 fieri
2450 3315 2712 3412 poterit
2756 3320 2832 3389 ut
2881 3338 3098 3412 supra
3143 3314 3343 3403 dixi3

681 3438 875 3513 istud
904 3446 1146 3514 tamen
1174 3439 1457 3514 melius.
1492 3432 1499 3437 ’

782 3567 978 3662 Rege
1009 3564 1459 3651 intronizatO,
1493 3565 1801 3661 legatuS‚
1829 3564 2156 3663 deposita
2183 3566 2422 3657 mitra,
2459 3574 2658 3642 stans
2692 3590 2932 3643 versus
2964 3568 3056 3641 ad
3087 3568 3343 3650 altare,

688 3689 936 3787 incipit
976 3689 1048 3762 in
1089 3695 1305 3763 cantu
1350 3690 1445 3761 Te
1480 3689 1718 3762 Deam
1756 3690 2156 3782 laudamus,
2201 3690 2394 3788 quod
2433 3698 2770 3767 cantores
2810 3698 3354 3788 prosequuntur

686 3836 915 3910 usque
948 3812 1040 3886 ad
1064 3813 1315 3905 finem,
1347 3814 1589 3911 legato
1620 3814 1777 3911 ipso
1809 3814 1901 3889 ad
1931 3815 2300 3892 dexteram
2335 3822 2408 3891 et
2447 3816 2998 3915 archiepiscopo
3029 3814 3122 3889 ad
3143 3814 3352 3888 sinis-

690 3947 873 4015 tram
907 3939 1097 4037 regis
1131 3939 1285 4013 sine
1318 3939 1551 4012 mitris
1584 3939 1874 4014 interim
1907 3942 2289 4031 stantibuS,
2325 3949 2400 4017 et
2428 3942 2792 4041 regalibus
2824 3942 3163 4017 omnibus
3189 3954 3354 4042 post

684 4064 1051 4162 predictos
1080 4065 1253 4139 hinc
1286 4064 1451 4139 inde
1476 4066 1683 4161 juxta
1712 4090 1988 4163 regem.

784 4190 1017 4265 Finito
1078 4191 1174 4264 Te
1214 4192 1465 4280 Deum,
1504 4188 1786 4287 legatus
1845 4198 2040 4265 stans
2103 4192 2170 4264 in
2217 4193 2378 4267 loco
2431 4195 2758 4292 predicto
2796 4196 3006 4293 juxta
3062 4219 3341 4295 regem,

685 4315 975 4390 detecto
1006 4316 1268 4414 capite,
1306 4340 1393 4389 ex
1421 4315 1603 4389 libro
1644 4314 1818 4388 dicit
1855 4339 1870 4387 :
1905 4315 2272 4391 Firmetm·
2298 4344 2554 4393 mames
2595 4332 2717 4393 tua
2761 4334 2922 4411 etc„
2969 4345 3141 4396 cum
3176 4322 3350 4396 dua-

683 4441 815 4515 bus
846 4440 1289 4515 orationibus
1321 4438 1791 4543 sequentibus
1828 4464 1842 4511 :
1880 4439 2074 4513 idem
2106 4440 2354 4515 dicunt
2385 4443 2600 4541 plane
2627 4466 2880 4519 omnes
2905 4445 3190 4541 prelati.

777 4566 903 4641 His
957 4566 1189 4659 dictis,
1232 4565 1515 4663 legatus
1562 4554 1864 4662 accepta
1902 4564 2112 4639 mitra
2151 4574 2222 4641 et
2269 4567 2458 4643 facta
2505 4592 2672 4642 cum
2723 4593 2813 4644 ea
2853 4570 3006 4667 regi
3053 4571 3340 4669 aliquali

684 4692 1107 4784 reverentia,
1152 4700 1224 4765 et
1280 4714 1413 4790 per
1467 4712 1717 4787 regem
1772 4689 1925 4786 pari
1977 4691 2195 4765 modo
2241 4680 2534 4785 refacta,
2585 4692 2774 4767 redit
2818 4716 2986 4769 cum
3045 4696 3344 4793 prelatis

686 4812 1015 4889 similiter
1071 4839 1235 4888 cum
1292 4814 1525 4887 mitris
1586 4812 2126 4908 incedentibus,
2180 4808 2511 4893 similiter
2564 4842 2697 4916 per
2751 4841 2878 4893 eos
2935 4819 3136 4917 prius
3189 4819 3342 4918 regi

684 4940 1087 5015 reverentia
1128 4940 1337 5029 facta,
1372 4940 1466 5013 ad
1512 4962 1721 5013 suum
1776 4940 2276 5033 faldistorium,
2311 4950 2386 5017 et
2433 4942 2536 5017 illi
2579 4942 2670 5015 ad
2709 4967 2838 5017 sua
2883 4967 3231 5035 scamna;
3274 4952 3342 5018 et

684 5071 1020 5141 cantores
1060 5063 1308 5149 dicunt
1352 5063 1749 5139 secundum
1786 5068 2137 5167 hymnum
2190 5092 2356 5141 cum
2407 5093 2538 5142 suo
2582 5091 2820 5159 versu,
2886 5068 3062 5143 Veni
3104 5082 3345 5143 sancte

681 5191 993 5289 Spiritus
1007 5216 1037 5281 ,·
1096 5189 1189 5266 ad
1241 5212 1457 5288 quem
1512 5190 1793 5290 legatus
1848 5194 1922 5265 in
1975 5217 2108 5267 suo
2171 5192 2598 5285 faldistoriO,
2657 5199 2729 5268 et
2779 5216 2934 5281 rex,
2989 5194 3342 5292 depositis
