3625 6059
751 480 826 535 65
1661 481 1692 537 J
1697 479 1941 537 OHANN
1946 479 2011 537 IS
2060 479 2501 551 BURCHARDI,
3072 483 3237 545 [Avril
3264 488 3391 549 ¹⁴⁹3]

757 633 1039 729 capella
1074 634 1353 733 majore
1402 633 1646 732 palatii
1673 640 2061 727 consueta;
2106 636 2225 709 cui
2256 638 2384 710 SS.
2440 638 2529 709 D.
2565 640 2839 725 noster,
2874 642 3170 733 paratus
3210 661 3388 717 more

752 767 1131 849 consueto,
1165 760 1490 837 interfuit
1517 768 1592 836 et
1617 783 1766 834 non
1795 758 2246 835 consecravit
2282 781 2521 857 neque
2550 757 2911 835 distribuit
2934 758 3158 841 hodie
3180 784 3387 859 agnus

751 882 882 957 Dei
917 883 1014 958 ad
1035 884 1178 957 hoc
1207 909 1297 959 ex
1326 885 1543 959 certis
1573 883 1810 961 causis
1853 890 2119 960 motus.
2150 886 2309 959 Non
2350 882 2485 960 fuit
2514 906 2783 974 sermo,
2820 889 2897 960 et
2926 885 3173 963 omnia
3200 910 3381 966 more

756 1016 1108 1085 consueto
1143 1016 1311 1083 sunt
1339 1009 1750 1088 observata.

847 1133 1056 1211 Feria
1098 1140 1377 1232 quarta,
1437 1139 1530 1209 23
1581 1134 1754 1209 dicti
1802 1133 2077 1211 mensis
2127 1132 2401 1232 aprilis,
2452 1130 2649 1209 'circa
2696 1130 2955 1211 horam
3008 1158 3151 1225 xiv,
3200 1140 3278 1215 R.
3324 1136 3387 1213 in

745 1258 1028 1333 Christo
1061 1263 1140 1333 P.
1175 1264 1264 1335 D.
1298 1262 1689 1351 Marianus,
1725 1260 2107 1359 episcopus
2146 1258 2673 1347 Glandatensis,
2714 1257 3145 1337 cancellarie
3190 1285 3383 1358 apos-

755 1383 970 1458 tolice
1013 1407 1305 1482 regenS,
1355 1390 1584 1463 Rome
1627 1386 1702 1461 in
1741 1385 1961 1464 domo
1998 1410 2127 1461 sue
2168 1385 2376 1459 solite
2414 1382 2886 1463 habitationis
2920 1390 2992 1461 et
3032 1384 3397 1464 residentia

750 1508 948 1583 diem
1002 1509 1262 1585 clausit
1321 1517 1755 1602 extremum,
1824 1513 2032 1609 cujus
2080 1510 2325 1587 anima
2374 1509 2783 1605 requiescat
2826 1507 2901 1585 in
2948 1534 3155 1607 pace.
3198 1512 3397 1610 Cujus

752 1656 1014 1733 corpus
1080 1635 1338 1711 eadem
1413 1637 1530 1711 die
1606 1644 1772 1736 post
1853 1637 2112 1712 horam
2169 1658 2641 1733 vesperarum
2700 1640 3071 1729 portatum
3129 1633 3264 1712 fuit
3322 1634 3399 1709 ad

753 1758 1140 1835 ecclesiam
1170 1761 1381 1835 beate
1411 1762 1637 1837 Mario
1667 1762 1756 1837 de
1803 1762 2079 1859 Populo
2108 1758 2549 1837 associatum
2578 1782 2623 1833 a
2650 1758 2942 1836 familiis
2972 1763 3393 1840 RRmorum.

753 1887 908 1959 DD.
961 1886 1412 1984 Neapolitani
1468 1894 1542 1967 et
1585 1888 1931 1963 Senensis
1986 1886 2463 1963 cardinalium
2520 1908 2608 1966 ac
2653 1884 2811 1962 aliis
2864 1884 3287 1977 curialibus,
3338 1892 3401 1961 et

753 2007 1028 2085 ibidem
1059 2012 1446 2112 sepultum.

849 2137 1050 2213 Idem
1101 2146 1613 2219 testamentum
1658 2166 1873 2219 suum
1926 2142 2099 2217 fecit
2146 2142 2357 2239 cuius
2406 2138 2853 2217 executionis
2900 2139 3213 2219 instituit
3252 2162 3405 2237 pre-

751 2264 938 2339 fatos
969 2269 1116 2343 RH.
1154 2268 1300 2343 ΠΙ).
1335 2269 1887 2368 Neapolitanum
1918 2276 1993 2344 et
2022 2271 2424 2343 Seneusem
2454 2264 2881 2345 cardinalem
2910 2266 3231 2363 Exequie
3260 2266 3401 2363 ejus

749 2390 994 2468 habite
1049 2399 1216 2468 sunt
1261 2394 1338 2469 in
1383 2393 1578 2469 diota
1629 2392 1965 2482 ecclesia,
2025 2391 2142 2465 die
2178 2390 2377 2479 lune,
2426 2394 2515 2465 29
2568 2388 2741 2466 dicti
2790 2388 3086 2467 mensis.
3127 2388 3404 2468 Missam

749 2513 1136 2589 celebravit
1156 2520 1240 2589 R.
1277 2515 1353 2589 in
1383 2515 1669 2591 Christo
1696 2519 1776 2589 P.
1815 2518 1899 2589 D.
1930 2512 2249 2602 Gabriel,
2288 2512 2677 2609 episcopus
2706 2511 3165 2610 Adjecensis.

846 2639 1058 2713 Foria
1075 2640 1352 2737 quinta,
1383 2646 1475 2715 25
1501 2639 1673 2714 dicti
1698 2637 1973 2715 mensis
2002 2638 2276 2735 aprilis,
2304 2638 2573 2715 festum
2600 2660 2659 2709 s.
2687 2638 2911 2713 Marci
2942 2636 3399 2736 evangeliste,

757 2764 883 2839 SS.
911 2770 998 2839 D.
1035 2768 1121 2839 N.
1156 2773 1452 2863 paratus
1481 2766 1779 2855 amictu,
1813 2764 2004 2854 alba,
2038 2762 2358 2861 cingulo,
2394 2760 2748 2861 capucino
2774 2762 2865 2839 de
2889 2762 3126 2840 veluto
3144 2785 3411 2842 oreme-

753 2887 913 2965 sino
965 2898 1039 2967 et
1087 2891 1272 2966 stola
1315 2890 1650 2989 preciosa
1697 2914 1919 2965 aurea
1966 2913 2133 2965 cum
2180 2888 2427 2986 perlis»,
2480 2887 3043 2985 precedentibus
3082 2912 3300 2966 cruce
3344 2892 3408 2963 et

750 3016 1262 3107 cardinalihuS,
1314 3016 1654 3113 equitavit
1697 3015 1790 3091 ad
1838 3014 2225 3091 ecclesiam
2265 3039 2321 3087 s.
2367 3014 2592 3089 Marci
2632 3038 2765 3112 per
2800 3014 2987 3089 viam
3034 3016 3268 3111 Pap03
3302 3010 3407 3087 ubi

750 3150 1136 3241 postquam
1177 3141 1551 3217 descendit
1600 3165 1690 3213 ex
1731 3164 1921 3238 equo
1966 3139 2058 3213 ad
2096 3138 2509 3229 ecclesiam,
2558 3139 2923 3216 osculatus
2970 3146 3082 3215 est
3130 3159 3407 3213 crucem

749 3290 882 3363 per
935 3268 1224 3341 Rmum.
1297 3268 1385 3339 D.
1457 3265 1901 3341 cardinalem
1962 3266 2555 3339 Beneventanum
2618 3262 2752 3340 sibi
2806 3263 3173 3352 oblatam3
3250 3260 3410 3345 fecit

749 3390 1154 3467 orationem
1207 3395 1374 3464 ante
1427 3388 1696 3479 altare;
1744 3398 1947 3478 tunc,
2020 3387 2351 3485 deposito
2423 3388 2804 3485 capasiae,
2859 3396 3144 3468 retenta
3204 3386 3403 3473 stola,

750 3516 1031 3613 accepit
1057 3516 1370 3613 pluviale
1398 3514 1708 3590 rubeum
1736 3515 2151 3612 preciosum
2186 3520 2259 3588 et
2284 3513 2573 3589 mitram
2598 3514 3007 3611 preciosam
3032 3522 3107 3591 et
3135 3512 3409 3588 mitram

749 3640 1180 3737 simplicem,
1217 3640 1613 3737 genuflexit
1653 3641 1728 3713 in
1759 3639 2189 3727 faldistorio,
2224 3644 2299 3713 et
2328 3645 2665 3714 cantores
2712 3638 3053 3720 dixerunt
3078 3638 3409 3717 letaniam

747 3765 1042 3849 brevem
1088 3792 1102 3837 ε
1150 3790 1288 3864 qua
1327 3766 1558 3857 finita,
1607 3767 1917 3841 surrexit
1946 3763 2298 3861 pontifex,
2348 3770 2420 3839 et
2458 3764 2631 3839 fecit
2674 3765 3215 3847 contessionem
3260 3784 3411 3837 cum

747 3890 1186 3981 celebrante,
1221 3892 1556 3967 videlicet
1585 3915 1752 3967 cum
1785 3896 1995 3965 Rmo.
2035 3893 2121 3963 D.
2159 3888 2525 3965 cardinale
2557 3890 2821 3965 Montis
2853 3890 3171 3987 Regalis.
3206 3890 3417 3966 Missa

741 4016 933 4091 dicta
958 4026 1068 4093 est
1098 4016 1188 4093 de
1222 4020 1487 4117 Spiritu
1535 4025 1813 4109 sancto,
1866 4020 2060 4115 Papa
2100 4017 2204 4090 sic
2246 4015 2563 4103 volente,
2600 4020 2673 4087 et
2701 4022 2867 4111 post
2898 4015 3303 4090 orationem
3330 4010 3411 4087 de

745 4140 1012 4237 Spiritu
1043 4152 1294 4217 sancto
1323 4167 1494 4219 cum
1525 4168 1658 4219 sua
1685 4144 2157 4221 conclusione
2186 4146 2481 4237 dictam,
2508 4146 2704 4222 facta
2722 4141 3412 4223 commemoratione

745 4262 838 4338 de
865 4270 1118 4340 sancto
1147 4270 1390 4343 Marco
1422 4268 1557 4343 sub
1583 4294 1714 4343 sua
1743 4269 2215 4347 conclusione
2257 4270 2349 4345 ad
2392 4270 2787 4345 secundam
2816 4266 3058 4348 albam
3088 4266 3413 4347 videlicet

745 4388 839 4463 ad
865 4388 1058 4465 illius
1092 4415 1380 4467 versum
1435 4391 1614 4467 Vem'
1648 4407 1889 4469 sancte
1932 4395 2247 4493 spiritus,
2296 4400 2491 4494 Papa
2525 4396 2720 4471 venit
2752 4394 2845 4472 ad
2886 4392 3410 4479 faldistorium3

745 4522 914 4591 ante
971 4520 1178 4617 cujus
1232 4518 1622 4595 adventum
1674 4521 2025 4596 diaconus
2068 4522 2350 4622 accepit
2388 4521 2977 4599 benedictionem
3020 4518 3111 4597 ab
3151 4541 3247 4595 eo
3288 4538 3415 4615 pro

743 4641 1115 4737 evangelio
1161 4646 1498 4738 dicende,
1571 4670 1664 4723 ne
1728 4655 1987 4746 postea
2035 4650 2343 4725 nimium
2409 4648 2761 4748 temporis
2824 4643 3410 4744 dispondei-etur.

740 4766 1180 4857 CardinaIeS,
1235 4772 1558 4868 episcopi
1611 4781 1685 4847 et
1730 4774 2131 4873 presbyteri
2192 4781 2546 4849 steterunt
2602 4798 2647 4847 a
2695 4770 2971 4848 dextris
3036 4772 3273 4864 Pane,
3346 4770 3413 4837 el

739 4885 1024 4965 diaconi
1057 4915 1102 4965 a
1130 4895 1468 4987 sinistris,
1503 4905 1578 4973 et
1603 4904 1955 4975 venerunt
1996 4924 2255 4976 omnes
2295 4900 2387 4975 ad
2428 4898 2809 4974 circulum.
2860 4894 3067 4971 Prior
3102 4890 3413 4989 presby-

739 5020 1063 5091 terorum
1094 5019 1442 5094 assistens
1473 5025 1672 5098 stetit
1701 5024 1774 5098 in
1802 5025 1969 5100 loco
2000 5050 2133 5099 suo
2155 5031 2320 5125 post
2347 5025 2681 5100 ultimum
2714 5020 3136 5118 episcopum
3168 5013 3413 5089 cardi-

735 5140 1001 5215 nalem.
1057 5146 1362 5241 Propter
1408 5149 1814 5244 angustiam
1858 5152 1999 5227 loci
2054 5151 2327 5229 fuimus
2382 5151 2457 5225 in
2510 5150 2741 5223 choro
2786 5144 2957 5219 satis
3004 5136 3409 5239 compressi
