3625 6059
216 584 487 649 [Decembre
516 584 657 645 1495]
832 580 1087 638 RERUM
1130 578 1585 638 URBANARUM
1624 580 2152 642 COMMENTARH.
2728 597 2836 653 255

217 762 484 814 coerceas
529 736 857 809 imbrium
908 747 976 810 et
1012 736 1442 810 bilaritatem
1486 737 1720 811 vultus
1752 739 1858 811 tui
1875 738 2071 812 nobis
2102 742 2457 839 impartiri
2481 744 2824 842 diyneris,

208 890 315 963 per
335 864 713 938 Dominum
737 874 1061 936 nostrum
1087 860 1164 936 J.
1206 862 1594 937 Christum.

290 988 587 1078 Dimitte,
645 988 979 1080 Domine,
1032 1000 1321 1087 peccata
1381 1003 1625 1064 nostra
1669 1004 1735 1064 et
1774 990 1997 1064 tribue
2043 992 2241 1066 nobis
2281 994 2834 1075 misericordiam

215 1130 378 1190 tuam
410 1138 617 1213 quam
640 1140 1031 1213 precamur
1069 1128 1136 1189 et
1173 1128 1255 1189 ut
1290 1116 1760 1191 humilitatem
1796 1131 2115 1194 nostram
2155 1122 2503 1213 attendas,
2549 1126 2826 1200 vincula

210 1242 424 1331 solvas,
456 1240 701 1315 delicta
734 1242 987 1334 deleas,
1033 1241 1553 1315 tribulationem
1582 1241 1941 1339 inspicias,
1977 1244 2466 1321 adversitatem
2495 1252 2823 1347 repellas,

210 1368 399 1440 hostes
420 1368 710 1440 visibiles
732 1378 803 1440 et
822 1368 1194 1440 invisibiles
1214 1391 1591 1459 removeas,
1610 1393 1860 1466 pacem
1884 1381 1954 1443 et
1975 1371 2278 1446 salutem
2306 1374 2504 1448 nobis
2531 1376 2824 1469 tribuas,

211 1517 405 1565 aerem
438 1493 787 1566 salubrem
827 1505 896 1567 et
917 1518 1245 1567 serenum
1287 1494 1645 1586 concedas,
1692 1494 2166 1594 effectumque
2180 1500 2547 1595 petitionis
2593 1520 2832 1579 nostre

212 1618 479 1716 larqiens
501 1620 849 1719 supplices
882 1632 1038 1694 tuos
1068 1620 1440 1693 clementer
1461 1620 1828 1694 eoeaua'ias.

286 1748 417 1821 Per
449 1748 835 1841 Christum,
873 1760 1003 1822 etc.
1036 1779 1071 1816 »

289 1872 534 1959 Quibus
556 1874 757 1966 visis,
793 1875 1171 1951 Sanctitati
1202 1900 1333 1950 sue
1364 1899 1510 1950 non
1540 1875 1966 1974 placuerunt
1991 1874 2206 1972 primi
2231 1883 2409 1969 tres,
2433 1880 2542 1953 Et
2561 1907 2651 1955 ne
2669 1908 2822 1957 nos.

213 1999 276 2070 Et
299 1999 670 2076 Sanctitate
702 2026 837 2076 sua
860 2023 979 2077 me
1006 2002 1527 2099 interrogante,
1555 2026 1639 2076 ac
1660 2000 2032 2078 intellecto
2066 2000 2256 2075 unde
2297 2000 2454 2099 ipsa
2483 2005 2825 2105 collegis-

211 2147 359 2215 sem,
390 2124 560 2201 dixit
592 2126 781 2200 mihi
833 2126 1018 2202 velle
1067 2128 1287 2202 etiam
1330 2128 1403 2200 in
1442 2127 1715 2201 missali
1760 2127 2006 2203 videre
2063 2133 2136 2202 et
2178 2150 2310 2225 pro
2357 2152 2488 2203 suo
2529 2131 2824 2207 arbitrio

211 2249 467 2327 dicenda
490 2250 864 2351 colligere.

286 2378 589 2465 Veneris,
654 2383 735 2451 11
789 2378 1221 2469 decembriS,
1270 2379 1404 2454 fuit
1441 2380 1971 2478 proclamatum
2001 2378 2430 2475 perUrbem
2460 2382 2656 2478 quod
2685 2382 2818 2459 do-

210 2500 430 2577 minica
453 2504 818 2600 proxima,
848 2503 922 2577 in
948 2528 1190 2597 mane,
1219 2511 1413 2580 esset
1440 2504 1813 2603 processio
1846 2528 1980 2603 pro
1999 2502 2388 2593 serenitate
2421 2506 2818 2604 prebenda,

210 2626 281 2699 ad
306 2651 497 2723 quam
522 2630 841 2729 populus
871 2630 1084 2706 vellet
1107 2656 1183 2705 se
1218 2630 1631 2729 disponere,
1659 2629 1853 2728 quod
1878 2631 2004 2705 SS.
2040 2632 2124 2703 D.
2161 2638 2412 2707 noster
2433 2640 2629 2709 esset
2656 2659 2824 2709 ven-

214 2757 371 2827 turus
398 2756 483 2830 ad
508 2756 887 2833 basilicam
915 2781 975 2831 s.
1008 2756 1229 2848 Petri,
1258 2733 1340 2832 ‘et
1366 2764 1530 2856 post
1558 2757 1860 2847 missam
1892 2755 2565 2855 daturusplenarias
2585 2760 2823 2836 indul-

211 2881 465 2974 gentiaS,
499 2888 568 2959 et
596 2882 805 2981 quod
833 2889 1253 2958 ostensurus
1298 2890 1492 2958 esset
1519 2882 1749 2958 vultus
1778 2881 2097 2972 Domini,
2131 2882 2328 2978 quod
2371 2885 2486 2957 via
2535 2886 2825 2983 publica

214 3008 657 3085 mundaretur.

284 3134 633 3211 Dominica
653 3136 871 3210 tertia
885 3135 1259 3225 adventuS,
1293 3133 1612 3209 Gaudete
1632 3143 2075 3233 nuncupata,
2098 3159 2238 3231 que
2260 3134 2393 3210 fuit
2422 3142 2506 3212 13
2531 3136 2824 3213 decem-

208 3255 345 3349 bris,
369 3262 483 3335 SS.
510 3265 596 3336 D.
624 3270 880 3337 noster
898 3269 1189 3361 paratus
1219 3284 1425 3336 more
1457 3261 1670 3336 solito
1689 3260 1762 3334 in
1791 3285 2084 3335 camera
2103 3260 2458 3360 papagalli
2478 3285 2646 3337 cum
2665 3262 2825 3361 plu-

208 3381 331 3457 viali
356 3388 675 3482 precioso
706 3411 845 3486 per
886 3411 1211 3463 errorem
1256 3385 1534 3462 abbatis
1576 3387 1876 3461 sacriste
1918 3393 1992 3462 et
2033 3387 2189 3485 ejus
2219 3386 2824 3462 inadvertentiam

209 3528 306 3581 seu
334 3512 555 3606 potius
586 3535 864 3604 meam,
895 3512 1013 3611 qui
1045 3512 1260 3588 debui
1297 3521 1685 3609 antequam
1716 3516 1910 3611 Papa
1941 3537 1980 3587 e
2013 3536 2306 3587 camera
2334 3512 2562 3589 exiret
2591 3512 2822 3612 previ-

208 3630 358 3709 disse
378 3661 693 3715 errorem
716 3638 999 3714 abbatis
1018 3646 1089 3714 et
1109 3641 1567 3731 emendasse,
1588 3638 1785 3736 quod
1814 3662 1962 3713 non
1987 3639 2153 3730 feci,
2175 3662 2346 3713 cum
2359 3638 2726 3737 processio
2743 3639 2815 3714 in

206 3756 437 3851 pluviali
465 3766 688 3841 rubeo
714 3766 875 3840 fieri
903 3766 1203 3841 deberet
1229 3772 1300 3842 et
1330 3765 1619 3840 mitram
1640 3772 1885 3840 autem
1902 3764 2154 3839 habuit
2183 3765 2615 3863 simplicem,
2653 3790 2814 3864 pre-

210 3884 577 3965 cedentibus
625 3893 925 3991 prelatis
966 3898 1039 3967 et
1099 3892 1581 3967 cardinalibus
1620 3890 1888 3989 paratis
1939 3891 2382 3988 paramentis
2432 3890 2806 3966 violaceis

212 4006 798 4091 Processionaliter
842 4015 1219 4091 descendit
1248 4016 1338 4090 de
1362 4014 1625 4113 palatio
1656 4014 1791 4089 sub
1820 4013 2253 4088 baldachino
2283 4039 2414 4114 per
2443 4014 2711 4090 scalam
2743 4023 2815 4090 et

210 4133 421 4227 curiaS,
472 4140 594 4215 ubi
632 4141 1035 4217 cardinales
1068 4142 1463 4217 ascendere
1493 4147 2063 4227 consueverunt3
2101 4140 2315 4214 exivit
2355 4146 2639 4235 portam
2683 4162 2812 4237 pa-

210 4251 345 4353 latii,
370 4262 778 4343 immediate
808 4268 901 4343 ad
928 4269 1298 4343 dexteram
1328 4276 1653 4351 vertens3
1680 4264 1966 4340 intravit
1997 4264 2129 4339 sub
2156 4263 2542 4362 campanili
2565 4286 2813 4339 versus

212 4378 527 4465 basilicam
558 4417 618 4466 s,
656 4394 875 4469 Petri.

279 4510 587 4591 Canonici
615 4525 685 4591 et
717 4518 1128 4595 beneficiati
1158 4516 1485 4614 ejusdem
1518 4515 1813 4591 basilice
1853 4520 2290 4612 receperunt
2337 4515 2809 4588 Sanctitatem

212 4649 369 4707 suam
415 4640 541 4712 sub
598 4643 859 4716 eodem
912 4643 1147 4741 primo
1193 4644 1475 4742 porticu
1506 4643 1581 4715 in
1618 4666 1873 4716 eorum
1905 4631 2150 4740 cappis
2195 4648 2268 4716 et
2309 4665 2456 4715 non
2501 4664 2803 4739 proces-

214 4752 545 4855 sionaliter,
569 4767 659 4841 de
678 4790 821 4865 quo
846 4791 970 4843 eos
988 4768 1424 4866 reprehendi
1447 4769 1758 4843 maxime
1790 4768 1961 4864 quia
1985 4767 2408 4866 episcopum
2440 4770 2795 4841 Interam-

212 4897 480 4979 nensem,
530 4914 786 4968 eorum
820 4893 1179 4985 vicarium,
1222 4894 1380 4968 heri
1413 4896 1901 4969 advisaveram
1932 4892 2126 4991 quod
2154 4892 2644 4991 faceretipsos
2669 4896 2795 4968 SS.

215 5002 585 5091 D.nostrum
612 5028 903 5117 paratos
924 5022 1273 5121 recipere.
1303 5026 1753 5097 Excusat-unt
1782 5044 1858 5095 se
1886 5019 1959 5094 id
1986 5017 2400 5110 nescivisse,
2438 5024 2510 5093 et
2543 5042 2802 5093 eorum

218 5147 575 5218 paramenta
596 5145 955 5244 episcopis
983 5146 1225 5243 palatii
1254 5156 1651 5223 mutuasse.

284 5256 593 5377 Pervento
636 5270 730 5345 ad
764 5273 987 5347 altare
1024 5273 1259 5371 majus
1298 5275 1489 5349 dicte
1533 5272 1830 5347 basilice
1860 5271 1953 5347 ad
1993 5260 2188 5369 quod
2218 5294 2476 5349 omnes
2506 5271 2579 5344 in
2611 5270 2796 5343 albis
