3625 6059
759 519 861 574 194
1665 513 2508 588 JOHANlejissuflcflARDI,
2921 517 3230 582 [novembre
3257 519 3374 581 μω]

760 695 1031 768 ganeus
1084 695 1257 744 suus
1290 670 1435 742 sive
1482 669 1785 744 vicarius
1838 671 1909 743 in
1956 671 2490 768 pontificalibus
2521 679 2742 764 esset,
2777 682 2850 750 et
2896 673 2986 748 de
3015 672 3376 771 provisione

762 798 1240 872 ducentorum
1272 797 1697 872 ducatorum
1732 795 1899 871 alibi
1933 797 2298 894 provisum
2331 803 2405 872 et
2435 797 2744 872 ecclesia
2777 800 3126 902 Gurcensi
3149 822 3192 872 a
3217 797 3378 872 solu-

761 924 957 996 tione
1011 924 1383 1020 pensionis
1440 924 1629 998 illius
1682 922 1820 996 sibi
1868 923 2134 997 vicario
2189 930 2548 997 reservate
2603 923 2892 1021 exigere
2939 923 3051 998 vel
3097 924 3379 1022 recipere

761 1072 909 1122 non
958 1048 1198 1139 vellet;
1246 1073 1579 1124 asserens
1622 1073 1699 1124 se
1743 1050 2018 1123 dudum
2074 1049 2294 1123 suis'se
2337 1056 2408 1122 et
2455 1072 2616 1123 esse
2666 1049 2992 1138 effetum,
3039 1073 3284 1145 meque
3323 1050 3378 1122 in

763 1199 1260 1249 successorem
1293 1200 1501 1250 suum
1534 1176 1874 1272 elegisse,
1925 1181 2144 1248 elme
2189 1175 2578 1249 exhortans
2609 1173 2702 1247 ad
2740 1174 3253 1272 acceptandum
3279 1199 3382 1272 per

759 1300 968 1397 plura
1004 1308 1351 1375 consueta
1395 1301 1635 1375 verba.
1676 1301 2042 1397 Respondi
2085 1301 2418 1397 allegans
2447 1301 3034 1376 insufficientiam
3075 1323 3296 1375 meam
3331 1307 3384 1374 et

760 1425 955 1522 quod
994 1450 1215 1522 super
1250 1427 1391 1500 hoc
1432 1426 1693 1500 melius
1736 1425 2123 1522 cogitaret3
2176 1449 2314 1523 ego
2357 1426 2576 1500 etiam
2615 1435 2854 1500 essem
2899 1426 3385 1501 deliberaturus

760 1552 953 1647 quod
984 1551 1160 1624 mihi
1192 1550 1607 1626 faciendum
1638 1558 1857 1626 esset.

858 1677 1129 1750 Eadem
1204 1677 1346 1769 die,
1414 1676 1657 1775 vigilia
1712 1677 2039 1751 omnium
2107 1683 2550 1767 sanctorum,
2597 1702 2746 1751 non
2816 1677 2952 1752 fuit
2999 1675 3380 1750 audientia:

757 1802 1063 1876 mutatio
1123 1825 1539 1899 capparum.
1595 1805 1914 1877 Fuerunt
1969 1825 2268 1900 vespere
2314 1802 2610 1900 papales
2667 1803 2744 1876 in
2797 1801 3076 1900 capella
3115 1801 3382 1899 majore,

758 1931 953 2023 Papa
1003 1934 1399 2023 presente;
1462 1927 1531 2000 in
1586 1950 1800 2002 mane
1836 1928 2168 2024 sequenti
2222 1927 2353 2002 fuit
2397 1929 2622 2002 missa
2653 1929 2728 2001 in
2785 1926 3086 2002 basilica
3132 1953 3194 2001 s.
3229 1923 3388 1999 Petri

756 2075 974 2146 quam
1019 2051 1409 2126 celebravit
1459 2051 1844 2125 cardinalis
1885 2052 2302 2142 GurcensiS,
2347 2056 2539 2150 Papa
2580 2052 2802 2128 etiam
2853 2058 3219 2149 presente.
3259 2055 3390 2125 Ser·

756 2197 1050 2250 monem
1111 2176 1283 2251 fecit
1354 2180 1441 2250 D.
1512 2176 2027 2269 BernardinuS,
2101 2178 2498 2253 canonicus
2581 2182 3266 2276 CesaraugustanuS,
3319 2174 3392 2248 ab

748 2300 1084 2375 omnibus
1112 2301 1482 2376 laudatum
1521 2328 1536 2376 ε
1576 2303 1717 2378 alia
1744 2326 1950 2378 more
1985 2303 2228 2381 solito.
2263 2309 2344 2379 In
2389 2327 2581 2396 sero,
2611 2327 2759 2379 non
2791 2304 3086 2378 fuerunt
3119 2323 3386 2399 vespere

750 2430 1050 2522 propter
1074 2426 1515 2502 dominicam
1568 2435 2022 2525 sequentem.

850 2551 1121 2625 Eadem
1160 2552 1303 2643 die,
1358 2560 1522 2650 post
1554 2555 1967 2651 prandium,
2003 2556 2390 2630 cardinalis
2439 2556 2866 2634 Valentinus
2916 2555 3253 2653 equitavit
3275 2557 3394 2628 Ma·

728 2676 995 2762 ,rinum
1040 2701 1130 2754 ex
1174 2681 1691 2756 commissione
1722 2684 1955 2780 Pape;
2002 2685 2266 2759 absens
2298 2683 2567 2759 ibidem
2602 2707 3118 2783 permansurus
3157 2705 3394 2781 quous-

750 2826 893 2899 que
942 2804 1329 2879 cardinalis
1360 2806 1709 2880 Ascanius
1756 2807 2026 2884 ibidem
2077 2835 2408 2907 presens,
2444 2811 2569 2907 qui
2610 2811 2702 2885 ad
2745 2810 3198 2887 vocationem
3230 2812 3390 2905 Pape

752 2931 1057 3002 Romam
1089 2929 1317 3004 iturus
1363 2937 1543 3022 erat,
1580 2931 1936 3006 Marinum
1986 2932 2281 3007 rediret.

846 3054 1250 3146 Dominica‚
1308 3059 1350 3128 2
1400 3056 1836 3149 novembriS,
1895 3079 2198 3155 vespere
2250 3059 2544 3134 fuerunt
2597 3061 2789 3135 dicte
2853 3066 2928 3135 et
2978 3057 3384 3133 matutinum

746 3178 1253 3288 defunctorum
1305 3179 1381 3251 in
1434 3181 1713 3277 capella
1761 3183 2066 3281 majore,
2125 3207 2330 3257 more
2381 3185 2620 3277 solito,
2673 3189 2865 3281 Papa
2918 3189 3278 3282 presente,
3327 3179 3386 3251 in

744 3320 971 3400 cappa
992 3303 1081 3378 de
1102 3303 1435 3378 scarlato.
1466 3305 1817 3380 Fimbrias
1857 3308 2073 3381 simul
2103 3309 2446 3384 collectas
2467 3310 2774 3407 portavit
2797 3311 3184 3408 episcopus
3229 3310 3382 3380 Por-

748 3426 1167 3523 tugallensis
1208 3429 1555 3504 assistens
1602 3440 1748 3505 tam
1780 3434 2019 3508 eundo
2041 3433 2132 3507 ad
2157 3435 2512 3532 capellam
2545 3459 2778 3539 ‚quam
2803 3434 2974 3509 inde
3009 3430 3381 3509 redeundo.

849 3554 927 3624 ln
960 3560 1171 3627 nocte
1203 3557 1560 3650 sequenti,
1613 3559 1809 3633 venit
1839 3558 1933 3632 ad
1977 3560 2242 3635 Urbem
2275 3559 2367 3634 ad
2404 3561 2748 3658 palatium
2787 3559 3259 3658 apostolicum
3309 3549 3382 3625 ad

750 3679 1019 3776 Papam
1050 3683 1299 3753 Rmus.
1336 3685 1423 3755 D.
1456 3683 1839 3757 cardinalis
1875 3686 2226 3759 Ascanius
2254 3687 2376 3782 qui
2409 3710 2576 3761 cum
2607 3691 2825 3785 Papa,
2863 3686 2952 3760 ad
2985 3692 3134 3761 tres
3162 3683 3382 3766 horas,

748 3805 839 3877 de
872 3805 1089 3879 rebus
1122 3805 1601 3900 currentibus,
1636 3807 1926 3884 locutus
1959 3816 2067 3885 est
2101 3817 2225 3911 (1).

818 4044 869 4107 1.
900 4048 1139 4106 Ascanio
1168 4048 1314 4106 avait.
1350 4047 1446 4104 fait
1484 4047 1599 4104 dire
1628 4067 1699 4106 au
1730 4045 1878 4123 Pape
1919 4050 2049 4123 qu’il
2077 4050 2210 4108 etait
2236 4056 2358 4125 pret
2393 4055 2428 4108 ὸ,
2465 4069 2524 4110 se
2561 4051 2756 4109 rendre
2791 4055 2826 4108 a
2852 4052 3049 4122 Rome,
3083 4051 3163 4108 s'il
3192 4046 3386 4125 pouvait

741 4139 999 4195 effectuer
1029 4136 1159 4196 san's
1192 4139 1402 4212 danger
1432 4156 1535 4195 son
1564 4157 1798 4212 voyage.
1833 4139 1988 4196 Voici
2017 4140 2070 4197 la
2097 4141 2338 4214 depeche
2367 4160 2474 4216 que
2513 4141 2758 4200 Guidotti
2787 4144 2856 4198 de
2896 4141 3048 4199 Colle
3086 4137 3338 4198 adressait
3360 4137 3388 4190 a

744 4245 805 4284 ce
832 4229 976 4302 sujet
1005 4247 1113 4285 aux
1142 4231 1195 4287 8.
1228 4229 1297 4285 de
1330 4227 1566 4296 Pratica,
1600 4227 1649 4284 le
1677 4231 1713 4282 2
1740 4229 2032 4286 novembre
2055 4233 2213 4289 1494.

818 4339 849 4370 «
978 4317 1021 4374 Il
1048 4317 1257 4374 Revmo
1292 4317 1573 4392 monsign.
1606 4317 1846 4374 Ascanio
1885 4319 1958 4374 ha
1995 4320 2138 4377 facto
2169 4320 2284 4378 dire
2313 4321 2365 4378 al
2404 4323 2555 4397 Papa
2589 4323 2664 4380 da
2688 4323 2964 4380 Cardinali
2994 4322 3050 4380 di
3091 4321 3200 4378 San
3235 4319 3384 4374 Seve-

741 4407 861 4463 rino
891 4412 946 4463 et
973 4407 1027 4464 di
1058 4407 1233 4477 Luna,
1264 4408 1366 4464 che
1407 4408 1628 4480 quando
1666 4407 1884 4480 posessi
1931 4407 2297 4467 sicuramente
2335 4412 2518 4470 venire
2557 4412 2610 4469 in
2651 4410 2846 4482 Roma,
2879 4411 3160 4469 volentieri
3190 4405 3386 4465 verrebe

741 4498 813 4554 da
841 4497 901 4554 S.
936 4496 1185 4554 Sanctita
1210 4515 1304 4570 per
1340 4497 1553 4570 parlare
1583 4513 1686 4553 con
1726 4495 1902 4569 quelle
1932 4515 2058 4555 cose
2093 4499 2146 4556 di
2181 4497 2287 4556 tale
2325 4497 2661 4576 importanza
2687 4503 2787 4558 che
2829 4520 2940 4558 non
2971 4501 3008 4557 li
3032 4519 3127 4558 era
3154 4497 3285 4555 licito
3309 4491 3386 4548 ne'

740 4586 929 4644 voleva
969 4586 1343 4644 commecterle
1387 4587 1457 4642 acl
1485 4585 1625 4642 altri.
1661 4586 1702 4641 11
1732 4587 1905 4659 Papa,
1937 4588 2097 4643 nanzi
2139 4588 2175 4644 li
2215 4590 2380 4647 habbi
2413 4587 2721 4649 consentite
2747 4591 2804 4648 la
2837 4597 3061 4661 venuta,
3101 4590 3216 4646 dice
3239 4586 3388 4640 havet·

742 4675 887 4732 sacto
929 4676 1218 4750 diligentia
1257 4675 1312 4733 di
1352 4675 1531 4733 volere
1572 4674 1857 4731 intendere
1905 4677 2136 4750 qualche
2179 4679 2542 4752 partichulare
2579 4679 2635 4737 di
2673 4679 2854 4756 quello
2894 4681 3097 4756 perche
3141 4679 3209 4734 ha
3243 4674 3386 4728 ‹it-²02⁰

741 4763 945 4831 venire,
978 4765 1061 4820 ne’
1092 4766 1199 4821 mai
1232 4767 1303 4821 da
1338 4765 1395 4821 S.
1431 4764 1578 4836 513·ἰιὶι
1608 4763 1820 4820 Revma
1847 4763 1919 4820 ha
1947 4774 2177 4839 possuto
2215 4768 2432 4825 ritrarre
2462 4766 2618 4839 altro,
2661 4787 2721 4826 se
2759 4786 2869 4825 non
2912 4771 3016 4824 che
3053 4767 3109 4823 in
3139 4778 3319 4840 genere
3355 4755 3384 4810 li

744 4852 817 4906 ha
844 4851 986 4908 facto
1014 4853 1336 4927 rispondere
1366 4854 1467 4910 che
1499 4853 1653 4910 viene
1690 4857 1785 4927 qui
1823 4870 1977 4909 come
2007 4855 2180 4911 amico
2214 4862 2268 4911 et
2295 4857 2478 4914 buono
2505 4857 2780 4914 servidore
2807 4855 2862 4912 di
2883 4857 2945 4914 S.
2971 4854 3210 4912 Sanctita
3233 4855 3278 4905 et
3303 4861 3386 4920 per

742 4939 874 4995 dirsi
916 4957 1041 4996 cose
1081 4943 1181 4998 che
1222 4943 1259 4998 li
1296 4942 1643 5015 piacerannO,
1689 4951 1745 5000 et
1782 4945 2020 5000 secondo
2063 4943 2101 5000 il
2138 4945 2411 5002 desiderio
2449 4963 2570 5004 suo.
2602 4947 2708 5002 Per
2745 4955 2943 5020 questo
2981 4946 3034 5003 la
3069 4937 3384 5002 Beatitudino

742 5047 845 5085 sua
864 5030 937 5085 ha
962 5031 1271 5087 consentito
1305 5031 1358 5085 la
1380 5039 1583 5088 venuta
1611 5038 1705 5105 qui
1725 5033 1813 5089 del
1834 5033 2041 5106 prefato
2063 5035 2291 5092 Revmo.
2316 5034 2574 5106 Ascanio,
2601 5051 2700 5109 per
2719 5041 2936 5093 securta
2963 5036 3052 5092 del
3071 5033 3220 5108 quale
3237 5023 3388 5098 hoggi

738 5121 810 5175 ha
850 5119 1105 5176 mandato
1138 5119 1187 5176 el
1232 5119 1462 5175 Revm0.
1501 5119 1785 5178 Cardinale
1825 5122 1881 5177 di
1917 5121 2156 5180 Valenza
2193 5140 2227 5180 a
2265 5125 2475 5183 Marino
2513 5120 2568 5180 in
2599 5131 2786 5198 potere
2813 5126 2882 5182 de
2927 5121 3232 5188 Colonnesi,
3257 5116 3382 5172 dore

738 5212 887 5265 stara
912 5214 1087 5281 tanto,
1130 5215 1337 5284 quanto
1384 5213 1479 5282 qui
1527 5214 1653 5267 sara
1688 5210 1741 5267 la
1786 5218 1974 5268 stanza
2009 5212 2066 5270 di
2095 5213 2336 5287 Monsig.
2377 5212 2636 5283 Ascanio,
2673 5213 2708 5270 il
2745 5215 2903 5288 quale
2933 5221 3126 5290 questa
3175 5225 3284 5268 serv·
3317 5201 3380 5258 ⁸1¹
