3625 6059
671 584 744 643 54
1587 577 1939 637 JoHANNIS
1978 574 2423 647 BURCHARDI,
3004 574 3164 642 [uam
3200 575 3341 641 14⁹3]

677 746 960 839 partem
1015 739 1306 838 planete
1373 718 1624 811 dicens
1687 759 1703 807 z
1761 731 1959 806 Stola
2032 730 2391 805 innocenti
2453 740 2583 806 etc.
2634 732 2817 805 Tum
2876 736 3353 804 surrexerunt

682 866 944 955 ambo;
1009 871 1083 939 et
1143 863 1557 961 episcopm,
1610 857 1940 958 deposita
1986 855 2227 949 mitra,
2284 854 2591 955 perfecit
2637 853 2939 929 missam
2993 854 3071 928 in
3120 878 3353 929 cornu

683 989 1038 1089 epistole:
1078 989 1272 1063 idem
1303 986 1476 1063 fecit
1509 983 1890 1060 cardinalis
1921 982 1996 1056 in
2027 981 2262 1080 capite
2295 1004 2527 1054 cornu
2573 978 2951 1077 evangelii.

781 1117 1012 1192 Finita
1084 1116 1346 1207 missa,
1401 1116 1814 1213 episcopua,
1886 1116 2188 1210 accepta
2256 1108 2497 1199 mitra,
2568 1105 2936 1183 benedixit
3000 1104 3354 1205 populum

679 1268 881 1319 more
925 1242 1138 1317 solito
1190 1240 1438 1316 dicens
1476 1265 1493 1314 ε
1529 1238 1647 1313 Sit
1691 1261 1949 1311 nomen
1990 1234 2288 1310 Domini
2346 1232 2811 1307 benedictum.
2861 1234 3047 1306 Tum
3095 1228 3347 1320 ambo,

679 1370 901 1445 altare
934 1368 1329 1465 signanteS,
1374 1366 1707 1440 dixerunt
1744 1364 2099 1437 Dominus
2131 1362 2527 1449 vobiscum;
2554 1358 2840 1433 initium
2878 1357 3107 1431 sancti
3134 1379 3357 1431 evan-

678 1495 847 1592 ‚ss-eliz·
876 1492 1264 1567 secundum
1293 1490 1718 1564 Johannem.
1741 1488 1834 1561 In
1842 1488 2194 1587 principio
2216 1498 2343 1563 etc.
2370 1488 2769 1587 Episcopus
2790 1486 3127 1586 deposuit
3148 1508 3361 1583 para-

676 1626 924 1693 menta
953 1618 1188 1693 suain
1220 1616 1618 1691 faldistorio
1650 1620 1722 1689 et
1751 1607 2137 1691 cardinalis
2165 1614 2240 1688 in
2260 1615 2617 1706 scabello;
2654 1615 3038 1713 episcopus
3076 1611 3351 1687 deinde

680 1744 874 1818 venit
939 1742 1033 1816 ad
1102 1740 1545 1816 cardinalem
1599 1740 1690 1814 ad
1747 1726 2148 1816 scabellum
2206 1764 2420 1815 suum
2479 1740 2733 1815 dicens
2768 1764 2789 1815 ε
2826 1740 2950 1813 tibi
2986 1737 3352 1837 proficiat.

687 1866 1080 1942 Cardinalis
1112 1872 1500 1963 antequam
1534 1873 1963 1963 paramenta
2000 1866 2384 1964 reciperet,
2433 1865 2601 1939 lavit
2642 1886 2931 1953 manus»,
2977 1868 3050 1937 et
3088 1883 3361 1936 conve-

685 1991 972 2064 nienter
1000 1988 1224 2063 missa
1253 1987 1443 2064 dicta
1473 1994 1582 2063 est
1607 1987 1697 2062 de
1746 1995 1999 2064 sancto
2043 1990 2390 2089 Gregorio
2424 2014 2439 2064 ε
2478 1989 2861 2064 cardinalis
2888 1986 3143 2062 babuit
3172 1986 3360 2061 duos

684 2112 1147 2211 cappellanos
1175 2111 1467 2187 indutos
1500 2114 2027 2211 superpelliciis
2060 2121 2133 2190 et
2164 2116 2467 2190 totidem
2508 2107 2920 2214 episcopus.

784 2242 969 2312 Nota
997 2224 1194 2335 quod
1223 2236 1283 2310 si
1313 2261 1499 2336 papa
1535 2239 1960 2334 ordinasset,
1980 2240 2176 2316 hunc
2217 2240 2758 2341 presbyterum,
2792 2240 3069 2315 dictum
3098 2238 3361 2312 fuisset

685 2390 820 2465 per
857 2364 1174 2462 priorem
1214 2350 1688 2439 diaconorum
1719 2365 2191 2441 cardinalium
2225 2368 2549 2467 pontifici
2583 2395 2598 2441 ε
2636 2368 2860 2441 Pater
2900 2377 3163 2455 sancte,
3186 2388 3362 2463 pos-

690 2490 872 2563 tulat
911 2476 1154 2563 sancta
1195 2500 1421 2563 mater
1470 2488 1792 2563 Ecclesia
1834 2478 2215 2581 etc-„cum
2262 2492 2590 2589 reliquis,
2643 2498 2717 2566 et
2756 2514 2892 2590 per
2934 2488 3363 2587 pontificem

687 2615 886 2689 dicta
922 2612 1414 2703 annunciatiO,
1450 2614 1784 2711 quoniam
1824 2616 2253 2690 dilectissimi
2277 2620 2543 2717 fratres
2578 2629 2739 2709 etc.,
2777 2622 2849 2691 et
2877 2615 3257 2691 instructio
3286 2624 3366 2690 et

690 2730 1091 2815 admonitio
1151 2739 1245 2813 ad
1290 2738 1771 2813 ordinandum
1819 2740 1895 2814 in
1941 2740 2311 2840 singulari,
2358 2743 2688 2818 videlicet
2739 2740 3204 2816 consecrande
3243 2740 3367 2839 fili

691 2864 1051 2939 carissime
1111 2864 1186 2936 in
1226 2864 1761 2962 presbyteratus
1815 2866 2142 2966 officium
2194 2880 2355 2960 etc„
2417 2875 2488 2943 et
2540 2868 2683 2943 alia
2739 2868 2983 2941 omnia
3027 2875 3242 2966 prout
3284 2866 3363 2940 in

687 2989 1086 3091 pontificali
1123 3013 1143 3063 :
1177 2988 1394 3064 etiam
1409 2990 1770 3087 promittis
1797 2992 1996 3065 nobis
2026 3003 2153 3065 etc.
2171 3050 2187 3083 ,
2224 3004 2292 3066 et
2321 2995 2489 3091 quia
2512 3018 2650 3085 res,
2688 3016 2904 3093 quam
2934 3004 3363 3067 tractaturus

689 3144 759 3194 es
785 3130 944 3209 etc„
977 3140 1119 3214 que
1150 3116 1240 3190 ab
1274 3115 1614 3192 inferiore
1657 3141 1700 3189 a
1741 3121 1938 3216 Papa
1974 3117 2049 3191 in
2092 3117 2547 3194 ordinatione
2586 3116 3060 3195 cardinalium
3102 3114 3363 3191 obmit-

690 3250 966 3335 tuntur,
1003 3241 1172 3339 quia
1217 3242 1618 3317 cardinales
1673 3249 2040 3338 tamquam
2094 3268 2137 3318 a
2185 3248 2383 3345 Rapa
2419 3244 2768 3320 admoniti
2821 3250 2896 3319 et
2948 3240 3357 3341 approbati,

689 3392 822 3467 per
849 3367 1269 3442 inferiorem
1308 3360 1565 3442 instrui
1602 3389 1748 3441 non
1793 3366 2089 3444 debent.
2128 3369 2327 3443 Idem
2357 3370 2887 3445 observandum
2929 3349 3039 3442 est
3082 3367 3157 3439 in
3200 3388 3363 3440 om-

692 3491 892 3565 nium
924 3489 1232 3564 aliorum
1265 3490 1600 3565 ordinum
1635 3491 2048 3583 collatione,
2095 3494 2216 3591 qui
2258 3493 2746 3569 cardinalibus
2777 3514 2910 3592 per
2940 3495 3212 3590 Papam
3242 3492 3353 3567 vel

690 3613 1141 3708 inferiorem,
1177 3616 1266 3690 de
1300 3618 1456 3715 ejus
1492 3621 1736 3692 tamen
1765 3618 2059 3692 licentia
2090 3620 2413 3716 speciali,
2450 3620 2949 3694 conferuntur.

789 3741 1191 3819 Videbatur
1240 3741 1420 3816 mihi
1468 3749 1635 3817 ante
1710 3742 2255 3818 inchoationem
2322 3744 2541 3819 officii
2596 3744 2958 3837 hodierni,
3026 3742 3363 3819 videlicet

693 3876 1082 3968 antequam
1131 3868 1515 3967 episcopus
1564 3867 1656 3943 ad
1709 3868 2249 3944 confessionem
2302 3858 2743 3969 assurgeret
2772 3876 2939 3945 ante
2994 3869 3233 3967 ipsum
3290 3877 3365 3943 et

693 3994 1163 4086 cardinalem,
1197 3993 1533 4068 debuisse
1563 3992 1805 4069 dicere
1837 3994 2057 4069 verba
2087 3994 2159 4067 in
2190 3995 2607 4094 hujusmodi
2646 3994 3087 4072 sententiam
3125 4023 3141 4069 :
3184 4026 3221 4065 «
3256 3995 3359 4071 R.

693 4123 824 4219 R,
872 4120 1318 4195 commissum
1377 4130 1482 4193 est
1527 4118 1957 4193 Paternitati
1996 4132 2215 4194 vestre
2257 4145 2395 4219 per
2447 4119 2586 4195 SS.
2634 4120 2723 4197 D.
2782 4120 2885 4195 N.
2932 4118 3127 4219 quod
3170 4120 3367 4193 hunc

684 4258 1080 4347 presentem
1115 4244 1414 4318 Rmum.
1455 4242 1553 4317 D.
1595 4244 2025 4318 cardinalem
2055 4245 2129 4317 in
2159 4244 2571 4318 diaconatus
2602 4244 2845 4319 ordine
2874 4245 3359 4335 con-stinctum,

693 4372 792 4447 ad
812 4370 1346 4471 presbyteratus
1388 4368 1704 4443 ordinem
1750 4370 2215 4465 promoveatis
2252 4371 2462 4465 justa
2521 4372 2737 4444 ritum
2788 4382 3026 4443 sancte
3072 4394 3368 4444 romane

693 4496 1010 4575 Ecclesie
1038 4494 1114 4568 in
1146 4494 1399 4567 talibus
1427 4492 1708 4566 solitum
1737 4494 2111 4569 observari.
2146 4495 2428 4569 Poterit
2448 4496 2673 4593 iqitur
2698 4496 3109 4569 Paternitas
3134 4508 3364 4569 vestra

695 4624 1020 4721 officium
1049 4622 1183 4695 sibi
1209 4619 1658 4694 commissum
1696 4621 1976 4719 assequi
2011 4621 2086 4693 in
2129 4622 2412 4695 nomine
2448 4620 2769 4695 Domini.
2810 4652 2847 4689 »
2894 4620 3042 4696 Sed
3070 4627 3361 4719 postea,

686 4746 960 4845 judicio
1017 4750 1103 4820 D.
1167 4746 1312 4821 mei
1365 4743 1688 4842 episcopi
1750 4744 2057 4819 Pientini
2116 4766 2337 4843 super
2400 4744 2544 4819 hoc
2600 4744 2875 4837 habito,
2936 4744 3171 4820 visum
3228 4746 3368 4820 fuit

699 4872 1182 4945 Dominationi
1238 4898 1364 4945 sue
1425 4870 1849 4970 hujusmodi
1918 4872 2132 4946 verba
2186 4895 2335 4946 non
2394 4872 2781 4947 convenire
2858 4871 2989 4946 sed
3033 4870 3365 4947 officium

693 4996 1186 5070 inchoandum
1219 5020 1379 5072 esse
1411 5004 1483 5072 et
1511 5000 2125 5097 persequendum,
2161 5005 2375 5097 prout
2410 5000 2743 5097 superius
2788 5023 2920 5098 per
2948 5020 3069 5073 me
3116 4997 3367 5073 fuerat

693 5120 1177 5197 observatum.

793 5247 1174 5323 Dominica
1223 5224 1476 5345 quarta
1518 5250 2100 5346 quadragesime,
2158 5272 2297 5346 que
2342 5251 2556 5325 letare
2594 5250 2876 5339 dicitur,
2944 5255 3027 5321 17
3078 5249 3356 5338 martii,
