3625 6059
696 542 805 597 302
1610 537 1966 596 JOHANNIS
2013 536 2460 610 BURCHARDI,
3027 538 3179 599 [Anat
3202 542 3324 601 nm

700 718 947 771 meum
986 718 1064 769 se
1096 694 1272 769 dixit
1304 701 1880 792 expectaturum,
1921 716 2139 790 quem
2183 694 2449 791 reperii
2488 716 2742 767 versus
2793 692 3184 767 Bononiam
3203 718 3326 785 ,ve-

700 820 1048 895 nientem.
1082 818 1629 893 Confalonerius
1673 842 1842 893 cum
1871 818 2026 892 vice
2053 819 2294 916 legato
2329 819 2476 893 sive
2505 819 3046 894 locumtenente
3077 822 3328 917 accepit

700 960 867 1019 eu'm
896 950 1103 1020 extra
1123 950 1409 1042 portam
1438 950 1511 1019 et
1540 944 1777 1041 ipsum
1804 944 2150 1042 legatum.
2182 948 2379 1019 Inter
2397 969 2480 1019 se
2497 950 2894 1042 posuerunt
2926 943 3336 1040 vicelegatus

700 1094 739 1145 a
792 1067 1065 1144 dextris
1122 1077 1199 1145 et
1248 1070 1785 1145 confalonerius
1841 1092 1886 1143 a
1936 1069 2286 1157 sinistris;
2342 1070 2535 1167 quod
2575 1069 2854 1159 videnS,
2887 1068 3188 1143 honeste
3223 1091 3338 1145 eos
3411 1144 3422 1149 -

700 1193 1165 1294 reprehendi,
1198 1218 1283 1270 ac
1322 1194 1890 1283 commemoravi
1941 1195 2230 1291 utrique
2279 1196 2354 1270 id
2393 1196 2567 1293 ipsis
2605 1218 3064 1297 nequaquam
3101 1218 3340 1272 conve·

702 1320 860 1395 nire
921 1344 937 1393 z
983 1319 1410 1417 vicelegato‚
1462 1327 1541 1394 ut
1590 1322 1906 1419 primum
1960 1320 2202 1395 locum
2253 1321 2448 1396 inter
2497 1321 2828 1420 prelatos·
2871 1327 3159 1397 nostros
3195 1330 3344 1419 post

699 1445 1045 1542 legatum,
1084 1451 1157 1521 et
1192 1444 1687 1519 confalonerio
1738 1452 1818 1519 ut
1859 1449 2026 1520 ante
2069 1467 2366 1550 crucem
2411 1445 2630 1543 legati
2671 1445 3126 1537 incederent,
3169 1448 3346 1545 quod

701 1575 941 1645 tamen
970 1577 1369 1645 renuerunt
1398 1594 1415 1643 :
1448 1569 1843 1668 supplicavi
1870 1578 2256 1668 propterea
2276 1574 2484 1645 Rmo.
2519 1573 2606 1644 D.
2635 1570 2876 1668 legato
2909 1594 3038 1645 eos
3063 1578 3140 1647 ut
3161 1572 3252 1645 ad
3277 1596 3350 1647 se

700 1703 992 1772 vocaret
1028 1696 1227 1792 quod
1270 1702 1343 1771 et
1382 1696 1575 1785 fecit,
1628 1697 1878 1793 sicque
1923 1695 2342 1771 immediate
2385 1706 2550 1795 post
2591 1696 2912 1794 legatum
2963 1698 3180 1771 ambo
3225 1696 3348 1794 ipsi

702 1821 915 1895 simul
938 1826 1107 1895 ante
1128 1819 1448 1919 prelatos
1472 1830 1759 1896 nostros
1780 1821 2270 1913 incesserunt3
2299 1831 2630 1897 oratores
2648 1826 2974 1898 -Venetus
3001 1830 3074 1897 et
3093 1821 3354 1897 Medio-

706 1944 1026 2021 lanensis
1070 1955 1241 2022 ante
1280 1969 1601 2038 crucem,
1646 1954 1719 2023 et
1756 1956 1928 2022 ante
1967 1969 2098 2023 eos
2139 1954 2462 2046 potestas
2499 1955 2574 2023 et
2613 1949 2912 2039 antiani,
2965 1955 3038 2023 et
3077 1948 3198 2024 alii
3237 1969 3358 2022 suo

709 2072 991 2148 ordine.
1028 2071 1326 2147 lnterim
1352 2072 1637 2171 legatus
1672 2072 1924 2149 videns
1965 2072 2475 2149 baldachinum
2518 2073 2804 2166 deesse,
2852 2096 3152 2149 causam
3182 2098 3227 2149 a
3251 2096 3360 2149 me

706 2195 1122 2297 postulavit,
1150 2220 1295 2295 qua
1334 2198 1723 2291 intellecta,
1771 2221 1907 2298 pro
1949 2198 2104 2274 solo
2135 2197 2279 2274 hoc
2317 2222 2436 2274 me
2475 2198 2946 2297 reprehendit
2980 2200 3176 2299 quod
3205 2207 3362 2275 ante

712 2324 1089 2401 introitum
1120 2348 1333 2400 suum
1364 2325 1435 2399 in
1464 2326 1775 2416 civitate,
1808 2326 1885 2402 id
1911 2349 2056 2402 non
2089 2325 2671 2423 significaverim.
2709 2327 2786 2398 ln
2814 2324 3114 2399 introitu
3145 2325 3366 2401 eccle·

710 2450 815 2527 sie
844 2450 1307 2543 cathedralis,
1331 2451 1717 2549 episcopus
1748 2450 2310 2549 senogalliensis
2341 2450 2830 2549 aspersorium
2856 2450 3102 2547 legato
3123 2450 3367 2525 minis-

714 2576 949 2665 travit,
984 2584 1056 2651 et
1079 2598 1213 2673 per
1240 2598 1410 2651 eum
1440 2576 1741 2651 incenso
1767 2576 2138 2674 imposito,
2177 2575 2605 2666 incensavit,
2647 2576 2823 2649 dixit
2851 2576 3256 2651 orationem
3283 2576 3368 2651 de

714 2700 985 2776 sanctis
1026 2699 1446 2799 apostolicis
1488 2704 1703 2775 Petro
1742 2708 1817 2775 et
1859 2702 2109 2792 Paulo,
2157 2701 2357 2777 dedit
2407 2698 2992 2777 benedictionem
3033 2710 3258 2794 stans,
3299 2710 3374 2775 ut

712 2828 782 2901 in
816 2826 1129 2903 ecclesia
1154 2825 1700 2918 Assisinatensi,
1744 2832 1818 2903 et
1855 2826 2338 2923 indulgentias
2382 2828 2592 2903 unius
2630 2827 2800 2904 anni
2835 2834 2908 2901 et
2948 2826 3164 2901 unius
3201 2850 3373 2924 qua-

713 2951 1033 3049 dragene
1082 2973 1263 3046 quas
1306 2974 1495 3025 unus
1554 2974 1646 3027 ex
1689 2952 2062 3028 canonicis
2109 2956 2421 3032 ecclesie
2476 2954 3005 3055 pronunciavit.
3066 2956 3374 3051 Legatos

714 3082 1011 3174 propter
1053 3075 1563 3152 baldachinum
1598 3099 1745 3152 non
1778 3087 2108 3177 paratum
2149 3082 2354 3157 valde
2394 3082 2810 3180 indignatus
2851 3087 2993 3171 est,
3041 3085 3116 3154 et
3160 3102 3377 3177 prop-

719 3208 921 3277 terea
947 3200 1020 3275 in
1061 3201 1272 3277 altari
1310 3202 1491 3275 nihil
1534 3201 1820 3276 obtulit.
1871 3205 2292 3280 Associatus
2341 3206 2606 3282 deinde
2653 3214 2764 3282 est
2821 3227 2910 3281 eo
2951 3204 3212 3280 ordine
3237 3225 3376 3301 quo

715 3325 1043 3401 venimus
1074 3326 1167 3401 ad
1193 3325 1540 3424 palatium
1568 3325 1789 3424 legati
1833 3330 2314 3405 Bononiensis
2353 3331 2474 3406 ubi
2516 3331 2922 3428 hospitatus
2951 3336 3090 3421 est,
3133 3338 3214 3405 et
3249 3352 3378 3404 nos

714 3453 787 3524 in
819 3452 1139 3550 hospitio
1166 3452 1426 3528 Leonis
1457 3458 1531 3527 et
1558 3452 1925 3527 Montonis
1953 3455 2312 3531 stetimus.

814 3576 1219 3667 Dominica,
1286 3582 1373 3650 14
1448 3578 1783 3676 Augusti,
1856 3580 2140 3679 legatus
2213 3582 2482 3657 audivit
2537 3583 2836 3657 missam
2895 3581 3254 3679 majorem
3309 3580 3382 3656 in

715 3701 1029 3777 ecclesia
1056 3726 1116 3775 ε.
1150 3702 1470 3777 Petronii
1500 3726 1718 3799 quam
1753 3705 2143 3781 celebravit
2181 3731 2369 3782 unus
2399 3730 2488 3783 ex
2525 3707 2926 3798 canonicis,
2960 3715 3033 3781 et
3061 3730 3382 3805 evange·
3534 3782 3536 3811 Ξ

710 3825 891 3900 lium
942 3836 1016 3902 et
1070 3826 1451 3925 epistolam
1478 3827 1619 3903 duo
1648 3854 1741 3904 ex
1770 3831 2276 3906 mansionariis
2303 3832 2494 3907 illius
2524 3831 2835 3907 ecclesie
2887 3856 2906 3906 ε
2953 3830 3228 3907 chorus
3256 3833 3386 3907 fuit
3534 3858 3536 3905 ;

713 3950 1001 4027 honesti
1044 3959 1365 4051 paratuS.
1402 3955 1714 4051 Legatos
1756 3956 1960 4031 stetit
1999 3964 2072 4033 et
2115 3956 2301 4031 sedit
2344 3957 2418 4031 in
2451 3957 2625 4033 sede
2659 3955 3012 4031 eminenti
3047 3957 3127 4031 in
3157 3980 3386 4031 cornu
3534 3972 3536 3981 ·

715 4078 1074 4176 evangelii
1124 4078 1198 4153 in
1246 4078 1437 4153 illius
1484 4081 1711 4155 choro
1754 4082 2018 4180 posita,
2069 4082 2148 4157 in
2179 4084 2320 4158 alio
2361 4083 2580 4159 simili
2617 4084 2692 4158 in
2737 4082 3076 4183 opposito
3113 4107 3132 4157 :
3166 4104 3386 4158 nemo
3534 4080 3536 4135 ἰ

718 4203 852 4277 fuit
880 4211 1045 4301 post
1070 4204 1417 4303 legatum.
1456 4205 1695 4280 Prima
1726 4208 1939 4282 sedes
1987 4209 2120 4284 fuit
2165 4233 2419 4300 vacua,
2467 4203 2540 4283 in
2575 4208 2908 4285 'secunda
2937 4208 3136 4284 stetit
3162 4209 3384 4283 Ame-

712 4328 961 4403 liensis
996 4329 1528 4422 locumtenens,
1572 4342 1647 4405 et
1689 4342 1852 4430 post
1899 4358 2072 4409 eum
2110 4335 2648 4410 confalonerius
2697 4344 2956 4409 contra
2981 4334 3384 4409 ordinatio-

712 4476 881 4529 nem
938 4476 1213 4546 meam3
1274 4464 1440 4554 post
1502 4458 2081 4534 confalonerium
2155 4460 2746 4559 SenogalliensiS‚
2813 4460 3378 4558 Fulginatensis,

710 4580 1264 4656 Assisinatensis
1312 4581 1663 4681 episcopi,
1719 4584 2254 4681 protonotarius
2304 4585 2396 4660 de
2457 4586 2779 4683 Aspetia,
2837 4586 3380 4683 protonotarius

712 4704 802 4779 ‹le
848 4706 1265 4798 Bentivolis,
1327 4714 1645 4806 potestas
1694 4710 2177 4784 Bononiensis
2217 4710 2516 4786 inferius
2579 4710 2653 4785 in
2713 4710 2932 4808 plano
2981 4710 3190 4785 chori
3248 4711 3384 4783 sub

714 4827 1007 4924 prelatis
1051 4829 1422 4926 predictiS,
1476 4832 1964 4907 thesaurarius
2016 4842 2091 4910 et
2132 4840 2668 4932 protonotarius
2721 4862 2808 4913 ac
2855 4839 2979 4913 alii
3029 4838 3386 4935 capellani

714 4952 933 5050 legati
962 4976 978 5024 ε
1010 4952 1085 5027 in
1116 4956 1448 5052 opposito
1472 4956 1719 5056 legati,
1746 4957 1820 5031 in
1849 4958 1990 5032 alio
2015 4959 2242 5034 choro
2270 4968 2439 5059 post
2463 4962 2716 5039 sedem
2741 4965 3191 5039 eminentem
3219 4970 3384 5039 ante

714 5084 785 5151 et
816 5101 1037 5177 super
1060 5077 1291 5155 dictos
1320 5089 1645 5157 oratores
1670 5083 1858 5159 bene
1879 5084 2133 5160 fuisset
2161 5087 2725 5164 confalonerius.
2763 5094 3104 5167 Oratores
3135 5094 3412 5168 Vene-‘

718 5210 955 5278 torum
992 5209 1066 5279 et
1100 5204 1305 5281 ducis
1343 5206 1733 5285 Mediolani
1774 5210 2013 5288 taliter
2055 5218 2128 5287 et
2173 5221 2340 5310 post
2381 5238 2510 5290 eos
2559 5216 2806 5313 plures
2847 5215 3374 5306 Bononienses‚
