3625 6059
284 475 396 588 [itai
426 523 569 584 κει]
945 522 1196 578 RERUM
1246 523 1697 584 URBANARUM
1747 526 2271 586 COMMENTARH.
2839 541 2943 594 157

276 673 571 778 ponem,
632 676 969 752 videlicet
1022 678 1394 754 dexteram
1454 705 1672 779 super
1722 682 2116 780 evangelia,
2174 688 2246 758 et
2303 683 2666 762 sinistram
2723 713 2944 787 super

276 803 714 894 crucifixum,
740 804 1005 901 juravit
1038 828 1243 881 more
1283 806 1521 882 solito.
1572 811 1755 880 Tum
1795 808 2076 904 legatus
2125 809 2434 884 instituit
2469 818 2542 887 et
2576 813 2940 890 investivit

274 953 537 1027 regem,
582 953 715 1027 per
744 930 1209 1006 traditionem
1236 932 1500 1022 vexilli,
1546 933 1636 1006 de
1676 955 1930 1030 regno,
1968 939 2040 1007 et
2069 932 2143 1006 in
2174 934 2363 1008 illius
2393 937 2937 1034 possessionem

274 1053 499 1152 ipsum
539 1055 845 1145 induxit,
890 1057 1143 1131 dicens
1180 1056 1625 1131 Auctoritate
1662 1059 2042 1154 apostolica
2079 1071 2206 1132 etc,
2251 1064 2356 1134 De
2402 1061 2660 1157 quibus
2699 1064 2936 1142 verbis

275 1180 497 1256 suerat
526 1183 645 1256 die
676 1182 1097 1281 precedenti
1126 1183 1347 1281 longa
1374 1181 1657 1280 questio
1700 1209 1713 1256 :
1754 1206 1890 1279 ego
1925 1205 2235 1280 namque
2269 1185 2492 1259 verba
2519 1188 2934 1286 hujusmodi

272 1305 393 1378 sub
420 1308 757 1404 sequenti
788 1316 1043 1383 tenore
1074 1332 1583 1406 conceperam,
1618 1307 1954 1383 videlicet
1990 1333 2005 1380 ε
2747 1337 2752 1346 ·

363 1466 395 1502 «
434 1434 887 1508 Auctoritate
914 1433 1314 1530 apostolica
1336 1434 1546 1508 nobis
1572 1434 1647 1506 in
1671 1433 1811 1507 hac
1839 1441 2042 1532 parte
2074 1435 2467 1509 commissa
2493 1459 2625 1534 per
2649 1436 2934 1535 impen-

272 1560 537 1634 sionem
596 1559 815 1657 hujus
861 1559 1097 1634 vexilli
1145 1560 1221 1634 in
1274 1560 1417 1633 tuis
1472 1558 1836 1658 manibus,
1895 1564 1965 1632 te
2024 1557 2113 1632 de
2177 1583 2400 1656 regno
2456 1560 2699 1635 Sicilie
2751 1563 2934 1638 citra

270 1686 597 1776 Pharum,
626 1676 709 1760 ¹et
740 1692 892 1761 tota
919 1693 1115 1759 terra
1138 1707 1276 1782 que
1310 1689 1419 1758 est
1446 1684 1631 1758 citra
1655 1683 1967 1757 Pharum
1993 1705 2216 1780 usque
2245 1683 2335 1758 ad
2365 1685 2679 1760 confinia
2711 1695 2932 1762 terra-

268 1835 406 1884 rum
449 1816 709 1886 sancte
761 1833 1063 1885 romane
1115 1810 1439 1884 Ecclesia
1486 1832 1735 1884 versus
1787 1810 2149 1884 civitatem
2200 1812 2812 1903 Beneventanam,
2860 1821 2934 1888 et

266 1935 405 2007 aliis
428 1935 800 2032 expressis
823 1937 897 2008 in
923 1933 1151 2009 literis
1176 1933 1595 2032 apostolicis
1622 1934 1833 2008 nobis
1860 1934 2154 2011 directis
2183 1959 2265 2010 ac
2294 1937 2632 2012 omnibus
2646 1938 2931 2036 juribus

264 2067 325 2133 et
360 2059 815 2157 pertinentiis
856 2057 1281 2134 eorumdem
1313 2059 1761 2151 investimuS,
1788 2066 2018 2158 ¹teque
2057 2061 2132 2134 in
2172 2063 2382 2159 regni
2427 2068 2500 2137 et
2539 2069 2730 2138 terre
2759 2087 2930 2161 pre-

266 2184 639 2274 dictarum,
693 2184 992 2276 realem,
1056 2184 1507 2283 corporalem
1569 2191 1641 2259 et
1696 2185 2058 2261 actualem
2115 2190 2656 2286 possessionem
2716 2191 2928 2265 indu-

264 2312 501 2403 cimuS,
541 2314 752 2410 juxta
781 2312 1089 2388 formam
1120 2318 1193 2387 et
1226 2319 1553 2388 tenorem
1584 2313 1954 2388 literarum
1999 2313 2448 2390 earumdem.
2503 2319 2584 2388 In
2630 2315 2926 2390 nomine

264 2438 475 2512 Patris
513 2445 591 2513 et
621 2438 775 2512 Filii
811 2443 883 2512 et
915 2439 1222 2536 Spiritus
1260 2440 1513 2514 sancti.
1548 2443 1807 2514 Amen.
1853 2469 1907 2526 »-

348 2564 487 2638 Sed
520 2569 613 2639 D.
651 2563 989 2638 Stefanus
1019 2565 1110 2640 de
1140 2565 1408 2640 Narnia
1438 2565 1760 2640 notarius
1793 2565 1896 2638 sic
1927 2571 2362 2664 conceperat
2397 2591 2413 2639 2

353 2721 385 2758 «
441 2694 587 2764 Per
632 2691 1175 2788 impositionem
1222 2692 1640 2789 hujusmodi
1679 2693 1917 2768 vexilli
1960 2701 2206 2768 sancte
2253 2718 2552 2770 romane
2598 2695 2922 2772 Ecclesia

259 2817 669 2892 investimus
702 2824 783 2907 te,
815 2818 905 2892 de
938 2841 1165 2916 regno
1198 2817 1438 2892 Sicilie
1470 2825 1543 2892 et
1572 2825 1767 2893 terra
1794 2819 1979 2894 citra
2009 2819 2325 2894 Pharum
2346 2821 2554 2918 juxta
2589 2827 2918 2898 tenorem

257 2943 781 3018 commissionis
834 2943 1043 3017 nobis
1086 2941 1306 3034 facte,
1368 2949 1439 3018 et
1494 2951 1561 3018 te
1616 2946 1690 3018 in
1742 2944 2284 3042 possessionem
2340 2947 2543 3044 regni
2599 2952 2672 3020 et
2727 2954 2914 3022 terre

256 3069 673 3144 eorumdem
702 3068 1114 3142 inducimus
1145 3069 1219 3141 in
1252 3069 1548 3144 nomine
1581 3071 1809 3142 Patris
1843 3076 1915 3143 et
1945 3069 2104 3142 Filii
2137 3077 2208 3145 et
2242 3071 2552 3167 Spiritus
2583 3071 2810 3144 sancti
2845 3103 2913 3162 »,

252 3201 317 3267 et
352 3194 535 3268 nihil
576 3193 981 3292 excipiebat
1031 3218 1045 3266 :
1100 3193 1291 3267 unde
1322 3193 1533 3269 nobis
1578 3193 1888 3284 duobus,
1937 3193 2270 3270 videlicet
2301 3199 2387 3269 D.
2427 3195 2795 3293 Stephano
2844 3204 2920 3270 et

252 3338 359 3390 me
389 3341 640 3392 coram
674 3324 761 3394 D.
800 3317 1022 3392 Paulo
1057 3317 1148 3392 de
1190 3317 1500 3392 Castello
1532 3317 1906 3394 literarum
1939 3321 2501 3420 apostolicarum
2533 3321 2624 3397 de
2654 3323 2912 3420 maiori

250 3441 686 3534 presidentia
709 3443 1231 3535 abbreviatore,
1258 3467 1480 3542 super
1500 3445 1919 3541 hujusmodi
1946 3447 2180 3522 verbis
2206 3447 2766 3546 disputantibuS‚
2793 3473 2911 3522 me

249 3568 527 3644 dicente
557 3568 756 3668 quod
787 3570 858 3643 in
898 3569 1093 3644 bulla
1136 3576 1441 3668 excepta
1481 3571 1697 3646 etiam
1738 3571 2052 3648 debeant
2090 3573 2165 3646 in
2195 3573 2613 3648 investitura
2647 3574 2905 3672 excipi,

248 3701 315 3768 et
354 3694 475 3768 illo
524 3696 1014 3794 respondente
1061 3696 1259 3795 quod
1288 3697 1690 3772 ‘consiliarii
1740 3698 1936 3796 regis
1972 3699 2218 3773 volunt
2260 3700 2751 3776 investituram
2783 3725 2911 3798 per

247 3843 367 3894 sua
392 3823 633 3914 verba,
657 3821 987 3896 videlicet
1019 3822 1344 3921 proxime
1370 3824 1607 3921 posita
1631 3831 1940 3916 tantum,
1967 3825 2153 3918 fleri,
2190 3826 2478 3901 tandem
2507 3825 2908 3900 concorda-

243 3943 457 4021 vimus
488 3947 582 4022 ad
618 3948 929 4023 formam
973 3949 1301 4046 superius
1342 3948 1415 4022 in
1456 3950 1908 4026 ordinatione
1954 3953 2538 4028 ceremoniarum
2563 3950 2900 4048 positam.

334 4079 487 4149 Rex
539 4075 911 4150 investitus
964 4074 1254 4150 tradidit
1293 4075 1631 4150 vexillum
1680 4077 2111 4152 cancellario
2165 4075 2366 4174 regni
2421 4099 2640 4149 manu
2687 4073 2901 4172 legati

247 4195 366 4268 sibi
394 4206 653 4296 parato
685 4200 879 4276 inter
904 4225 1072 4276 suos
1102 4200 1283 4276 duos
1314 4201 1630 4299 prelatos
1658 4202 2104 4292 assistentes,
2143 4210 2218 4276 et
2247 4206 2332 4276 D.
2373 4201 2782 4298 Stephanus
2814 4200 2904 4274 de

244 4323 501 4400 Narnia
541 4326 859 4401 notarius
898 4351 1183 4401 camere
1220 4327 1593 4424 requisivit
1622 4333 1944 4404 astantes
1975 4329 2044 4402 in
2073 4333 2298 4402 testes
2330 4327 2420 4401 de
2452 4326 2898 4416 investitura,

246 4455 307 4556 et
348 4457 771 4548 procurator
812 4453 1079 4528 fiscalis
1128 4455 1319 4551 regis
1364 4454 1547 4529 nihil
1595 4453 1799 4528 dixit.
1856 4457 2286 4528 processum
2326 4450 2458 4525 fuit
2499 4450 2762 4525 deinde
2811 4452 2902 4524 ad

246 4578 779 4654 coronationem
829 4578 1047 4677 regiS,
1098 4588 1377 4656 servato
1428 4581 1682 4684 ordine
1730 4579 2088 4678 superius,
2139 4583 2211 4652 et
2259 4582 2335 4650 ut
2384 4576 2457 4648 in
2505 4575 2900 4673 pontificali

243 4702 491 4792 posito,
532 4705 881 4779 Pervento
923 4729 1149 4802 usque
1190 4706 1283 4780 ad
1316 4705 1903 4782 benedictionem
1951 4703 2144 4801 regis
2177 4702 2252 4776 in
2282 4700 2574 4789 letania,
2618 4700 2899 4800 legatus

242 4819 996 4926 per'inadvertentiam
1050 4829 1227 4903 dixit
1272 4829 1383 4902 bis
1433 4829 1507 4901 in
1555 4837 1728 4902 tono
1775 4829 2070 4917 letanie,
2126 4838 2209 4900 ut
2248 4827 2436 4902 lzzmc
2485 4830 2774 4903 electum
2824 4833 2899 4904 in

241 4971 463 5046 reyem
520 4954 1001 5028 coronandum
1072 4955 1467 5028 benedicere
1521 4952 1856 5050 diynetzer
1877 4979 1900 5046 ,-
1961 4959 2348 5050 propterea
2404 4953 2772 5052 replicavit
2828 4964 2898 5030 et

244 5073 443 5148 tertio
490 5075 765 5152 addidit
806 5089 879 5150 et
916 5103 1315 5152 consec-rare
1356 5102 1378 5150 .·
1420 5099 1674 5150 omnes
1715 5076 2078 5152 orationes
2119 5083 2192 5151 et
2230 5076 2368 5150 alia
2404 5077 2578 5175 legit
2615 5077 2896 5174 legatus

244 5203 667 5298 competenti
699 5227 901 5279 voce.
