<?xml version="1.0" encoding="UTF-8"?>
<!DOCTYPE html PUBLIC "-//W3C//DTD XHTML 1.0 Transitional//EN"
    "http://www.w3.org/TR/xhtml1/DTD/xhtml1-transitional.dtd">
<html xmlns="http://www.w3.org/1999/xhtml" xml:lang="en" lang="en">
 <head>
  <title>
</title>
<meta http-equiv="Content-Type" content="text/html;charset=utf-8" />
  <meta name='ocr-system' content='tesseract 3.04.00' />
  <meta name='ocr-capabilities' content='ocr_page ocr_carea ocr_par ocr_line ocrx_word'/>
</head>
<body>
  <div class='ocr_page' id='page_1' title='image "./johannisburchar00unkngoog_0350.png"; bbox 0 0 3625 6059; ppageno 0'>
   <div class='ocr_carea' id='block_1_1' title="bbox 647 543 3280 615">
    <p class='ocr_par' dir='ltr' id='par_1_1' title="bbox 647 543 3280 615">
     <span class='ocr_line' id='line_1_1' title="bbox 647 543 3280 615; baseline 0 -12"><span class='ocrx_word' id='word_1_1' title='bbox 647 548 755 603; x_wconf 85' lang='lat'><strong>338</strong></span> <span class='ocrx_word' id='word_1_2' title='bbox 1559 546 1912 603; x_wconf 78' lang='lat' dir='ltr'><strong>JOHANNIS</strong></span> <span class='ocrx_word' id='word_1_3' title='bbox 1961 543 2406 614; x_wconf 87' lang='lat' dir='ltr'><strong>BURCHARDI,</strong></span> <span class='ocrx_word' id='word_1_4' title='bbox 2896 546 3138 609; x_wconf 81' lang='lat' dir='ltr'><strong>[Octobre</strong></span> <span class='ocrx_word' id='word_1_5' title='bbox 3161 554 3280 615; x_wconf 59' lang='lat'><strong>1⁴96]</strong></span> 
     </span>
    </p>
   </div>
   <div class='ocr_carea' id='block_1_2' title="bbox 574 699 3312 5060">
    <p class='ocr_par' dir='ltr' id='par_1_2' title="bbox 574 699 3280 925">
     <span class='ocr_line' id='line_1_2' title="bbox 654 699 3280 802; baseline 0.003 -29"><span class='ocrx_word' id='word_1_6' title='bbox 654 707 881 774; x_wconf 86' lang='lat' dir='ltr'><strong>strata</strong></span> <span class='ocrx_word' id='word_1_7' title='bbox 909 705 1233 774; x_wconf 89' lang='lat' dir='ltr'><strong>Romana</strong></span> <span class='ocrx_word' id='word_1_8' title='bbox 1266 700 1531 775; x_wconf 86' lang='lat' dir='ltr'><strong>violata</strong></span> <span class='ocrx_word' id='word_1_9' title='bbox 1572 707 1686 776; x_wconf 87' lang='lat' dir='ltr'><strong>est</strong></span> <span class='ocrx_word' id='word_1_10' title='bbox 1725 701 1828 775; x_wconf 88' lang='lat' dir='ltr'><strong>ita</strong></span> <span class='ocrx_word' id='word_1_11' title='bbox 1863 700 2060 797; x_wconf 93' lang='lat' dir='ltr'><strong>quod</strong></span> <span class='ocrx_word' id='word_1_12' title='bbox 2090 724 2234 773; x_wconf 92' lang='lat' dir='ltr'><strong>non</strong></span> <span class='ocrx_word' id='word_1_13' title='bbox 2271 700 2473 775; x_wconf 91' lang='lat' dir='ltr'><strong>licuit</strong></span> <span class='ocrx_word' id='word_1_14' title='bbox 2509 699 2610 774; x_wconf 90' lang='lat' dir='ltr'><strong>illi</strong></span> <span class='ocrx_word' id='word_1_15' title='bbox 2651 702 2960 800; x_wconf 89' lang='lat' dir='ltr'><strong>amplius</strong></span> <span class='ocrx_word' id='word_1_16' title='bbox 2993 728 3120 802; x_wconf 86' lang='lat' dir='ltr'><strong>per</strong></span> <span class='ocrx_word' id='word_1_17' title='bbox 3147 730 3280 781; x_wconf 88' lang='lat' dir='ltr'><strong>eam</strong></span> 
     </span>
     <span class='ocr_line' id='line_1_3' title="bbox 574 822 1116 925; baseline 0 -26"><span class='ocrx_word' id='word_1_18' title='bbox 574 824 583 835; x_wconf 84' lang='grc'><em>’</em></span> <span class='ocrx_word' id='word_1_19' title='bbox 658 822 1116 925; x_wconf 83' lang='lat' dir='ltr'><strong>transire(1).</strong></span> 
     </span>
    </p>

    <p class='ocr_par' dir='ltr' id='par_1_3' title="bbox 653 950 3292 1397">
     <span class='ocr_line' id='line_1_4' title="bbox 755 950 3288 1050; baseline 0.003 -27"><span class='ocrx_word' id='word_1_20' title='bbox 755 954 968 1025; x_wconf 80' lang='lat' dir='ltr'>Extat</span> <span class='ocrx_word' id='word_1_21' title='bbox 1010 950 1398 1027; x_wconf 88' lang='lat' dir='ltr'><strong>dicendum</strong></span> <span class='ocrx_word' id='word_1_22' title='bbox 1444 954 1617 1050; x_wconf 92' lang='lat' dir='ltr'><strong>quid</strong></span> <span class='ocrx_word' id='word_1_23' title='bbox 1658 953 1769 1027; x_wconf 83' lang='lat' dir='ltr'><strong>vel</strong></span> <span class='ocrx_word' id='word_1_24' title='bbox 1808 959 2158 1049; x_wconf 89' lang='lat' dir='ltr'><strong>quantum</strong></span> <span class='ocrx_word' id='word_1_25' title='bbox 2202 951 2672 1048; x_wconf 84' lang='lat' dir='ltr'><strong>parafrenarii</strong></span> <span class='ocrx_word' id='word_1_26' title='bbox 2717 952 2906 1025; x_wconf 92' lang='lat' dir='ltr'><strong>Rmi.</strong></span> <span class='ocrx_word' id='word_1_27' title='bbox 2953 958 3038 1027; x_wconf 92' lang='lat' dir='ltr'><strong>D.</strong></span> <span class='ocrx_word' id='word_1_28' title='bbox 3083 957 3288 1030; x_wconf 88' lang='lat' dir='ltr'><strong>cardi-</strong></span> 
     </span>
     <span class='ocr_line' id='line_1_5' title="bbox 654 1076 3288 1176; baseline 0.003 -29"><span class='ocrx_word' id='word_1_29' title='bbox 654 1076 855 1151; x_wconf 88' lang='lat' dir='ltr'><strong>nales</strong></span> <span class='ocrx_word' id='word_1_30' title='bbox 908 1101 967 1149; x_wconf 78' lang='lat' dir='ltr'><strong>s,</strong></span> <span class='ocrx_word' id='word_1_31' title='bbox 1025 1078 1310 1170; x_wconf 82' lang='lat' dir='ltr'><strong>Crucis,</strong></span> <span class='ocrx_word' id='word_1_32' title='bbox 1363 1078 1583 1176; x_wconf 84' lang='lat' dir='ltr'><strong>legati</strong></span> <span class='ocrx_word' id='word_1_33' title='bbox 1632 1078 1871 1169; x_wconf 88' lang='lat' dir='ltr'><strong>Italie,</strong></span> <span class='ocrx_word' id='word_1_34' title='bbox 1919 1078 2008 1152; x_wconf 90' lang='lat' dir='ltr'><strong>de</strong></span> <span class='ocrx_word' id='word_1_35' title='bbox 2066 1076 2514 1150; x_wconf 88' lang='lat' dir='ltr'><strong>baldachinis</strong></span> <span class='ocrx_word' id='word_1_36' title='bbox 2567 1077 3014 1169; x_wconf 86' lang='lat' dir='ltr'><strong>habuerunt,</strong></span> <span class='ocrx_word' id='word_1_37' title='bbox 3057 1080 3288 1176; x_wconf 88' lang='lat' dir='ltr'><strong>quibus</strong></span> 
     </span>
     <span class='ocr_line' id='line_1_6' title="bbox 656 1200 3292 1300; baseline 0.002 -27"><span class='ocrx_word' id='word_1_38' title='bbox 656 1200 851 1274; x_wconf 90' lang='lat' dir='ltr'><strong>idem</strong></span> <span class='ocrx_word' id='word_1_39' title='bbox 881 1201 1165 1298; x_wconf 84' lang='lat' dir='ltr'><strong>legatus</strong></span> <span class='ocrx_word' id='word_1_40' title='bbox 1197 1204 1271 1277; x_wconf 94' lang='lat' dir='ltr'><strong>in</strong></span> <span class='ocrx_word' id='word_1_41' title='bbox 1310 1203 1637 1279; x_wconf 88' lang='lat' dir='ltr'><strong>ecclesiis</strong></span> <span class='ocrx_word' id='word_1_42' title='bbox 1678 1203 2020 1278; x_wconf 89' lang='lat' dir='ltr'><strong>obtulerit</strong></span> <span class='ocrx_word' id='word_1_43' title='bbox 2057 1202 2254 1299; x_wconf 91' lang='lat' dir='ltr'><strong>quod</strong></span> <span class='ocrx_word' id='word_1_44' title='bbox 2293 1201 2622 1300; x_wconf 89' lang='lat' dir='ltr'><strong>superius</strong></span> <span class='ocrx_word' id='word_1_45' title='bbox 2663 1202 2904 1277; x_wconf 89' lang='lat' dir='ltr'><strong>dicere</strong></span> <span class='ocrx_word' id='word_1_46' title='bbox 2936 1203 3292 1281; x_wconf 86' lang='lat' dir='ltr'><strong>immemor</strong></span> 
     </span>
     <span class='ocr_line' id='line_1_7' title="bbox 653 1324 781 1397; baseline 0.008 -1"><span class='ocrx_word' id='word_1_47' title='bbox 653 1324 781 1397; x_wconf 87' lang='lat' dir='ltr'><strong>fui.</strong></span> 
     </span>
    </p>

    <p class='ocr_par' dir='ltr' id='par_1_4' title="bbox 649 1436 3312 4809">
     <span class='ocr_line' id='line_1_8' title="bbox 743 1436 3293 1553; baseline 0.003 -29"><span class='ocrx_word' id='word_1_48' title='bbox 743 1454 1167 1547; x_wconf 89' lang='lat' dir='ltr'><strong>Interamni,</strong></span> <span class='ocrx_word' id='word_1_49' title='bbox 1216 1436 1581 1553; x_wconf 61' lang='lat' dir='ltr'><strong>portatum</strong></span> <span class='ocrx_word' id='word_1_50' title='bbox 1626 1455 1761 1531; x_wconf 84' lang='lat' dir='ltr'><strong>ruit</strong></span> <span class='ocrx_word' id='word_1_51' title='bbox 1809 1454 2235 1528; x_wconf 82' lang='lat' dir='ltr'><strong>vilissimum</strong></span> <span class='ocrx_word' id='word_1_52' title='bbox 2283 1452 2797 1527; x_wconf 76' lang='lat' dir='ltr'>baldachinum</span> <span class='ocrx_word' id='word_1_53' title='bbox 2837 1453 3029 1529; x_wconf 92' lang='lat' dir='ltr'><strong>inter</strong></span> <span class='ocrx_word' id='word_1_54' title='bbox 3076 1456 3293 1531; x_wconf 87' lang='lat' dir='ltr'><strong>omnia</strong></span> 
     </span>
     <span class='ocr_line' id='line_1_9' title="bbox 657 1579 3292 1679; baseline 0.001 -27"><span class='ocrx_word' id='word_1_55' title='bbox 657 1579 962 1674; x_wconf 81' lang='lat' dir='ltr'><strong>itineriS,</strong></span> <span class='ocrx_word' id='word_1_56' title='bbox 1008 1583 1205 1679; x_wconf 92' lang='lat' dir='ltr'><strong>quod</strong></span> <span class='ocrx_word' id='word_1_57' title='bbox 1251 1582 1723 1658; x_wconf 90' lang='lat' dir='ltr'><strong>nihilominus</strong></span> <span class='ocrx_word' id='word_1_58' title='bbox 1772 1581 1966 1656; x_wconf 86' lang='lat' dir='ltr'><strong>cives</strong></span> <span class='ocrx_word' id='word_1_59' title='bbox 2009 1579 2365 1654; x_wconf 81' lang='lat' dir='ltr'><strong>redimere</strong></span> <span class='ocrx_word' id='word_1_60' title='bbox 2419 1579 2740 1652; x_wconf 89' lang='lat' dir='ltr'><strong>volentes</strong></span> <span class='ocrx_word' id='word_1_61' title='bbox 2793 1585 3172 1677; x_wconf 81' lang='lat' dir='ltr'><strong>antequam</strong></span> <span class='ocrx_word' id='word_1_62' title='bbox 3215 1582 3292 1655; x_wconf 86' lang='lat' dir='ltr'><strong>ad</strong></span> 
     </span>
     <span class='ocr_line' id='line_1_10' title="bbox 660 1704 3292 1807; baseline 0 -28"><span class='ocrx_word' id='word_1_63' title='bbox 660 1706 1043 1781; x_wconf 90' lang='lat' dir='ltr'><strong>ecclesiam</strong></span> <span class='ocrx_word' id='word_1_64' title='bbox 1073 1711 1558 1807; x_wconf 88' lang='lat' dir='ltr'><strong>pervenirent,</strong></span> <span class='ocrx_word' id='word_1_65' title='bbox 1594 1713 2088 1783; x_wconf 90' lang='lat' dir='ltr'><strong>convenerunt</strong></span> <span class='ocrx_word' id='word_1_66' title='bbox 2126 1728 2292 1778; x_wconf 91' lang='lat' dir='ltr'><strong>cum</strong></span> <span class='ocrx_word' id='word_1_67' title='bbox 2327 1704 2836 1800; x_wconf 86' lang='lat' dir='ltr'><strong>parafrenariis</strong></span> <span class='ocrx_word' id='word_1_68' title='bbox 2875 1728 2952 1779; x_wconf 92' lang='lat' dir='ltr'><strong>se</strong></span> <span class='ocrx_word' id='word_1_69' title='bbox 2993 1706 3159 1803; x_wconf 87' lang='lat' dir='ltr'><strong>ipsis</strong></span> <span class='ocrx_word' id='word_1_70' title='bbox 3191 1731 3292 1781; x_wconf 89' lang='lat' dir='ltr'><strong>sa-</strong></span> 
     </span>
     <span class='ocr_line' id='line_1_11' title="bbox 661 1829 3290 1932; baseline 0.001 -30"><span class='ocrx_word' id='word_1_71' title='bbox 661 1829 1074 1907; x_wconf 85' lang='lat' dir='ltr'><strong>tissacturos</strong></span> <span class='ocrx_word' id='word_1_72' title='bbox 1113 1860 1128 1908; x_wconf 91' lang='lat'><strong>:</strong></span> <span class='ocrx_word' id='word_1_73' title='bbox 1165 1836 1519 1911; x_wconf 90' lang='lat' dir='ltr'><strong>miserunt</strong></span> <span class='ocrx_word' id='word_1_74' title='bbox 1556 1842 1813 1932; x_wconf 90' lang='lat' dir='ltr'><strong>postea</strong></span> <span class='ocrx_word' id='word_1_75' title='bbox 1845 1833 2018 1932; x_wconf 90' lang='lat' dir='ltr'><strong>ipsis</strong></span> <span class='ocrx_word' id='word_1_76' title='bbox 2049 1856 2364 1931; x_wconf 75' lang='lat' dir='ltr'><strong>capones</strong></span> <span class='ocrx_word' id='word_1_77' title='bbox 2397 1854 2576 1929; x_wconf 92' lang='lat' dir='ltr'><strong>quos</strong></span> <span class='ocrx_word' id='word_1_78' title='bbox 2605 1832 3075 1928; x_wconf 82' lang='lat' dir='ltr'><strong>parafrenarii</strong></span> <span class='ocrx_word' id='word_1_79' title='bbox 3106 1856 3290 1906; x_wconf 87' lang='lat' dir='ltr'><strong>recu-</strong></span> 
     </span>
     <span class='ocr_line' id='line_1_12' title="bbox 662 1953 3292 2035; baseline 0 -10"><span class='ocrx_word' id='word_1_80' title='bbox 662 1961 903 2029; x_wconf 87' lang='lat' dir='ltr'><strong>santes</strong></span> <span class='ocrx_word' id='word_1_81' title='bbox 950 1959 1385 2033; x_wconf 89' lang='lat' dir='ltr'><strong>remiserunt</strong></span> <span class='ocrx_word' id='word_1_82' title='bbox 1433 1965 1503 2035; x_wconf 92' lang='lat' dir='ltr'><strong>et</strong></span> <span class='ocrx_word' id='word_1_83' title='bbox 1558 1958 1737 2032; x_wconf 89' lang='lat' dir='ltr'>nihil</span> <span class='ocrx_word' id='word_1_84' title='bbox 1784 1958 2218 2031; x_wconf 85' lang='lat' dir='ltr'><strong>habuerunt.</strong></span> <span class='ocrx_word' id='word_1_85' title='bbox 2277 1955 2796 2030; x_wconf 88' lang='lat' dir='ltr'><strong>Baldachinum</strong></span> <span class='ocrx_word' id='word_1_86' title='bbox 2847 1953 3292 2029; x_wconf 88' lang='lat' dir='ltr'><strong>nihilominus</strong></span> 
     </span>
     <span class='ocr_line' id='line_1_13' title="bbox 660 2079 3292 2178; baseline 0.001 -29"><span class='ocrx_word' id='word_1_87' title='bbox 660 2080 926 2153; x_wconf 87' lang='lat' dir='ltr'><strong>mansit</strong></span> <span class='ocrx_word' id='word_1_88' title='bbox 974 2083 1281 2158; x_wconf 84' lang='lat' dir='ltr'><strong>ecclesie</strong></span> <span class='ocrx_word' id='word_1_89' title='bbox 1326 2084 1741 2159; x_wconf 87' lang='lat' dir='ltr'><strong>Faventine.</strong></span> <span class='ocrx_word' id='word_1_90' title='bbox 1793 2083 2212 2158; x_wconf 79' lang='lat' dir='ltr'><strong>Familiares</strong></span> <span class='ocrx_word' id='word_1_91' title='bbox 2254 2080 2663 2155; x_wconf 87' lang='lat' dir='ltr'><strong>habuerunt</strong></span> <span class='ocrx_word' id='word_1_92' title='bbox 2706 2104 2840 2178; x_wconf 89' lang='lat' dir='ltr'><strong>pro</strong></span> <span class='ocrx_word' id='word_1_93' title='bbox 2883 2079 3292 2155; x_wconf 83' lang='lat' dir='ltr'><strong>baldachino</strong></span> 
     </span>
     <span class='ocr_line' id='line_1_14' title="bbox 660 2204 3296 2309; baseline 0.001 -32"><span class='ocrx_word' id='word_1_94' title='bbox 660 2204 963 2281; x_wconf 76' lang='lat' dir='ltr'><strong>ducatos</strong></span> <span class='ocrx_word' id='word_1_95' title='bbox 994 2214 1141 2283; x_wconf 91' lang='lat' dir='ltr'><strong>tres</strong></span> <span class='ocrx_word' id='word_1_96' title='bbox 1174 2216 1246 2283; x_wconf 95' lang='lat' dir='ltr'><strong>et</strong></span> <span class='ocrx_word' id='word_1_97' title='bbox 1274 2234 1317 2284; x_wconf 90' lang='lat' dir='ltr'><strong>a</strong></span> <span class='ocrx_word' id='word_1_98' title='bbox 1335 2210 1722 2309; x_wconf 87' lang='lat' dir='ltr'><strong>juvenibus</strong></span> <span class='ocrx_word' id='word_1_99' title='bbox 1748 2208 2085 2283; x_wconf 86' lang='lat' dir='ltr'><strong>Faventie</strong></span> <span class='ocrx_word' id='word_1_100' title='bbox 2124 2206 2246 2304; x_wconf 93' lang='lat' dir='ltr'><strong>qui</strong></span> <span class='ocrx_word' id='word_1_101' title='bbox 2285 2206 2558 2280; x_wconf 87' lang='lat' dir='ltr'><strong>mulam</strong></span> <span class='ocrx_word' id='word_1_102' title='bbox 2593 2204 2812 2303; x_wconf 85' lang='lat' dir='ltr'><strong>legati</strong></span> <span class='ocrx_word' id='word_1_103' title='bbox 2851 2229 3296 2304; x_wconf 85' lang='lat' dir='ltr'><strong>recuperave-</strong></span> 
     </span>
     <span class='ocr_line' id='line_1_15' title="bbox 660 2331 3295 2433; baseline 0 -30"><span class='ocrx_word' id='word_1_104' title='bbox 660 2339 847 2423; x_wconf 90' lang='lat' dir='ltr'><strong>rant,</strong></span> <span class='ocrx_word' id='word_1_105' title='bbox 887 2335 1265 2433; x_wconf 90' lang='lat' dir='ltr'><strong>redempta</strong></span> <span class='ocrx_word' id='word_1_106' title='bbox 1306 2336 1437 2410; x_wconf 88' lang='lat' dir='ltr'><strong>fuit</strong></span> <span class='ocrx_word' id='word_1_107' title='bbox 1475 2337 1673 2410; x_wconf 91' lang='lat' dir='ltr'><strong>mula</strong></span> <span class='ocrx_word' id='word_1_108' title='bbox 1711 2336 1870 2432; x_wconf 89' lang='lat' dir='ltr'><strong>ipsa</strong></span> <span class='ocrx_word' id='word_1_109' title='bbox 1909 2334 2262 2409; x_wconf 88' lang='lat' dir='ltr'><strong>carolenis</strong></span> <span class='ocrx_word' id='word_1_110' title='bbox 2301 2334 2624 2431; x_wconf 84' lang='lat' dir='ltr'><strong>triginta.</strong></span> <span class='ocrx_word' id='word_1_111' title='bbox 2683 2331 2986 2423; x_wconf 82' lang='lat' dir='ltr'><strong>Pisauri,</strong></span> <span class='ocrx_word' id='word_1_112' title='bbox 3023 2355 3295 2430; x_wconf 84' lang='lat' dir='ltr'><strong>grossos</strong></span> 
     </span>
     <span class='ocr_line' id='line_1_16' title="bbox 660 2454 3300 2560; baseline 0.001 -34"><span class='ocrx_word' id='word_1_113' title='bbox 660 2454 1085 2534; x_wconf 89' lang='lat' dir='ltr'><strong>florentinos</strong></span> <span class='ocrx_word' id='word_1_114' title='bbox 1125 2462 1599 2560; x_wconf 85' lang='lat' dir='ltr'><strong>quadraginta</strong></span> <span class='ocrx_word' id='word_1_115' title='bbox 1646 2460 2058 2535; x_wconf 89' lang='lat' dir='ltr'><strong>habuerunt</strong></span> <span class='ocrx_word' id='word_1_116' title='bbox 2099 2459 2346 2549; x_wconf 91' lang='lat' dir='ltr'><strong>iidem,</strong></span> <span class='ocrx_word' id='word_1_117' title='bbox 2385 2459 2548 2534; x_wconf 93' lang='lat' dir='ltr'><strong>loco</strong></span> <span class='ocrx_word' id='word_1_118' title='bbox 2592 2457 3027 2547; x_wconf 87' lang='lat' dir='ltr'><strong>baldachini,</strong></span> <span class='ocrx_word' id='word_1_119' title='bbox 3063 2462 3133 2532; x_wconf 87' lang='lat' dir='ltr'><strong>et</strong></span> <span class='ocrx_word' id='word_1_120' title='bbox 3158 2457 3300 2529; x_wconf 80' lang='lat' dir='ltr'><strong>Ari-</strong></span> 
     </span>
     <span class='ocr_line' id='line_1_17' title="bbox 658 2580 3298 2685; baseline 0.001 -34"><span class='ocrx_word' id='word_1_121' title='bbox 658 2580 836 2654; x_wconf 88' lang='lat' dir='ltr'><strong>mini</strong></span> <span class='ocrx_word' id='word_1_122' title='bbox 882 2583 1210 2660; x_wconf 89' lang='lat' dir='ltr'><strong>similiter</strong></span> <span class='ocrx_word' id='word_1_123' title='bbox 1256 2612 1549 2685; x_wconf 85' lang='lat' dir='ltr'><strong>grossos</strong></span> <span class='ocrx_word' id='word_1_124' title='bbox 1594 2587 1930 2660; x_wconf 88' lang='lat' dir='ltr'><strong>undecim</strong></span> <span class='ocrx_word' id='word_1_125' title='bbox 1971 2608 2150 2683; x_wconf 88' lang='lat' dir='ltr'><strong>quos</strong></span> <span class='ocrx_word' id='word_1_126' title='bbox 2193 2584 2520 2682; x_wconf 90' lang='lat' dir='ltr'><strong>recipere</strong></span> <span class='ocrx_word' id='word_1_127' title='bbox 2567 2588 3018 2673; x_wconf 88' lang='lat' dir='ltr'><strong>recusantes,</strong></span> <span class='ocrx_word' id='word_1_128' title='bbox 3052 2581 3298 2655; x_wconf 86' lang='lat' dir='ltr'><strong>amise-</strong></span> 
     </span>
     <span class='ocr_line' id='line_1_18' title="bbox 660 2707 3302 2810; baseline 0.002 -35"><span class='ocrx_word' id='word_1_129' title='bbox 660 2710 850 2779; x_wconf 90' lang='lat' dir='ltr'><strong>runt.</strong></span> <span class='ocrx_word' id='word_1_130' title='bbox 888 2711 1145 2785; x_wconf 90' lang='lat' dir='ltr'><strong>Ceseni</strong></span> <span class='ocrx_word' id='word_1_131' title='bbox 1173 2711 1584 2787; x_wconf 90' lang='lat' dir='ltr'><strong>habuerunt</strong></span> <span class='ocrx_word' id='word_1_132' title='bbox 1614 2713 1852 2810; x_wconf 87' lang='lat' dir='ltr'><strong>ipsum</strong></span> <span class='ocrx_word' id='word_1_133' title='bbox 1881 2711 2396 2785; x_wconf 87' lang='lat' dir='ltr'><strong>baldachinum</strong></span> <span class='ocrx_word' id='word_1_134' title='bbox 2426 2709 2622 2805; x_wconf 89' lang='lat' dir='ltr'><strong>quod</strong></span> <span class='ocrx_word' id='word_1_135' title='bbox 2659 2707 3031 2805; x_wconf 86' lang='lat' dir='ltr'><strong>antiquum</strong></span> <span class='ocrx_word' id='word_1_136' title='bbox 3064 2714 3212 2782; x_wconf 86' lang='lat' dir='ltr'><strong>erat</strong></span> <span class='ocrx_word' id='word_1_137' title='bbox 3236 2715 3302 2780; x_wconf 82' lang='lat' dir='ltr'><strong>et</strong></span> 
     </span>
     <span class='ocr_line' id='line_1_19' title="bbox 658 2827 3295 2920; baseline 0.003 -21"><span class='ocrx_word' id='word_1_138' title='bbox 658 2827 925 2902; x_wconf 88' lang='lat' dir='ltr'><strong>modici</strong></span> <span class='ocrx_word' id='word_1_139' title='bbox 963 2831 1226 2906; x_wconf 88' lang='lat' dir='ltr'><strong>valoris</strong></span> <span class='ocrx_word' id='word_1_140' title='bbox 1267 2862 1282 2907; x_wconf 91' lang='lat'>:</span> <span class='ocrx_word' id='word_1_141' title='bbox 1327 2835 1603 2910; x_wconf 78' lang='lat' dir='ltr'><strong>Mutine</strong></span> <span class='ocrx_word' id='word_1_142' title='bbox 1645 2835 1790 2909; x_wconf 87' lang='lat' dir='ltr'><strong>dati</strong></span> <span class='ocrx_word' id='word_1_143' title='bbox 1831 2839 1997 2908; x_wconf 90' lang='lat' dir='ltr'><strong>sunt</strong></span> <span class='ocrx_word' id='word_1_144' title='bbox 2039 2835 2142 2907; x_wconf 92' lang='lat' dir='ltr'><strong>eis</strong></span> <span class='ocrx_word' id='word_1_145' title='bbox 2181 2834 2346 2908; x_wconf 92' lang='lat' dir='ltr'><strong>loco</strong></span> <span class='ocrx_word' id='word_1_146' title='bbox 2395 2833 2807 2908; x_wconf 89' lang='lat' dir='ltr'><strong>baldachini</strong></span> <span class='ocrx_word' id='word_1_147' title='bbox 2851 2833 3091 2909; x_wconf 90' lang='lat' dir='ltr'><strong>ducati</strong></span> <span class='ocrx_word' id='word_1_148' title='bbox 3139 2834 3295 2920; x_wconf 85' lang='lat' dir='ltr'><strong>duo,</strong></span> 
     </span>
     <span class='ocr_line' id='line_1_20' title="bbox 658 2954 3302 3058; baseline 0.003 -34"><span class='ocrx_word' id='word_1_149' title='bbox 658 2954 915 3030; x_wconf 90' lang='lat' dir='ltr'><strong>Parme</strong></span> <span class='ocrx_word' id='word_1_150' title='bbox 948 2955 1187 3032; x_wconf 90' lang='lat' dir='ltr'><strong>ducati</strong></span> <span class='ocrx_word' id='word_1_151' title='bbox 1219 2983 1379 3050; x_wconf 84' lang='lat' dir='ltr'><strong>sex3</strong></span> <span class='ocrx_word' id='word_1_152' title='bbox 1426 2960 1789 3035; x_wconf 87' lang='lat' dir='ltr'><strong>Placentie</strong></span> <span class='ocrx_word' id='word_1_153' title='bbox 1824 2960 2313 3058; x_wconf 89' lang='lat' dir='ltr'><strong>promiserunt</strong></span> <span class='ocrx_word' id='word_1_154' title='bbox 2344 2960 2448 3032; x_wconf 91' lang='lat' dir='ltr'><strong>eis</strong></span> <span class='ocrx_word' id='word_1_155' title='bbox 2481 2960 2899 3032; x_wconf 84' lang='lat' dir='ltr'><strong>satisfacere</strong></span> <span class='ocrx_word' id='word_1_156' title='bbox 2931 2960 3302 3058; x_wconf 87' lang='lat' dir='ltr'><strong>episcopus</strong></span> 
     </span>
     <span class='ocr_line' id='line_1_21' title="bbox 658 3078 3304 3183; baseline 0.002 -33"><span class='ocrx_word' id='word_1_157' title='bbox 658 3083 731 3150; x_wconf 89' lang='lat' dir='ltr'><strong>et</strong></span> <span class='ocrx_word' id='word_1_158' title='bbox 760 3078 977 3173; x_wconf 79' lang='lat' dir='ltr'><strong>civeS,</strong></span> <span class='ocrx_word' id='word_1_159' title='bbox 1014 3107 1057 3155; x_wconf 88' lang='lat' dir='ltr'><strong>a</strong></span> <span class='ocrx_word' id='word_1_160' title='bbox 1086 3084 1347 3181; x_wconf 89' lang='lat' dir='ltr'><strong>quibus</strong></span> <span class='ocrx_word' id='word_1_161' title='bbox 1384 3093 1627 3160; x_wconf 89' lang='lat' dir='ltr'><strong>tamen</strong></span> <span class='ocrx_word' id='word_1_162' title='bbox 1657 3091 1916 3183; x_wconf 91' lang='lat' dir='ltr'><strong>postea</strong></span> <span class='ocrx_word' id='word_1_163' title='bbox 1931 3084 2107 3159; x_wconf 91' lang='lat' dir='ltr'><strong>nihil</strong></span> <span class='ocrx_word' id='word_1_164' title='bbox 2131 3085 2572 3158; x_wconf 83' lang='lat' dir='ltr'><strong>habuerunt.</strong></span> <span class='ocrx_word' id='word_1_165' title='bbox 2607 3085 2846 3158; x_wconf 91' lang='lat' dir='ltr'><strong>Laude</strong></span> <span class='ocrx_word' id='word_1_166' title='bbox 2882 3090 3304 3183; x_wconf 88' lang='lat' dir='ltr'><strong>receperunt</strong></span> 
     </span>
     <span class='ocr_line' id='line_1_22' title="bbox 650 3200 3306 3307; baseline 0.003 -32"><span class='ocrx_word' id='word_1_167' title='bbox 650 3200 815 3277; x_wconf 93' lang='lat' dir='ltr'><strong>loco</strong></span> <span class='ocrx_word' id='word_1_168' title='bbox 869 3206 1276 3283; x_wconf 90' lang='lat' dir='ltr'><strong>baldachini</strong></span> <span class='ocrx_word' id='word_1_169' title='bbox 1332 3218 1657 3285; x_wconf 86' lang='lat' dir='ltr'><strong>testones</strong></span> <span class='ocrx_word' id='word_1_170' title='bbox 1706 3210 2228 3307; x_wconf 86' lang='lat' dir='ltr'><strong>quinquaginta</strong></span> <span class='ocrx_word' id='word_1_171' title='bbox 2275 3214 2615 3307; x_wconf 86' lang='lat' dir='ltr'><strong>quatuor,</strong></span> <span class='ocrx_word' id='word_1_172' title='bbox 2661 3234 2971 3306; x_wconf 91' lang='lat' dir='ltr'><strong>quorum</strong></span> <span class='ocrx_word' id='word_1_173' title='bbox 3013 3210 3306 3307; x_wconf 84' lang='lat' dir='ltr'><strong>quilibet</strong></span> 
     </span>
     <span class='ocr_line' id='line_1_23' title="bbox 653 3328 3309 3435; baseline 0.003 -36"><span class='ocrx_word' id='word_1_174' title='bbox 653 3328 900 3425; x_wconf 75' lang='lat' dir='ltr'><strong>viginti</strong></span> <span class='ocrx_word' id='word_1_175' title='bbox 939 3334 1083 3407; x_wconf 93' lang='lat' dir='ltr'><strong>duo</strong></span> <span class='ocrx_word' id='word_1_176' title='bbox 1120 3336 1389 3410; x_wconf 88' lang='lat' dir='ltr'><strong>solidos</strong></span> <span class='ocrx_word' id='word_1_177' title='bbox 1418 3337 1736 3435; x_wconf 35' lang='lat' dir='ltr'><strong>‘valebat,</strong></span> <span class='ocrx_word' id='word_1_178' title='bbox 1772 3342 1848 3408; x_wconf 92' lang='lat' dir='ltr'><strong>et</strong></span> <span class='ocrx_word' id='word_1_179' title='bbox 1877 3333 2262 3408; x_wconf 84' lang='lat' dir='ltr'><strong>Mediolani</strong></span> <span class='ocrx_word' id='word_1_180' title='bbox 2292 3334 2805 3409; x_wconf 86' lang='lat' dir='ltr'><strong>baldachinum</strong></span> <span class='ocrx_word' id='word_1_181' title='bbox 2838 3335 3069 3433; x_wconf 90' lang='lat' dir='ltr'><strong>ipsum</strong></span> <span class='ocrx_word' id='word_1_182' title='bbox 3112 3334 3309 3408; x_wconf 91' lang='lat' dir='ltr'><strong>obtu-</strong></span> 
     </span>
     <span class='ocr_line' id='line_1_24' title="bbox 652 3451 3310 3558; baseline 0.004 -34"><span class='ocrx_word' id='word_1_183' title='bbox 652 3451 736 3525; x_wconf 87' lang='lat' dir='ltr'><strong>lit</strong></span> <span class='ocrx_word' id='word_1_184' title='bbox 762 3457 1012 3530; x_wconf 88' lang='lat' dir='ltr'><strong>Rmus.</strong></span> <span class='ocrx_word' id='word_1_185' title='bbox 1051 3462 1135 3532; x_wconf 91' lang='lat' dir='ltr'><strong>D.</strong></span> <span class='ocrx_word' id='word_1_186' title='bbox 1167 3461 1451 3558; x_wconf 85' lang='lat' dir='ltr'><strong>legatus</strong></span> <span class='ocrx_word' id='word_1_187' title='bbox 1478 3460 1552 3533; x_wconf 88' lang='lat' dir='ltr'><strong>in</strong></span> <span class='ocrx_word' id='word_1_188' title='bbox 1584 3459 1911 3534; x_wconf 90' lang='lat' dir='ltr'><strong>ecclesiis</strong></span> <span class='ocrx_word' id='word_1_189' title='bbox 1952 3461 2044 3533; x_wconf 90' lang='lat' dir='ltr'><strong>ad</strong></span> <span class='ocrx_word' id='word_1_190' title='bbox 2079 3484 2256 3556; x_wconf 90' lang='lat' dir='ltr'><strong>quas</strong></span> <span class='ocrx_word' id='word_1_191' title='bbox 2295 3460 2934 3558; x_wconf 83' lang='lat' dir='ltr'><strong>processionaliter</strong></span> <span class='ocrx_word' id='word_1_192' title='bbox 2965 3460 3040 3531; x_wconf 91' lang='lat' dir='ltr'><strong>in</strong></span> <span class='ocrx_word' id='word_1_193' title='bbox 3069 3482 3310 3555; x_wconf 87' lang='lat' dir='ltr'><strong>recep-</strong></span> 
     </span>
     <span class='ocr_line' id='line_1_25' title="bbox 652 3574 3307 3684; baseline 0.004 -36"><span class='ocrx_word' id='word_1_194' title='bbox 652 3574 850 3651; x_wconf 86' lang='lat' dir='ltr'><strong>tione</strong></span> <span class='ocrx_word' id='word_1_195' title='bbox 892 3605 1021 3655; x_wconf 89' lang='lat' dir='ltr'><strong>sua</strong></span> <span class='ocrx_word' id='word_1_196' title='bbox 1058 3583 1191 3659; x_wconf 84' lang='lat' dir='ltr'><strong>suit</strong></span> <span class='ocrx_word' id='word_1_197' title='bbox 1231 3585 1655 3661; x_wconf 81' lang='lat' dir='ltr'><strong>associatus,</strong></span> <span class='ocrx_word' id='word_1_198' title='bbox 1694 3585 1963 3660; x_wconf 89' lang='lat' dir='ltr'><strong>Obtulit</strong></span> <span class='ocrx_word' id='word_1_199' title='bbox 2007 3587 2100 3659; x_wconf 89' lang='lat' dir='ltr'><strong>ad</strong></span> <span class='ocrx_word' id='word_1_200' title='bbox 2131 3586 2356 3659; x_wconf 83' lang='lat' dir='ltr'><strong>altare</strong></span> <span class='ocrx_word' id='word_1_201' title='bbox 2395 3587 2630 3684; x_wconf 88' lang='lat' dir='ltr'><strong>majus</strong></span> <span class='ocrx_word' id='word_1_202' title='bbox 2660 3591 2824 3682; x_wconf 90' lang='lat' dir='ltr'><strong>post</strong></span> <span class='ocrx_word' id='word_1_203' title='bbox 2861 3584 3307 3660; x_wconf 87' lang='lat' dir='ltr'><strong>benedictio-</strong></span> 
     </span>
     <span class='ocr_line' id='line_1_26' title="bbox 654 3708 3308 3808; baseline 0.003 -34"><span class='ocrx_word' id='word_1_204' title='bbox 654 3725 825 3776; x_wconf 93' lang='lat' dir='ltr'><strong>nem</strong></span> <span class='ocrx_word' id='word_1_205' title='bbox 858 3708 1258 3783; x_wconf 90' lang='lat' dir='ltr'><strong>solemnem</strong></span> <span class='ocrx_word' id='word_1_206' title='bbox 1292 3736 1426 3808; x_wconf 87' lang='lat' dir='ltr'><strong>per</strong></span> <span class='ocrx_word' id='word_1_207' title='bbox 1450 3735 1618 3787; x_wconf 90' lang='lat' dir='ltr'><strong>eum</strong></span> <span class='ocrx_word' id='word_1_208' title='bbox 1646 3711 1890 3785; x_wconf 89' lang='lat' dir='ltr'><strong>datam</strong></span> <span class='ocrx_word' id='word_1_209' title='bbox 1927 3720 1998 3784; x_wconf 90' lang='lat' dir='ltr'><strong>et</strong></span> <span class='ocrx_word' id='word_1_210' title='bbox 2025 3710 2426 3806; x_wconf 89' lang='lat' dir='ltr'><strong>publicatas</strong></span> <span class='ocrx_word' id='word_1_211' title='bbox 2457 3710 2966 3808; x_wconf 77' lang='lat' dir='ltr'><strong>indulgentias,</strong></span> <span class='ocrx_word' id='word_1_212' title='bbox 2997 3710 3308 3783; x_wconf 87' lang='lat' dir='ltr'><strong>valorem</strong></span> 
     </span>
     <span class='ocr_line' id='line_1_27' title="bbox 656 3823 3305 3928; baseline 0 -25"><span class='ocrx_word' id='word_1_213' title='bbox 656 3823 1081 3905; x_wconf 86' lang='lat' dir='ltr'><strong>ducatorum</strong></span> <span class='ocrx_word' id='word_1_214' title='bbox 1140 3833 1451 3908; x_wconf 89' lang='lat' dir='ltr'><strong>duorum</strong></span> <span class='ocrx_word' id='word_1_215' title='bbox 1506 3834 1580 3907; x_wconf 92' lang='lat' dir='ltr'><strong>in</strong></span> <span class='ocrx_word' id='word_1_216' title='bbox 1632 3858 1809 3909; x_wconf 93' lang='lat' dir='ltr'><strong>auro</strong></span> <span class='ocrx_word' id='word_1_217' title='bbox 1873 3840 1947 3907; x_wconf 90' lang='lat' dir='ltr'><strong>et</strong></span> <span class='ocrx_word' id='word_1_218' title='bbox 2003 3834 2300 3907; x_wconf 91' lang='lat' dir='ltr'><strong>diversis</strong></span> <span class='ocrx_word' id='word_1_219' title='bbox 2360 3834 2671 3907; x_wconf 90' lang='lat' dir='ltr'><strong>monetis</strong></span> <span class='ocrx_word' id='word_1_220' title='bbox 2729 3833 2802 3904; x_wconf 88' lang='lat' dir='ltr'><strong>in</strong></span> <span class='ocrx_word' id='word_1_221' title='bbox 2853 3830 3305 3928; x_wconf 88' lang='lat' dir='ltr'><strong>quibusdam,</strong></span> 
     </span>
     <span class='ocr_line' id='line_1_28' title="bbox 656 3956 3306 4056; baseline -0.001 -26"><span class='ocrx_word' id='word_1_222' title='bbox 656 3982 881 4031; x_wconf 93' lang='lat' dir='ltr'><strong>unum</strong></span> <span class='ocrx_word' id='word_1_223' title='bbox 929 3959 1271 4035; x_wconf 89' lang='lat' dir='ltr'><strong>ducatum</strong></span> <span class='ocrx_word' id='word_1_224' title='bbox 1320 3961 1393 4033; x_wconf 93' lang='lat' dir='ltr'><strong>in</strong></span> <span class='ocrx_word' id='word_1_225' title='bbox 1448 3961 1633 4051; x_wconf 91' lang='lat' dir='ltr'><strong>aliis,</strong></span> <span class='ocrx_word' id='word_1_226' title='bbox 1686 3960 2068 4033; x_wconf 87' lang='lat' dir='ltr'><strong>carolenos</strong></span> <span class='ocrx_word' id='word_1_227' title='bbox 2116 3966 2426 4056; x_wconf 89' lang='lat' dir='ltr'><strong>quatuor</strong></span> <span class='ocrx_word' id='word_1_228' title='bbox 2465 3956 2942 4054; x_wconf 88' lang='lat' dir='ltr'><strong>autquinque</strong></span> <span class='ocrx_word' id='word_1_229' title='bbox 3001 3958 3111 4030; x_wconf 89' lang='lat' dir='ltr'><strong>vel</strong></span> <span class='ocrx_word' id='word_1_230' title='bbox 3157 3980 3306 4037; x_wconf 82' lang='lat' dir='ltr'><strong>sex,</strong></span> 
     </span>
     <span class='ocr_line' id='line_1_29' title="bbox 656 4082 3310 4182; baseline -0.002 -25"><span class='ocrx_word' id='word_1_231' title='bbox 656 4086 1050 4159; x_wconf 89' lang='lat' dir='ltr'><strong>secundum</strong></span> <span class='ocrx_word' id='word_1_232' title='bbox 1096 4086 1289 4182; x_wconf 92' lang='lat' dir='ltr'><strong>quod</strong></span> <span class='ocrx_word' id='word_1_233' title='bbox 1331 4086 1631 4161; x_wconf 86' lang='lat' dir='ltr'><strong>servitor</strong></span> <span class='ocrx_word' id='word_1_234' title='bbox 1674 4108 1846 4157; x_wconf 92' lang='lat' dir='ltr'><strong>suus</strong></span> <span class='ocrx_word' id='word_1_235' title='bbox 1895 4083 2056 4157; x_wconf 88' lang='lat' dir='ltr'><strong>illos</strong></span> <span class='ocrx_word' id='word_1_236' title='bbox 2106 4084 2239 4157; x_wconf 91' lang='lat' dir='ltr'><strong>sibi</strong></span> <span class='ocrx_word' id='word_1_237' title='bbox 2287 4082 2769 4158; x_wconf 88' lang='lat' dir='ltr'><strong>ministrabat.</strong></span> <span class='ocrx_word' id='word_1_238' title='bbox 2817 4083 3170 4173; x_wconf 89' lang='lat' dir='ltr'><strong>Bononie,</strong></span> <span class='ocrx_word' id='word_1_239' title='bbox 3219 4082 3310 4155; x_wconf 91' lang='lat' dir='ltr'><strong>ob</strong></span> 
     </span>
     <span class='ocr_line' id='line_1_30' title="bbox 654 4207 3310 4305; baseline -0 -25"><span class='ocrx_word' id='word_1_240' title='bbox 654 4232 799 4281; x_wconf 90' lang='lat' dir='ltr'><strong>non</strong></span> <span class='ocrx_word' id='word_1_241' title='bbox 856 4217 1216 4305; x_wconf 87' lang='lat' dir='ltr'><strong>portatum</strong></span> <span class='ocrx_word' id='word_1_242' title='bbox 1273 4210 1822 4301; x_wconf 88' lang='lat' dir='ltr'><strong>baldachinum,</strong></span> <span class='ocrx_word' id='word_1_243' title='bbox 1874 4208 2287 4305; x_wconf 85' lang='lat' dir='ltr'><strong>indignatus</strong></span> <span class='ocrx_word' id='word_1_244' title='bbox 2344 4207 2523 4282; x_wconf 90' lang='lat' dir='ltr'><strong>nihil</strong></span> <span class='ocrx_word' id='word_1_245' title='bbox 2578 4207 2860 4282; x_wconf 89' lang='lat' dir='ltr'><strong>obtulit.</strong></span> <span class='ocrx_word' id='word_1_246' title='bbox 2913 4210 2992 4280; x_wconf 92' lang='lat' dir='ltr'><strong>In</strong></span> <span class='ocrx_word' id='word_1_247' title='bbox 3049 4209 3310 4282; x_wconf 86' lang='lat' dir='ltr'><strong>ceteris</strong></span> 
     </span>
     <span class='ocr_line' id='line_1_31' title="bbox 654 4330 3312 4430; baseline 0.002 -26"><span class='ocrx_word' id='word_1_248' title='bbox 654 4332 1056 4407; x_wconf 87' lang='lat' dir='ltr'><strong>civitatibus</strong></span> <span class='ocrx_word' id='word_1_249' title='bbox 1088 4342 1159 4411; x_wconf 88' lang='lat' dir='ltr'><strong>et</strong></span> <span class='ocrx_word' id='word_1_250' title='bbox 1198 4335 1376 4409; x_wconf 89' lang='lat' dir='ltr'><strong>locis</strong></span> <span class='ocrx_word' id='word_1_251' title='bbox 1406 4334 1742 4408; x_wconf 89' lang='lat' dir='ltr'><strong>videlicet</strong></span> <span class='ocrx_word' id='word_1_252' title='bbox 1773 4332 2128 4430; x_wconf 86' lang='lat' dir='ltr'><strong>Fulginei,</strong></span> <span class='ocrx_word' id='word_1_253' title='bbox 2158 4331 2451 4423; x_wconf 82' lang='lat' dir='ltr'><strong>AssisiS,</strong></span> <span class='ocrx_word' id='word_1_254' title='bbox 2483 4331 2817 4430; x_wconf 84' lang='lat' dir='ltr'><strong>Eugubii,</strong></span> <span class='ocrx_word' id='word_1_255' title='bbox 2853 4330 3058 4424; x_wconf 83' lang='lat' dir='ltr'><strong>Calii,</strong></span> <span class='ocrx_word' id='word_1_256' title='bbox 3097 4336 3312 4408; x_wconf 86' lang='lat' dir='ltr'><strong>Foro-</strong></span> 
     </span>
     <span class='ocr_line' id='line_1_32' title="bbox 654 4457 3312 4558; baseline 0.001 -28"><span class='ocrx_word' id='word_1_257' title='bbox 654 4462 1078 4558; x_wconf 90' lang='lat' dir='ltr'><strong>sempronii,</strong></span> <span class='ocrx_word' id='word_1_258' title='bbox 1114 4462 1477 4551; x_wconf 86' lang='lat' dir='ltr'><strong>Faventie,</strong></span> <span class='ocrx_word' id='word_1_259' title='bbox 1516 4460 1722 4557; x_wconf 83' lang='lat' dir='ltr'><strong>Regii</strong></span> <span class='ocrx_word' id='word_1_260' title='bbox 1762 4466 1835 4534; x_wconf 93' lang='lat' dir='ltr'><strong>et</strong></span> <span class='ocrx_word' id='word_1_261' title='bbox 1868 4463 2066 4537; x_wconf 89' lang='lat' dir='ltr'><strong>Santi</strong></span> <span class='ocrx_word' id='word_1_262' title='bbox 2109 4462 2474 4552; x_wconf 87' lang='lat' dir='ltr'><strong>Domnini,</strong></span> <span class='ocrx_word' id='word_1_263' title='bbox 2511 4457 2978 4556; x_wconf 87' lang='lat' dir='ltr'><strong>parafrenarii</strong></span> <span class='ocrx_word' id='word_1_264' title='bbox 3009 4480 3158 4531; x_wconf 87' lang='lat' dir='ltr'><strong>non</strong></span> <span class='ocrx_word' id='word_1_265' title='bbox 3187 4458 3312 4532; x_wconf 90' lang='lat' dir='ltr'><strong>ha·</strong></span> 
     </span>
     <span class='ocr_line' id='line_1_33' title="bbox 652 4582 3306 4682; baseline 0 -25"><span class='ocrx_word' id='word_1_266' title='bbox 652 4586 963 4660; x_wconf 89' lang='lat' dir='ltr'><strong>buerunt</strong></span> <span class='ocrx_word' id='word_1_267' title='bbox 1000 4586 1536 4675; x_wconf 86' lang='lat' dir='ltr'><strong>baldachinum,</strong></span> <span class='ocrx_word' id='word_1_268' title='bbox 1574 4607 1809 4680; x_wconf 88' lang='lat' dir='ltr'><strong>neque</strong></span> <span class='ocrx_word' id='word_1_269' title='bbox 1842 4608 1972 4680; x_wconf 87' lang='lat' dir='ltr'><strong>pro</strong></span> <span class='ocrx_word' id='word_1_270' title='bbox 2014 4586 2120 4659; x_wconf 92' lang='lat' dir='ltr'><strong>eis</strong></span> <span class='ocrx_word' id='word_1_271' title='bbox 2159 4586 2545 4682; x_wconf 89' lang='lat' dir='ltr'><strong>quicquam</strong></span> <span class='ocrx_word' id='word_1_272' title='bbox 2577 4582 2750 4679; x_wconf 91' lang='lat' dir='ltr'><strong>ipsis</strong></span> <span class='ocrx_word' id='word_1_273' title='bbox 2785 4582 3130 4657; x_wconf 89' lang='lat' dir='ltr'><strong>donatum</strong></span> <span class='ocrx_word' id='word_1_274' title='bbox 3173 4589 3306 4658; x_wconf 87' lang='lat' dir='ltr'><strong>est.</strong></span> 
     </span>
     <span class='ocr_line' id='line_1_34' title="bbox 649 4709 1446 4809; baseline 0.001 -26"><span class='ocrx_word' id='word_1_275' title='bbox 649 4709 946 4783; x_wconf 87' lang='lat' dir='ltr'><strong>diversis</strong></span> <span class='ocrx_word' id='word_1_276' title='bbox 974 4712 1446 4809; x_wconf 77' lang='lat' dir='ltr'><strong>respectibus,</strong></span> 
     </span>
    </p>

    <p class='ocr_par' dir='ltr' id='par_1_5' title="bbox 644 4832 3310 5060">
     <span class='ocr_line' id='line_1_35' title="bbox 752 4832 3310 4932; baseline -0.002 -23"><span class='ocrx_word' id='word_1_277' title='bbox 752 4837 959 4909; x_wconf 90' lang='lat' dir='ltr'><strong>Feria</strong></span> <span class='ocrx_word' id='word_1_278' title='bbox 1000 4838 1345 4927; x_wconf 86' lang='lat' dir='ltr'><strong>secunda,</strong></span> <span class='ocrx_word' id='word_1_279' title='bbox 1380 4842 1461 4911; x_wconf 86' lang='lat'><strong>31</strong></span> <span class='ocrx_word' id='word_1_280' title='bbox 1511 4834 1854 4926; x_wconf 88' lang='lat' dir='ltr'><strong>octobris,</strong></span> <span class='ocrx_word' id='word_1_281' title='bbox 1887 4836 2128 4932; x_wconf 86' lang='lat' dir='ltr'><strong>vigilia</strong></span> <span class='ocrx_word' id='word_1_282' title='bbox 2172 4836 2498 4910; x_wconf 90' lang='lat' dir='ltr'><strong>omnium</strong></span> <span class='ocrx_word' id='word_1_283' title='bbox 2539 4840 2988 4923; x_wconf 88' lang='lat' dir='ltr'><strong>sanctorum,</strong></span> <span class='ocrx_word' id='word_1_284' title='bbox 3023 4832 3310 4907; x_wconf 88' lang='lat' dir='ltr'><strong>fuerunt</strong></span> 
     </span>
     <span class='ocr_line' id='line_1_36' title="bbox 644 4958 3308 5060; baseline -0.002 -27"><span class='ocrx_word' id='word_1_285' title='bbox 644 4984 945 5060; x_wconf 81' lang='lat' dir='ltr'><strong>vespere</strong></span> <span class='ocrx_word' id='word_1_286' title='bbox 992 4961 1285 5059; x_wconf 89' lang='lat' dir='ltr'><strong>papales</strong></span> <span class='ocrx_word' id='word_1_287' title='bbox 1336 4962 1410 5034; x_wconf 92' lang='lat' dir='ltr'><strong>in</strong></span> <span class='ocrx_word' id='word_1_288' title='bbox 1459 4961 1736 5059; x_wconf 89' lang='lat' dir='ltr'><strong>capella</strong></span> <span class='ocrx_word' id='word_1_289' title='bbox 1778 4961 2058 5058; x_wconf 90' lang='lat' dir='ltr'><strong>majore</strong></span> <span class='ocrx_word' id='word_1_290' title='bbox 2103 4961 2372 5060; x_wconf 89' lang='lat' dir='ltr'><strong>palatii,</strong></span> <span class='ocrx_word' id='word_1_291' title='bbox 2423 4964 2619 5058; x_wconf 89' lang='lat' dir='ltr'><strong>Papa</strong></span> <span class='ocrx_word' id='word_1_292' title='bbox 2666 4963 3030 5057; x_wconf 90' lang='lat' dir='ltr'><strong>presente.</strong></span> <span class='ocrx_word' id='word_1_293' title='bbox 3071 4961 3150 5029; x_wconf 87' lang='lat' dir='ltr'><strong>ln</strong></span> <span class='ocrx_word' id='word_1_294' title='bbox 3197 4958 3308 5030; x_wconf 85' lang='lat' dir='ltr'><strong>die</strong></span> 
     </span>
    </p>
   </div>
   <div class='ocr_carea' id='block_1_3' title="bbox 714 5143 3311 5223">
    <p class='ocr_par' dir='ltr' id='par_1_6' title="bbox 714 5143 3311 5223">
     <span class='ocr_line' id='line_1_37' title="bbox 714 5143 3311 5223; baseline -0.003 -18"><span class='ocrx_word' id='word_1_295' title='bbox 714 5150 764 5206; x_wconf 88' lang='lat'><strong>1.</strong></span> <span class='ocrx_word' id='word_1_296' title='bbox 807 5150 936 5207; x_wconf 88' lang='lat' dir='ltr'><strong>Voir</strong></span> <span class='ocrx_word' id='word_1_297' title='bbox 964 5166 1061 5206; x_wconf 87' lang='lat' dir='ltr'><strong>sur</strong></span> <span class='ocrx_word' id='word_1_298' title='bbox 1088 5154 1227 5205; x_wconf 83' lang='lat' dir='ltr'><strong>cette</strong></span> <span class='ocrx_word' id='word_1_299' title='bbox 1258 5164 1453 5223; x_wconf 80' lang='lat' dir='ltr'><strong>guerre</strong></span> <span class='ocrx_word' id='word_1_300' title='bbox 1482 5152 1668 5205; x_wconf 83' lang='lat' dir='ltr'><strong>contre</strong></span> <span class='ocrx_word' id='word_1_301' title='bbox 1688 5146 1768 5204; x_wconf 86' lang='lat' dir='ltr'><strong>les</strong></span> <span class='ocrx_word' id='word_1_302' title='bbox 1799 5146 2006 5218; x_wconf 87' lang='lat' dir='ltr'><strong>Orsini,</strong></span> <span class='ocrx_word' id='word_1_303' title='bbox 2037 5147 2222 5217; x_wconf 56' lang='lat' dir='ltr'><strong>Bam,</strong></span> <span class='ocrx_word' id='word_1_304' title='bbox 2261 5150 2390 5205; x_wconf 76' lang='lat' dir='ltr'><strong>Vita</strong></span> <span class='ocrx_word' id='word_1_305' title='bbox 2419 5149 2482 5203; x_wconf 82' lang='lat' dir='ltr'><strong>di</strong></span> <span class='ocrx_word' id='word_1_306' title='bbox 2503 5146 2863 5215; x_wconf 66' lang='lat' dir='ltr'><strong>GuidobaCdO,</strong></span> <span class='ocrx_word' id='word_1_307' title='bbox 2899 5150 2936 5203; x_wconf 82' lang='lat' dir='ltr'><strong>t.</strong></span> <span class='ocrx_word' id='word_1_308' title='bbox 2969 5145 3014 5214; x_wconf 89' lang='lat'><strong>1,</strong></span> <span class='ocrx_word' id='word_1_309' title='bbox 3047 5143 3143 5204; x_wconf 76' lang='lat' dir='ltr'><strong>liv.</strong></span> <span class='ocrx_word' id='word_1_310' title='bbox 3171 5146 3230 5203; x_wconf 83' lang='lat'><strong>5.</strong></span> <span class='ocrx_word' id='word_1_311' title='bbox 3259 5150 3311 5199; x_wconf 81' lang='lat' dir='ltr'><strong>et.</strong></span> 
     </span>
    </p>
   </div>
   <div class='ocr_carea' id='block_1_4' title="bbox 548 5238 1477 5325">
    <p class='ocr_par' dir='ltr' id='par_1_7' title="bbox 548 5238 1477 5325">
     <span class='ocr_line' id='line_1_38' title="bbox 548 5238 1477 5325; baseline -0.001 -30"><span class='ocrx_word' id='word_1_312' title='bbox 548 5318 567 5325; x_wconf 39' lang='grc'><strong>-</strong></span> <span class='ocrx_word' id='word_1_313' title='bbox 640 5240 890 5309; x_wconf 67' lang='lat' dir='ltr'><strong>amaldi,</strong></span> <span class='ocrx_word' id='word_1_314' title='bbox 922 5246 961 5297; x_wconf 82' lang='lat' dir='ltr'><strong>t.</strong></span> <span class='ocrx_word' id='word_1_315' title='bbox 995 5238 1170 5309; x_wconf 79' lang='lat' dir='ltr'><strong>xxx,</strong></span> <span class='ocrx_word' id='word_1_316' title='bbox 1202 5256 1255 5313; x_wconf 85' lang='lat' dir='ltr'><strong>p.</strong></span> <span class='ocrx_word' id='word_1_317' title='bbox 1288 5238 1477 5295; x_wconf 80' lang='lat'>252-4.</span> 
     </span>
    </p>
   </div>
  </div>
 </body>
</html>
