<?xml version="1.0" encoding="UTF-8"?>
<!DOCTYPE html PUBLIC "-//W3C//DTD XHTML 1.0 Transitional//EN"
    "http://www.w3.org/TR/xhtml1/DTD/xhtml1-transitional.dtd">
<html xmlns="http://www.w3.org/1999/xhtml" xml:lang="en" lang="en">
 <head>
  <title>
</title>
<meta http-equiv="Content-Type" content="text/html;charset=utf-8" />
  <meta name='ocr-system' content='tesseract 3.04.00' />
  <meta name='ocr-capabilities' content='ocr_page ocr_carea ocr_par ocr_line ocrx_word'/>
</head>
<body>
  <div class='ocr_page' id='page_1' title='image "./johannisburchar00unkngoog_0089.png"; bbox 0 0 3625 6059; ppageno 0'>
   <div class='ocr_carea' id='block_1_1' title="bbox 249 506 2891 592">
    <p class='ocr_par' dir='ltr' id='par_1_1' title="bbox 249 506 2891 592">
     <span class='ocr_line' id='line_1_1' title="bbox 249 506 2891 592; baseline 0.013 -34"><span class='ocrx_word' id='word_1_1' title='bbox 249 508 344 558; x_wconf 83' lang='lat' dir='ltr'>Mai</span> <span class='ocrx_word' id='word_1_2' title='bbox 369 508 506 567; x_wconf 77' lang='lat'>¹493]</span> <span class='ocrx_word' id='word_1_3' title='bbox 877 506 1132 565; x_wconf 83' lang='lat' dir='ltr'>RERUM</span> <span class='ocrx_word' id='word_1_4' title='bbox 1181 507 1636 567; x_wconf 82' lang='lat' dir='ltr'><strong>URBANARUM</strong></span> <span class='ocrx_word' id='word_1_5' title='bbox 1686 512 2211 579; x_wconf 79' lang='lat' dir='ltr'><strong>COMMENTARII.</strong></span> <span class='ocrx_word' id='word_1_6' title='bbox 2820 540 2891 592; x_wconf 88' lang='grc'>77</span> 
     </span>
    </p>
   </div>
   <div class='ocr_carea' id='block_1_2' title="bbox 211 659 2887 4543">
    <p class='ocr_par' dir='ltr' id='par_1_2' title="bbox 217 659 2886 1643">
     <span class='ocr_line' id='line_1_2' title="bbox 224 659 2883 765; baseline 0.01 -32"><span class='ocrx_word' id='word_1_7' title='bbox 224 659 558 735; x_wconf 86' lang='lat' dir='ltr'><strong>memorie</strong></span> <span class='ocrx_word' id='word_1_8' title='bbox 607 660 990 735; x_wconf 77' lang='lat' dir='ltr'>Nicolaum</span> <span class='ocrx_word' id='word_1_9' title='bbox 1043 685 1303 760; x_wconf 87' lang='lat' dir='ltr'>papam</span> <span class='ocrx_word' id='word_1_10' title='bbox 1345 664 1679 760; x_wconf 89' lang='lat' dir='ltr'>quintum</span> <span class='ocrx_word' id='word_1_11' title='bbox 1715 665 2025 765; x_wconf 88' lang='lat' dir='ltr'>legatos,</span> <span class='ocrx_word' id='word_1_12' title='bbox 2084 678 2156 745; x_wconf 89' lang='lat' dir='ltr'>et</span> <span class='ocrx_word' id='word_1_13' title='bbox 2198 674 2438 750; x_wconf 90' lang='lat' dir='ltr'>eidem</span> <span class='ocrx_word' id='word_1_14' title='bbox 2490 678 2679 754; x_wconf 88' lang='lat' dir='ltr'>hanc</span> <span class='ocrx_word' id='word_1_15' title='bbox 2727 709 2883 761; x_wconf 90' lang='lat' dir='ltr'>rem</span> 
     </span>
     <span class='ocr_line' id='line_1_3' title="bbox 223 788 2875 891; baseline 0.007 -29"><span class='ocrx_word' id='word_1_16' title='bbox 223 788 573 886; x_wconf 80' lang='lat' dir='ltr'>exposuit3</span> <span class='ocrx_word' id='word_1_17' title='bbox 621 789 776 885; x_wconf 90' lang='lat' dir='ltr'>qui,</span> <span class='ocrx_word' id='word_1_18' title='bbox 811 789 1182 865; x_wconf 88' lang='lat' dir='ltr'>intellecto</span> <span class='ocrx_word' id='word_1_19' title='bbox 1221 790 1488 866; x_wconf 88' lang='lat' dir='ltr'>dietam</span> <span class='ocrx_word' id='word_1_20' title='bbox 1523 790 1940 887; x_wconf 87' lang='lat' dir='ltr'>hujusmodi</span> <span class='ocrx_word' id='word_1_21' title='bbox 1984 818 2114 891; x_wconf 92' lang='lat' dir='ltr'>pro</span> <span class='ocrx_word' id='word_1_22' title='bbox 2166 804 2535 875; x_wconf 89' lang='lat' dir='ltr'>communi</span> <span class='ocrx_word' id='word_1_23' title='bbox 2580 804 2875 881; x_wconf 85' lang='lat' dir='ltr'>christi-</span> 
     </span>
     <span class='ocr_line' id='line_1_4' title="bbox 226 912 2886 1020; baseline 0.009 -35"><span class='ocrx_word' id='word_1_24' title='bbox 226 912 536 987; x_wconf 87' lang='lat' dir='ltr'>fidelium</span> <span class='ocrx_word' id='word_1_25' title='bbox 577 912 766 988; x_wconf 93' lang='lat' dir='ltr'>bono</span> <span class='ocrx_word' id='word_1_26' title='bbox 809 920 882 989; x_wconf 83' lang='lat' dir='ltr'>et</span> <span class='ocrx_word' id='word_1_27' title='bbox 923 914 1310 991; x_wconf 90' lang='lat' dir='ltr'>commodo</span> <span class='ocrx_word' id='word_1_28' title='bbox 1362 916 1710 992; x_wconf 82' lang='lat' dir='ltr'>indictam</span> <span class='ocrx_word' id='word_1_29' title='bbox 1763 942 1955 1011; x_wconf 86' lang='lat' dir='ltr'>esse,</span> <span class='ocrx_word' id='word_1_30' title='bbox 2015 924 2375 1020; x_wconf 84' lang='lat' dir='ltr'>prefatum</span> <span class='ocrx_word' id='word_1_31' title='bbox 2446 932 2886 1009; x_wconf 79' lang='lat' dir='ltr'>cardinalem</span> 
     </span>
     <span class='ocr_line' id='line_1_5' title="bbox 224 1037 2875 1155; baseline 0.008 -42"><span class='ocrx_word' id='word_1_32' title='bbox 224 1037 308 1113; x_wconf 92' lang='lat' dir='ltr'>de</span> <span class='ocrx_word' id='word_1_33' title='bbox 341 1044 516 1114; x_wconf 87' lang='lat' dir='ltr'>Cusa</span> <span class='ocrx_word' id='word_1_34' title='bbox 543 1040 618 1113; x_wconf 82' lang='lat' dir='ltr'>in</span> <span class='ocrx_word' id='word_1_35' title='bbox 655 1040 850 1115; x_wconf 90' lang='lat' dir='ltr'>sedis</span> <span class='ocrx_word' id='word_1_36' title='bbox 875 1042 1272 1139; x_wconf 88' lang='lat' dir='ltr'>apostolice</span> <span class='ocrx_word' id='word_1_37' title='bbox 1307 1042 1626 1140; x_wconf 86' lang='lat' dir='ltr'>legatum</span> <span class='ocrx_word' id='word_1_38' title='bbox 1661 1043 1748 1117; x_wconf 92' lang='lat' dir='ltr'>de</span> <span class='ocrx_word' id='word_1_39' title='bbox 1777 1043 2007 1121; x_wconf 88' lang='lat' dir='ltr'>latere</span> <span class='ocrx_word' id='word_1_40' title='bbox 2050 1054 2344 1144; x_wconf 87' lang='lat' dir='ltr'>creavit,</span> <span class='ocrx_word' id='word_1_41' title='bbox 2384 1055 2766 1155; x_wconf 89' lang='lat' dir='ltr'>ipsumque</span> <span class='ocrx_word' id='word_1_42' title='bbox 2802 1070 2875 1134; x_wconf 88' lang='lat' dir='ltr'>ut</span> 
     </span>
     <span class='ocr_line' id='line_1_6' title="bbox 228 1168 2875 1271; baseline 0.009 -35"><span class='ocrx_word' id='word_1_43' title='bbox 228 1168 759 1263; x_wconf 81' lang='lat' dir='ltr'>congregationi</span> <span class='ocrx_word' id='word_1_44' title='bbox 799 1168 1218 1265; x_wconf 85' lang='lat' dir='ltr'>hujusmodi</span> <span class='ocrx_word' id='word_1_45' title='bbox 1275 1176 1344 1245; x_wconf 89' lang='lat' dir='ltr'>et</span> <span class='ocrx_word' id='word_1_46' title='bbox 1387 1170 1579 1245; x_wconf 87' lang='lat' dir='ltr'>diete</span> <span class='ocrx_word' id='word_1_47' title='bbox 1632 1173 1957 1269; x_wconf 88' lang='lat' dir='ltr'>predicte</span> <span class='ocrx_word' id='word_1_48' title='bbox 1996 1184 2349 1271; x_wconf 78' lang='lat' dir='ltr'>preesset,</span> <span class='ocrx_word' id='word_1_49' title='bbox 2406 1182 2875 1261; x_wconf 85' lang='lat' dir='ltr'>Ratisbouam</span> 
     </span>
     <span class='ocr_line' id='line_1_7' title="bbox 217 1291 2868 1401; baseline 0.007 -40"><span class='ocrx_word' id='word_1_50' title='bbox 217 1291 430 1379; x_wconf 89' lang='lat' dir='ltr'>misit;</span> <span class='ocrx_word' id='word_1_51' title='bbox 463 1314 610 1387; x_wconf 94' lang='lat' dir='ltr'>quo</span> <span class='ocrx_word' id='word_1_52' title='bbox 639 1291 835 1367; x_wconf 90' lang='lat' dir='ltr'>idem</span> <span class='ocrx_word' id='word_1_53' title='bbox 868 1294 1250 1368; x_wconf 89' lang='lat' dir='ltr'>cardinalis</span> <span class='ocrx_word' id='word_1_54' title='bbox 1281 1318 1371 1369; x_wconf 89' lang='lat' dir='ltr'>ea</span> <span class='ocrx_word' id='word_1_55' title='bbox 1399 1297 1913 1370; x_wconf 88' lang='lat' dir='ltr'>commissione</span> <span class='ocrx_word' id='word_1_56' title='bbox 1956 1304 2027 1373; x_wconf 87' lang='lat' dir='ltr'>et</span> <span class='ocrx_word' id='word_1_57' title='bbox 2056 1299 2419 1396; x_wconf 80' lang='lat' dir='ltr'>legatione</span> <span class='ocrx_word' id='word_1_58' title='bbox 2449 1302 2868 1401; x_wconf 89' lang='lat' dir='ltr'>hujusmodi</span> 
     </span>
     <span class='ocr_line' id='line_1_8' title="bbox 219 1400 2866 1523; baseline 0.005 -35"><span class='ocrx_word' id='word_1_59' title='bbox 219 1438 290 1490; x_wconf 90' lang='lat' dir='ltr'>se</span> <span class='ocrx_word' id='word_1_60' title='bbox 315 1418 636 1507; x_wconf 83' lang='lat' dir='ltr'>contulit,</span> <span class='ocrx_word' id='word_1_61' title='bbox 677 1427 748 1494; x_wconf 90' lang='lat' dir='ltr'>et</span> <span class='ocrx_word' id='word_1_62' title='bbox 790 1426 936 1495; x_wconf 86' lang='lat' dir='ltr'>tam</span> <span class='ocrx_word' id='word_1_63' title='bbox 984 1422 1138 1495; x_wconf 89' lang='lat' dir='ltr'>sedi</span> <span class='ocrx_word' id='word_1_64' title='bbox 1187 1421 1581 1519; x_wconf 81' lang='lat' dir='ltr'>apostolice</span> <span class='ocrx_word' id='word_1_65' title='bbox 1637 1447 1853 1519; x_wconf 89' lang='lat' dir='ltr'>quam</span> <span class='ocrx_word' id='word_1_66' title='bbox 1884 1400 2183 1521; x_wconf 41' lang='lat' dir='ltr'>&#39;prefato</span> <span class='ocrx_word' id='word_1_67' title='bbox 2224 1426 2644 1523; x_wconf 87' lang='lat' dir='ltr'>imperatori</span> <span class='ocrx_word' id='word_1_68' title='bbox 2698 1454 2866 1504; x_wconf 91' lang='lat' dir='ltr'>cum</span> 
     </span>
     <span class='ocr_line' id='line_1_9' title="bbox 219 1541 2579 1643; baseline 0.006 -31"><span class='ocrx_word' id='word_1_69' title='bbox 219 1541 476 1617; x_wconf 85' lang='lat' dir='ltr'>honore</span> <span class='ocrx_word' id='word_1_70' title='bbox 506 1550 586 1617; x_wconf 91' lang='lat' dir='ltr'>et</span> <span class='ocrx_word' id='word_1_71' title='bbox 613 1544 1100 1619; x_wconf 84' lang='lat' dir='ltr'>cardinalatus</span> <span class='ocrx_word' id='word_1_72' title='bbox 1131 1545 1502 1643; x_wconf 88' lang='lat' dir='ltr'>dignitatis</span> <span class='ocrx_word' id='word_1_73' title='bbox 1540 1548 2155 1643; x_wconf 83' lang='lat' dir='ltr'>perseveratione,</span> <span class='ocrx_word' id='word_1_74' title='bbox 2202 1551 2579 1625; x_wconf 87' lang='lat' dir='ltr'>satisfecit.</span> 
     </span>
    </p>

    <p class='ocr_par' dir='ltr' id='par_1_3' title="bbox 217 1669 2877 2651">
     <span class='ocr_line' id='line_1_10' title="bbox 307 1669 2877 1772; baseline 0.004 -31"><span class='ocrx_word' id='word_1_75' title='bbox 307 1669 576 1754; x_wconf 85' lang='lat' dir='ltr'>Quibus</span> <span class='ocrx_word' id='word_1_76' title='bbox 625 1677 696 1743; x_wconf 89' lang='lat' dir='ltr'>et</span> <span class='ocrx_word' id='word_1_77' title='bbox 757 1670 916 1743; x_wconf 88' lang='lat' dir='ltr'>aliis</span> <span class='ocrx_word' id='word_1_78' title='bbox 973 1672 1475 1761; x_wconf 85' lang='lat' dir='ltr'>consideratis,</span> <span class='ocrx_word' id='word_1_79' title='bbox 1535 1672 1964 1753; x_wconf 89' lang='lat' dir='ltr'>conclusum</span> <span class='ocrx_word' id='word_1_80' title='bbox 2008 1673 2143 1747; x_wconf 90' lang='lat' dir='ltr'>fuit</span> <span class='ocrx_word' id='word_1_81' title='bbox 2183 1699 2314 1772; x_wconf 90' lang='lat' dir='ltr'>per</span> <span class='ocrx_word' id='word_1_82' title='bbox 2354 1676 2477 1751; x_wconf 89' lang='lat' dir='ltr'>SS.</span> <span class='ocrx_word' id='word_1_83' title='bbox 2530 1681 2614 1749; x_wconf 90' lang='lat' dir='ltr'>D.</span> <span class='ocrx_word' id='word_1_84' title='bbox 2675 1681 2759 1751; x_wconf 90' lang='lat' dir='ltr'>N.</span> <span class='ocrx_word' id='word_1_85' title='bbox 2806 1680 2877 1751; x_wconf 89' lang='lat' dir='ltr'>in</span> 
     </span>
     <span class='ocr_line' id='line_1_11' title="bbox 220 1792 2877 1896; baseline 0.005 -33"><span class='ocrx_word' id='word_1_86' title='bbox 220 1792 776 1889; x_wconf 85' lang='lat' dir='ltr'>congregatione</span> <span class='ocrx_word' id='word_1_87' title='bbox 804 1794 1154 1889; x_wconf 87' lang='lat' dir='ltr'>predicta,</span> <span class='ocrx_word' id='word_1_88' title='bbox 1209 1793 1649 1870; x_wconf 84' lang='lat' dir='ltr'>cardinalem</span> <span class='ocrx_word' id='word_1_89' title='bbox 1689 1799 1955 1870; x_wconf 88' lang='lat' dir='ltr'>Montis</span> <span class='ocrx_word' id='word_1_90' title='bbox 2005 1799 2291 1896; x_wconf 85' lang='lat' dir='ltr'>Regalis</span> <span class='ocrx_word' id='word_1_91' title='bbox 2330 1802 2725 1896; x_wconf 88' lang='lat' dir='ltr'>prefatum,</span> <span class='ocrx_word' id='word_1_92' title='bbox 2756 1810 2877 1876; x_wconf 84' lang='lat' dir='ltr'>aut</span> 
     </span>
     <span class='ocr_line' id='line_1_12' title="bbox 223 1920 2875 2023; baseline 0.004 -32"><span class='ocrx_word' id='word_1_93' title='bbox 223 1941 743 2016; x_wconf 87' lang='lat' dir='ltr'>quemcumque</span> <span class='ocrx_word' id='word_1_94' title='bbox 775 1920 1056 1993; x_wconf 83' lang='lat' dir='ltr'>obviam</span> <span class='ocrx_word' id='word_1_95' title='bbox 1095 1920 1440 2016; x_wconf 81' lang='lat' dir='ltr'>predictis</span> <span class='ocrx_word' id='word_1_96' title='bbox 1483 1922 1886 1995; x_wconf 88' lang='lat' dir='ltr'>oratoribus</span> <span class='ocrx_word' id='word_1_97' title='bbox 1927 1923 2112 1997; x_wconf 87' lang='lat' dir='ltr'>mitti</span> <span class='ocrx_word' id='word_1_98' title='bbox 2157 1932 2280 1998; x_wconf 91' lang='lat' dir='ltr'>aut</span> <span class='ocrx_word' id='word_1_99' title='bbox 2307 1925 2693 2023; x_wconf 88' lang='lat' dir='ltr'>legationis</span> <span class='ocrx_word' id='word_1_100' title='bbox 2728 1928 2875 2002; x_wconf 90' lang='lat' dir='ltr'>sive</span> 
     </span>
     <span class='ocr_line' id='line_1_13' title="bbox 221 2044 2875 2146; baseline 0.004 -31"><span class='ocrx_word' id='word_1_101' title='bbox 221 2044 512 2117; x_wconf 90' lang='lat' dir='ltr'>oratoris</span> <span class='ocrx_word' id='word_1_102' title='bbox 542 2045 794 2120; x_wconf 87' lang='lat' dir='ltr'>officio</span> <span class='ocrx_word' id='word_1_103' title='bbox 826 2046 1025 2143; x_wconf 88' lang='lat' dir='ltr'>fungi</span> <span class='ocrx_word' id='word_1_104' title='bbox 1057 2068 1204 2120; x_wconf 92' lang='lat' dir='ltr'>non</span> <span class='ocrx_word' id='word_1_105' title='bbox 1235 2045 1528 2135; x_wconf 90' lang='lat' dir='ltr'>debere,</span> <span class='ocrx_word' id='word_1_106' title='bbox 1574 2053 1646 2120; x_wconf 92' lang='lat' dir='ltr'>et</span> <span class='ocrx_word' id='word_1_107' title='bbox 1689 2053 2075 2146; x_wconf 88' lang='lat' dir='ltr'>propterea</span> <span class='ocrx_word' id='word_1_108' title='bbox 2104 2053 2498 2126; x_wconf 87' lang='lat' dir='ltr'>secretario</span> <span class='ocrx_word' id='word_1_109' title='bbox 2531 2054 2875 2127; x_wconf 89' lang='lat' dir='ltr'>commis-</span> 
     </span>
     <span class='ocr_line' id='line_1_14' title="bbox 217 2170 2876 2279; baseline 0.005 -39"><span class='ocrx_word' id='word_1_110' title='bbox 217 2191 360 2241; x_wconf 90' lang='lat' dir='ltr'>sum</span> <span class='ocrx_word' id='word_1_111' title='bbox 415 2170 614 2266; x_wconf 92' lang='lat' dir='ltr'>quod</span> <span class='ocrx_word' id='word_1_112' title='bbox 685 2175 1340 2263; x_wconf 87' lang='lat' dir='ltr'>Tarraconensem,</span> <span class='ocrx_word' id='word_1_113' title='bbox 1409 2172 2087 2269; x_wconf 87' lang='lat' dir='ltr'>Carthaginiensem</span> <span class='ocrx_word' id='word_1_114' title='bbox 2159 2185 2232 2252; x_wconf 91' lang='lat' dir='ltr'>et</span> <span class='ocrx_word' id='word_1_115' title='bbox 2292 2182 2689 2254; x_wconf 89' lang='lat' dir='ltr'>Pacensem</span> <span class='ocrx_word' id='word_1_116' title='bbox 2742 2206 2876 2279; x_wconf 88' lang='lat' dir='ltr'>per</span> 
     </span>
     <span class='ocr_line' id='line_1_15' title="bbox 217 2293 2869 2400; baseline 0.005 -35"><span class='ocrx_word' id='word_1_117' title='bbox 217 2293 416 2370; x_wconf 88' lang='lat' dir='ltr'>breve</span> <span class='ocrx_word' id='word_1_118' title='bbox 441 2296 932 2394; x_wconf 88' lang='lat' dir='ltr'>apostolicum</span> <span class='ocrx_word' id='word_1_119' title='bbox 948 2297 1124 2395; x_wconf 91' lang='lat' dir='ltr'>ipsis</span> <span class='ocrx_word' id='word_1_120' title='bbox 1155 2303 1540 2396; x_wconf 87' lang='lat' dir='ltr'>propterea</span> <span class='ocrx_word' id='word_1_121' title='bbox 1569 2298 2029 2391; x_wconf 89' lang='lat' dir='ltr'>mittendum,</span> <span class='ocrx_word' id='word_1_122' title='bbox 2056 2308 2295 2377; x_wconf 90' lang='lat' dir='ltr'>certos</span> <span class='ocrx_word' id='word_1_123' title='bbox 2316 2303 2654 2379; x_wconf 88' lang='lat' dir='ltr'>redderet</span> <span class='ocrx_word' id='word_1_124' title='bbox 2672 2306 2869 2400; x_wconf 90' lang='lat' dir='ltr'>quod</span> 
     </span>
     <span class='ocr_line' id='line_1_16' title="bbox 217 2422 2873 2527; baseline 0.003 -34"><span class='ocrx_word' id='word_1_125' title='bbox 217 2444 449 2494; x_wconf 90' lang='lat' dir='ltr'>eorum</span> <span class='ocrx_word' id='word_1_126' title='bbox 501 2422 888 2496; x_wconf 90' lang='lat' dir='ltr'>introitum</span> <span class='ocrx_word' id='word_1_127' title='bbox 939 2424 1116 2519; x_wconf 86' lang='lat' dir='ltr'>alias</span> <span class='ocrx_word' id='word_1_128' title='bbox 1157 2423 1575 2499; x_wconf 87' lang='lat' dir='ltr'>ordinarent</span> <span class='ocrx_word' id='word_1_129' title='bbox 1628 2430 1700 2499; x_wconf 90' lang='lat' dir='ltr'>et</span> <span class='ocrx_word' id='word_1_130' title='bbox 1735 2436 2353 2523; x_wconf 84' lang='lat' dir='ltr'>prosequerentur</span> <span class='ocrx_word' id='word_1_131' title='bbox 2396 2428 2671 2527; x_wconf 88' lang='lat' dir='ltr'>absque</span> <span class='ocrx_word' id='word_1_132' title='bbox 2714 2452 2873 2502; x_wconf 91' lang='lat' dir='ltr'>car-</span> 
     </span>
     <span class='ocr_line' id='line_1_17' title="bbox 219 2548 1158 2651; baseline 0.004 -30"><span class='ocrx_word' id='word_1_133' title='bbox 219 2548 453 2623; x_wconf 86' lang='lat' dir='ltr'>dinalis</span> <span class='ocrx_word' id='word_1_134' title='bbox 483 2552 1001 2651; x_wconf 85' lang='lat' dir='ltr'>expectatione</span> <span class='ocrx_word' id='word_1_135' title='bbox 1034 2550 1158 2651; x_wconf 89' lang='lat'>(1).</span> 
     </span>
    </p>

    <p class='ocr_par' dir='ltr' id='par_1_4' title="bbox 211 2675 2887 3422">
     <span class='ocr_line' id='line_1_18' title="bbox 303 2675 2867 2778; baseline 0.002 -29"><span class='ocrx_word' id='word_1_136' title='bbox 303 2679 462 2750; x_wconf 87' lang='lat' dir='ltr'>Post</span> <span class='ocrx_word' id='word_1_137' title='bbox 487 2677 942 2775; x_wconf 87' lang='lat' dir='ltr'>prescriptos</span> <span class='ocrx_word' id='word_1_138' title='bbox 971 2678 1336 2777; x_wconf 90' lang='lat' dir='ltr'>principes</span> <span class='ocrx_word' id='word_1_139' title='bbox 1377 2679 1791 2755; x_wconf 88' lang='lat' dir='ltr'>obtulerunt</span> <span class='ocrx_word' id='word_1_140' title='bbox 1830 2705 1942 2755; x_wconf 85' lang='lat' dir='ltr'>xv1</span> <span class='ocrx_word' id='word_1_141' title='bbox 1982 2675 2239 2753; x_wconf 84' lang='lat' dir='ltr'>vexilla</span> <span class='ocrx_word' id='word_1_142' title='bbox 2278 2679 2506 2777; x_wconf 90' lang='lat' dir='ltr'>patrie</span> <span class='ocrx_word' id='word_1_143' title='bbox 2539 2680 2867 2778; x_wconf 88' lang='lat' dir='ltr'>subjecte</span> 
     </span>
     <span class='ocr_line' id='line_1_19' title="bbox 218 2804 2870 2906; baseline -0 -27"><span class='ocrx_word' id='word_1_144' title='bbox 218 2806 794 2895; x_wconf 84' lang='lat' dir='ltr'>domuiAustrie,</span> <span class='ocrx_word' id='word_1_145' title='bbox 835 2804 1166 2879; x_wconf 87' lang='lat' dir='ltr'>videlicet</span> <span class='ocrx_word' id='word_1_146' title='bbox 1208 2829 1337 2902; x_wconf 89' lang='lat' dir='ltr'>pro</span> <span class='ocrx_word' id='word_1_147' title='bbox 1379 2806 1700 2904; x_wconf 88' lang='lat' dir='ltr'>qualibet</span> <span class='ocrx_word' id='word_1_148' title='bbox 1737 2809 2133 2906; x_wconf 88' lang='lat' dir='ltr'>patriarum</span> <span class='ocrx_word' id='word_1_149' title='bbox 2171 2829 2357 2877; x_wconf 92' lang='lat' dir='ltr'>unus</span> <span class='ocrx_word' id='word_1_150' title='bbox 2404 2805 2667 2881; x_wconf 89' lang='lat' dir='ltr'>nobilis</span> <span class='ocrx_word' id='word_1_151' title='bbox 2700 2828 2870 2903; x_wconf 91' lang='lat' dir='ltr'>por-</span> 
     </span>
     <span class='ocr_line' id='line_1_20' title="bbox 219 2929 2861 3048; baseline -0.002 -41"><span class='ocrx_word' id='word_1_152' title='bbox 219 2934 390 3009; x_wconf 86' lang='lat' dir='ltr'>tabat</span> <span class='ocrx_word' id='word_1_153' title='bbox 431 2935 778 3009; x_wconf 87' lang='lat' dir='ltr'>vexillum</span> <span class='ocrx_word' id='word_1_154' title='bbox 835 2954 1442 3048; x_wconf 47' lang='lat' dir='ltr'>magnuniQuem</span> <span class='ocrx_word' id='word_1_155' title='bbox 1483 2932 1974 3030; x_wconf 89' lang='lat' dir='ltr'>sequebantur</span> <span class='ocrx_word' id='word_1_156' title='bbox 2018 2932 2339 3030; x_wconf 90' lang='lat' dir='ltr'>quinque</span> <span class='ocrx_word' id='word_1_157' title='bbox 2384 2930 2503 3002; x_wconf 90' lang='lat' dir='ltr'>alii</span> <span class='ocrx_word' id='word_1_158' title='bbox 2553 2929 2861 3021; x_wconf 80' lang='lat' dir='ltr'>nobileS,</span> 
     </span>
     <span class='ocr_line' id='line_1_21' title="bbox 217 3057 2863 3159; baseline 0 -29"><span class='ocrx_word' id='word_1_159' title='bbox 217 3082 504 3153; x_wconf 91' lang='lat' dir='ltr'>quorum</span> <span class='ocrx_word' id='word_1_160' title='bbox 542 3084 754 3159; x_wconf 34' lang='lat' dir='ltr'>‚unus</span> <span class='ocrx_word' id='word_1_161' title='bbox 802 3060 1134 3158; x_wconf 86' lang='lat' dir='ltr'>portabat</span> <span class='ocrx_word' id='word_1_162' title='bbox 1180 3059 1491 3158; x_wconf 86' lang='lat' dir='ltr'>galeam,</span> <span class='ocrx_word' id='word_1_163' title='bbox 1557 3060 1739 3132; x_wconf 89' lang='lat' dir='ltr'>alius</span> <span class='ocrx_word' id='word_1_164' title='bbox 1799 3080 2026 3147; x_wconf 89' lang='lat' dir='ltr'>arma,</span> <span class='ocrx_word' id='word_1_165' title='bbox 2091 3058 2271 3132; x_wconf 88' lang='lat' dir='ltr'>alius</span> <span class='ocrx_word' id='word_1_166' title='bbox 2330 3057 2643 3155; x_wconf 88' lang='lat' dir='ltr'>insignia</span> <span class='ocrx_word' id='word_1_167' title='bbox 2695 3080 2863 3131; x_wconf 90' lang='lat' dir='ltr'>cum</span> 
     </span>
     <span class='ocr_line' id='line_1_22' title="bbox 214 3182 2863 3283; baseline -0 -27"><span class='ocrx_word' id='word_1_168' title='bbox 214 3191 425 3279; x_wconf 88' lang='lat' dir='ltr'>scuto,</span> <span class='ocrx_word' id='word_1_169' title='bbox 460 3187 584 3261; x_wconf 85' lang='lat' dir='ltr'>alii</span> <span class='ocrx_word' id='word_1_170' title='bbox 625 3187 766 3261; x_wconf 92' lang='lat' dir='ltr'>duo</span> <span class='ocrx_word' id='word_1_171' title='bbox 789 3184 1138 3261; x_wconf 87' lang='lat' dir='ltr'>ducentes</span> <span class='ocrx_word' id='word_1_172' title='bbox 1176 3208 1442 3283; x_wconf 87' lang='lat' dir='ltr'>equum</span> <span class='ocrx_word' id='word_1_173' title='bbox 1484 3204 1827 3281; x_wconf 90' lang='lat' dir='ltr'>magnum</span> <span class='ocrx_word' id='word_1_174' title='bbox 1866 3182 2202 3257; x_wconf 86' lang='lat' dir='ltr'>vestitum</span> <span class='ocrx_word' id='word_1_175' title='bbox 2244 3184 2390 3259; x_wconf 89' lang='lat' dir='ltr'>sive</span> <span class='ocrx_word' id='word_1_176' title='bbox 2433 3189 2863 3279; x_wconf 90' lang='lat' dir='ltr'>coopertum</span> 
     </span>
     <span class='ocr_line' id='line_1_23' title="bbox 211 3296 2887 3422; baseline -0.001 -39"><span class='ocrx_word' id='word_1_177' title='bbox 211 3330 430 3406; x_wconf 90' lang='lat' dir='ltr'>panno</span> <span class='ocrx_word' id='word_1_178' title='bbox 458 3314 680 3411; x_wconf 89' lang='lat' dir='ltr'>nigro</span> <span class='ocrx_word' id='word_1_179' title='bbox 715 3336 756 3386; x_wconf 89' lang='lat' dir='ltr'>a</span> <span class='ocrx_word' id='word_1_180' title='bbox 785 3313 1018 3409; x_wconf 89' lang='lat' dir='ltr'>capite</span> <span class='ocrx_word' id='word_1_181' title='bbox 1050 3335 1278 3409; x_wconf 89' lang='lat' dir='ltr'>usque</span> <span class='ocrx_word' id='word_1_182' title='bbox 1309 3311 1399 3383; x_wconf 90' lang='lat' dir='ltr'>ad</span> <span class='ocrx_word' id='word_1_183' title='bbox 1424 3310 1675 3407; x_wconf 92' lang='lat' dir='ltr'>pedes.</span> <span class='ocrx_word' id='word_1_184' title='bbox 2445 3400 2463 3422; x_wconf 38' lang='lat'>⁵</span> <span class='ocrx_word' id='word_1_185' title='bbox 2876 3296 2887 3302; x_wconf 43' lang='lat'><strong>¹</strong></span> 
     </span>
    </p>

    <p class='ocr_par' dir='ltr' id='par_1_5' title="bbox 211 3433 2858 3916">
     <span class='ocr_line' id='line_1_24' title="bbox 300 3433 2855 3535; baseline -0.001 -26"><span class='ocrx_word' id='word_1_186' title='bbox 300 3440 677 3514; x_wconf 89' lang='lat' dir='ltr'>Postremo</span> <span class='ocrx_word' id='word_1_187' title='bbox 717 3438 1159 3535; x_wconf 88' lang='lat' dir='ltr'>sequebatur</span> <span class='ocrx_word' id='word_1_188' title='bbox 1199 3436 1488 3534; x_wconf 89' lang='lat' dir='ltr'>Imperii</span> <span class='ocrx_word' id='word_1_189' title='bbox 1532 3436 1773 3509; x_wconf 81' lang='lat' dir='ltr'>ferens</span> <span class='ocrx_word' id='word_1_190' title='bbox 1823 3434 2183 3523; x_wconf 85' lang='lat' dir='ltr'>vexillum,</span> <span class='ocrx_word' id='word_1_191' title='bbox 2234 3434 2499 3530; x_wconf 90' lang='lat' dir='ltr'>aquila,</span> <span class='ocrx_word' id='word_1_192' title='bbox 2544 3433 2855 3531; x_wconf 88' lang='lat' dir='ltr'>galeam,</span> 
     </span>
     <span class='ocr_line' id='line_1_25' title="bbox 211 3559 2858 3662; baseline 0.001 -31"><span class='ocrx_word' id='word_1_193' title='bbox 211 3559 544 3657; x_wconf 86' lang='lat' dir='ltr'>diadema,</span> <span class='ocrx_word' id='word_1_194' title='bbox 601 3563 957 3640; x_wconf 89' lang='lat' dir='ltr'>mundum</span> <span class='ocrx_word' id='word_1_195' title='bbox 1003 3565 1147 3639; x_wconf 84' lang='lat' dir='ltr'>sive</span> <span class='ocrx_word' id='word_1_196' title='bbox 1193 3588 1521 3662; x_wconf 88' lang='lat' dir='ltr'>pomum,</span> <span class='ocrx_word' id='word_1_197' title='bbox 1581 3569 1977 3660; x_wconf 87' lang='lat' dir='ltr'>sceptrum,</span> <span class='ocrx_word' id='word_1_198' title='bbox 2031 3561 2349 3660; x_wconf 89' lang='lat' dir='ltr'>gladium</span> <span class='ocrx_word' id='word_1_199' title='bbox 2396 3560 2739 3635; x_wconf 90' lang='lat' dir='ltr'>heraldus</span> <span class='ocrx_word' id='word_1_200' title='bbox 2788 3568 2858 3635; x_wconf 87' lang='lat' dir='ltr'>et</span> 
     </span>
     <span class='ocr_line' id='line_1_26' title="bbox 212 3685 2855 3785; baseline -0.002 -23"><span class='ocrx_word' id='word_1_201' title='bbox 212 3710 424 3785; x_wconf 85' lang='lat' dir='ltr'>equus</span> <span class='ocrx_word' id='word_1_202' title='bbox 498 3692 897 3766; x_wconf 77' lang='lat' dir='ltr'>maximus.</span> <span class='ocrx_word' id='word_1_203' title='bbox 973 3692 1296 3766; x_wconf 89' lang='lat' dir='ltr'>Aderant</span> <span class='ocrx_word' id='word_1_204' title='bbox 1354 3698 1425 3765; x_wconf 87' lang='lat' dir='ltr'>et</span> <span class='ocrx_word' id='word_1_205' title='bbox 1476 3688 1683 3764; x_wconf 85' lang='lat' dir='ltr'>multi</span> <span class='ocrx_word' id='word_1_206' title='bbox 1742 3688 1862 3761; x_wconf 89' lang='lat' dir='ltr'>alii</span> <span class='ocrx_word' id='word_1_207' title='bbox 1928 3688 2233 3762; x_wconf 86' lang='lat' dir='ltr'>comites</span> <span class='ocrx_word' id='word_1_208' title='bbox 2296 3693 2369 3761; x_wconf 90' lang='lat' dir='ltr'>et</span> <span class='ocrx_word' id='word_1_209' title='bbox 2411 3685 2721 3761; x_wconf 89' lang='lat' dir='ltr'>barones</span> <span class='ocrx_word' id='word_1_210' title='bbox 2786 3692 2855 3759; x_wconf 92' lang='lat' dir='ltr'>et</span> 
     </span>
     <span class='ocr_line' id='line_1_27' title="bbox 211 3816 1821 3916; baseline 0.001 -27"><span class='ocrx_word' id='word_1_211' title='bbox 211 3823 550 3911; x_wconf 89' lang='lat' dir='ltr'>potentes,</span> <span class='ocrx_word' id='word_1_212' title='bbox 585 3841 780 3916; x_wconf 89' lang='lat' dir='ltr'>quos</span> <span class='ocrx_word' id='word_1_213' title='bbox 811 3841 1242 3893; x_wconf 86' lang='lat' dir='ltr'>enumerare</span> <span class='ocrx_word' id='word_1_214' title='bbox 1268 3816 1568 3915; x_wconf 88' lang='lat' dir='ltr'>longum</span> <span class='ocrx_word' id='word_1_215' title='bbox 1601 3822 1821 3891; x_wconf 88' lang='lat' dir='ltr'>esset.</span> 
     </span>
    </p>

    <p class='ocr_par' dir='ltr' id='par_1_6' title="bbox 295 3940 2234 4041">
     <span class='ocr_line' id='line_1_28' title="bbox 295 3940 2234 4041; baseline -0.002 -25"><span class='ocrx_word' id='word_1_216' title='bbox 295 3944 703 4041; x_wconf 87' lang='lat' dir='ltr'>Sequuntur</span> <span class='ocrx_word' id='word_1_217' title='bbox 731 3966 851 4017; x_wconf 88' lang='lat' dir='ltr'>xv1</span> <span class='ocrx_word' id='word_1_218' title='bbox 879 3942 1110 4041; x_wconf 87' lang='lat' dir='ltr'>patrie</span> <span class='ocrx_word' id='word_1_219' title='bbox 1138 3943 1228 4018; x_wconf 93' lang='lat' dir='ltr'>de</span> <span class='ocrx_word' id='word_1_220' title='bbox 1259 3942 1520 4038; x_wconf 87' lang='lat' dir='ltr'>quibus</span> <span class='ocrx_word' id='word_1_221' title='bbox 1551 3964 1769 4038; x_wconf 88' lang='lat' dir='ltr'>supra</span> <span class='ocrx_word' id='word_1_222' title='bbox 1797 3940 1880 4014; x_wconf 84' lang='lat' dir='ltr'>fit</span> <span class='ocrx_word' id='word_1_223' title='bbox 1910 3940 2185 4015; x_wconf 86' lang='lat' dir='ltr'>mentio</span> <span class='ocrx_word' id='word_1_224' title='bbox 2220 3965 2234 4011; x_wconf 91' lang='lat'><strong>:</strong></span> 
     </span>
    </p>

    <p class='ocr_par' dir='ltr' id='par_1_7' title="bbox 211 4062 2859 4543">
     <span class='ocr_line' id='line_1_29' title="bbox 291 4062 2847 4166; baseline -0.002 -26"><span class='ocrx_word' id='word_1_225' title='bbox 291 4069 706 4166; x_wconf 87' lang='lat' dir='ltr'>Imperium,</span> <span class='ocrx_word' id='word_1_226' title='bbox 768 4069 1162 4165; x_wconf 89' lang='lat' dir='ltr'>Hungaria,</span> <span class='ocrx_word' id='word_1_227' title='bbox 1225 4068 1517 4141; x_wconf 84' lang='lat' dir='ltr'>Austria</span> <span class='ocrx_word' id='word_1_228' title='bbox 1580 4090 1799 4157; x_wconf 89' lang='lat' dir='ltr'>nova,</span> <span class='ocrx_word' id='word_1_229' title='bbox 1867 4065 2155 4139; x_wconf 92' lang='lat' dir='ltr'>Austria</span> <span class='ocrx_word' id='word_1_230' title='bbox 2214 4064 2535 4159; x_wconf 89' lang='lat' dir='ltr'>antiqua,</span> <span class='ocrx_word' id='word_1_231' title='bbox 2602 4062 2847 4151; x_wconf 89' lang='lat' dir='ltr'>Stiria,</span> 
     </span>
     <span class='ocr_line' id='line_1_30' title="bbox 211 4186 2859 4290; baseline -0 -27"><span class='ocrx_word' id='word_1_232' title='bbox 211 4192 538 4285; x_wconf 82' lang='lat' dir='ltr'>Karintia,</span> <span class='ocrx_word' id='word_1_233' title='bbox 576 4194 943 4283; x_wconf 88' lang='lat' dir='ltr'>Carniola,</span> <span class='ocrx_word' id='word_1_234' title='bbox 992 4194 1354 4290; x_wconf 87' lang='lat' dir='ltr'>Aspurgh,</span> <span class='ocrx_word' id='word_1_235' title='bbox 1400 4192 1684 4281; x_wconf 86' lang='lat' dir='ltr'>Tirolis,</span> <span class='ocrx_word' id='word_1_236' title='bbox 1723 4190 2037 4283; x_wconf 82' lang='lat' dir='ltr'>Alsacia,</span> <span class='ocrx_word' id='word_1_237' title='bbox 2084 4188 2459 4285; x_wconf 90' lang='lat' dir='ltr'>Burgaria,</span> <span class='ocrx_word' id='word_1_238' title='bbox 2495 4186 2859 4262; x_wconf 88' lang='lat' dir='ltr'>Marchio-</span> 
     </span>
     <span class='ocr_line' id='line_1_31' title="bbox 213 4312 2847 4412; baseline -0 -24"><span class='ocrx_word' id='word_1_239' title='bbox 213 4324 398 4392; x_wconf 86' lang='lat' dir='ltr'>natus</span> <span class='ocrx_word' id='word_1_240' title='bbox 452 4318 923 4408; x_wconf 86' lang='lat' dir='ltr'>Viennensis,</span> <span class='ocrx_word' id='word_1_241' title='bbox 986 4323 1257 4392; x_wconf 91' lang='lat' dir='ltr'>Pontus</span> <span class='ocrx_word' id='word_1_242' title='bbox 1317 4316 1610 4408; x_wconf 88' lang='lat' dir='ltr'>Naonis,</span> <span class='ocrx_word' id='word_1_243' title='bbox 1667 4316 1927 4391; x_wconf 91' lang='lat' dir='ltr'>Phiere</span> <span class='ocrx_word' id='word_1_244' title='bbox 1978 4315 2367 4389; x_wconf 88' lang='lat' dir='ltr'>comitatus</span> <span class='ocrx_word' id='word_1_245' title='bbox 2399 4312 2514 4412; x_wconf 91' lang='lat' dir='ltr'>(de</span> <span class='ocrx_word' id='word_1_246' title='bbox 2548 4312 2847 4411; x_wconf 88' lang='lat' dir='ltr'>Frigia),</span> 
     </span>
     <span class='ocr_line' id='line_1_32' title="bbox 217 4440 2655 4543; baseline -0 -30"><span class='ocrx_word' id='word_1_247' title='bbox 217 4443 648 4539; x_wconf 86' lang='lat' dir='ltr'>Brisachum,</span> <span class='ocrx_word' id='word_1_248' title='bbox 687 4444 928 4521; x_wconf 89' lang='lat' dir='ltr'>Patria</span> <span class='ocrx_word' id='word_1_249' title='bbox 965 4444 1150 4521; x_wconf 86' lang='lat' dir='ltr'>ultra</span> <span class='ocrx_word' id='word_1_250' title='bbox 1178 4450 1540 4520; x_wconf 88' lang='lat' dir='ltr'>Donatum</span> <span class='ocrx_word' id='word_1_251' title='bbox 1573 4442 1666 4543; x_wconf 77' lang='lat'>(2)</span> <span class='ocrx_word' id='word_1_252' title='bbox 1698 4443 1972 4516; x_wconf 90' lang='lat' dir='ltr'>flumen</span> <span class='ocrx_word' id='word_1_253' title='bbox 2004 4440 2125 4517; x_wconf 93' lang='lat' dir='ltr'>ubi</span> <span class='ocrx_word' id='word_1_254' title='bbox 2158 4444 2266 4516; x_wconf 89' lang='lat' dir='ltr'>est</span> <span class='ocrx_word' id='word_1_255' title='bbox 2297 4440 2617 4514; x_wconf 89' lang='lat' dir='ltr'>Lintz....</span> <span class='ocrx_word' id='word_1_256' title='bbox 2638 4496 2655 4512; x_wconf 90' lang='lat'><strong>.</strong></span> 
     </span>
    </p>
   </div>
   <div class='ocr_carea' id='block_1_3' title="bbox 200 4754 2860 5296">
    <p class='ocr_par' dir='ltr' id='par_1_8' title="bbox 211 4754 2846 4939">
     <span class='ocr_line' id='line_1_33' title="bbox 265 4754 2846 4847; baseline -0.001 -19"><span class='ocrx_word' id='word_1_257' title='bbox 265 4770 308 4829; x_wconf 82' lang='lat'>1.</span> <span class='ocrx_word' id='word_1_258' title='bbox 341 4776 445 4832; x_wconf 87' lang='lat' dir='ltr'>Sur</span> <span class='ocrx_word' id='word_1_259' title='bbox 473 4754 620 4836; x_wconf 64' lang='lat' dir='ltr'>cette</span> <span class='ocrx_word' id='word_1_260' title='bbox 649 4774 978 4834; x_wconf 87' lang='lat' dir='ltr'>ambassade</span> <span class='ocrx_word' id='word_1_261' title='bbox 1014 4791 1122 4847; x_wconf 90' lang='lat' dir='ltr'>que</span> <span class='ocrx_word' id='word_1_262' title='bbox 1154 4770 1434 4830; x_wconf 87' lang='lat' dir='ltr'>Burchard</span> <span class='ocrx_word' id='word_1_263' title='bbox 1462 4790 1531 4829; x_wconf 91' lang='lat' dir='ltr'>ne</span> <span class='ocrx_word' id='word_1_264' title='bbox 1568 4769 1666 4829; x_wconf 83' lang='lat' dir='ltr'>fait</span> <span class='ocrx_word' id='word_1_265' title='bbox 1703 4788 1808 4846; x_wconf 87' lang='lat' dir='ltr'>que</span> <span class='ocrx_word' id='word_1_266' title='bbox 1840 4768 2201 4839; x_wconf 85' lang='lat' dir='ltr'>mentionner‚</span> <span class='ocrx_word' id='word_1_267' title='bbox 2234 4786 2360 4844; x_wconf 78' lang='lat' dir='ltr'>voy.</span> <span class='ocrx_word' id='word_1_268' title='bbox 2398 4768 2679 4825; x_wconf 80' lang='lat' dir='ltr'>Infessura</span> <span class='ocrx_word' id='word_1_269' title='bbox 2706 4766 2846 4827; x_wconf 88' lang='lat' dir='ltr'>dans</span> 
     </span>
     <span class='ocr_line' id='line_1_34' title="bbox 211 4854 926 4939; baseline 0.006 -19"><span class='ocrx_word' id='word_1_270' title='bbox 211 4854 410 4938; x_wconf 65' lang='lat' dir='ltr'>Pateat-d,</span> <span class='ocrx_word' id='word_1_271' title='bbox 439 4874 479 4925; x_wconf 91' lang='lat' dir='ltr'>t.</span> <span class='ocrx_word' id='word_1_272' title='bbox 518 4868 594 4939; x_wconf 87' lang='lat'>11,</span> <span class='ocrx_word' id='word_1_273' title='bbox 628 4867 730 4925; x_wconf 89' lang='lat' dir='ltr'>col.</span> <span class='ocrx_word' id='word_1_274' title='bbox 764 4867 926 4925; x_wconf 79' lang='lat'>2012.</span> 
     </span>
    </p>

    <p class='ocr_par' dir='ltr' id='par_1_9' title="bbox 200 4944 2860 5296">
     <span class='ocr_line' id='line_1_35' title="bbox 267 4944 2860 5029; baseline -0.002 -21"><span class='ocrx_word' id='word_1_275' title='bbox 267 4954 316 5010; x_wconf 88' lang='lat'>2.</span> <span class='ocrx_word' id='word_1_276' title='bbox 351 4954 426 5012; x_wconf 86' lang='lat' dir='ltr'>Le</span> <span class='ocrx_word' id='word_1_277' title='bbox 448 4956 710 5029; x_wconf 85' lang='lat' dir='ltr'>Danube,</span> <span class='ocrx_word' id='word_1_278' title='bbox 741 4976 812 5015; x_wconf 89' lang='lat' dir='ltr'>en</span> <span class='ocrx_word' id='word_1_279' title='bbox 840 4958 1106 5015; x_wconf 86' lang='lat' dir='ltr'>allemand</span> <span class='ocrx_word' id='word_1_280' title='bbox 1133 4944 1345 5013; x_wconf 71' lang='lat' dir='ltr'>Donati.</span> <span class='ocrx_word' id='word_1_281' title='bbox 1379 4954 1454 5010; x_wconf 89' lang='lat' dir='ltr'>Le</span> <span class='ocrx_word' id='word_1_282' title='bbox 1476 4953 1698 5028; x_wconf 86' lang='lat' dir='ltr'>journal</span> <span class='ocrx_word' id='word_1_283' title='bbox 1724 4952 1792 5010; x_wconf 90' lang='lat' dir='ltr'>de</span> <span class='ocrx_word' id='word_1_284' title='bbox 1811 4949 2095 5009; x_wconf 88' lang='lat' dir='ltr'>Burchard</span> <span class='ocrx_word' id='word_1_285' title='bbox 2115 4948 2338 5006; x_wconf 74' lang='lat' dir='ltr'>s&#39;arrete</span> <span class='ocrx_word' id='word_1_286' title='bbox 2368 4949 2437 5006; x_wconf 88' lang='lat' dir='ltr'>ici</span> <span class='ocrx_word' id='word_1_287' title='bbox 2466 4956 2522 5007; x_wconf 85' lang='lat' dir='ltr'>et</span> <span class='ocrx_word' id='word_1_288' title='bbox 2539 4968 2608 5006; x_wconf 88' lang='lat' dir='ltr'>ne</span> <span class='ocrx_word' id='word_1_289' title='bbox 2626 4950 2860 5023; x_wconf 90' lang='lat' dir='ltr'>reprend</span> 
     </span>
     <span class='ocr_line' id='line_1_36' title="bbox 204 5036 2859 5120; baseline -0.002 -23"><span class='ocrx_word' id='word_1_290' title='bbox 204 5040 312 5111; x_wconf 75' lang='lat' dir='ltr'>qu’a</span> <span class='ocrx_word' id='word_1_291' title='bbox 335 5042 386 5100; x_wconf 83' lang='lat' dir='ltr'>la</span> <span class='ocrx_word' id='word_1_292' title='bbox 412 5045 540 5105; x_wconf 74' lang='lat' dir='ltr'>date</span> <span class='ocrx_word' id='word_1_293' title='bbox 569 5048 648 5103; x_wconf 88' lang='lat' dir='ltr'>du</span> <span class='ocrx_word' id='word_1_294' title='bbox 679 5046 908 5117; x_wconf 87' lang='lat' dir='ltr'>samedi,</span> <span class='ocrx_word' id='word_1_295' title='bbox 941 5048 1002 5103; x_wconf 84' lang='lat'>11</span> <span class='ocrx_word' id='word_1_296' title='bbox 1038 5045 1252 5120; x_wconf 80' lang='lat' dir='ltr'>janvier</span> <span class='ocrx_word' id='word_1_297' title='bbox 1292 5044 1448 5101; x_wconf 72' lang='lat'><strong>1494.</strong></span> <span class='ocrx_word' id='word_1_298' title='bbox 1497 5043 1650 5099; x_wconf 83' lang='lat' dir='ltr'>Cette</span> <span class='ocrx_word' id='word_1_299' title='bbox 1690 5042 1882 5098; x_wconf 84' lang='lat' dir='ltr'>lacune</span> <span class='ocrx_word' id='word_1_300' title='bbox 1920 5047 2006 5096; x_wconf 85' lang='lat' dir='ltr'>est</span> <span class='ocrx_word' id='word_1_301' title='bbox 2042 5058 2110 5095; x_wconf 89' lang='lat' dir='ltr'>en</span> <span class='ocrx_word' id='word_1_302' title='bbox 2150 5040 2321 5114; x_wconf 88' lang='lat' dir='ltr'>partie</span> <span class='ocrx_word' id='word_1_303' title='bbox 2360 5038 2602 5097; x_wconf 80' lang='lat' dir='ltr'>comblee</span> <span class='ocrx_word' id='word_1_304' title='bbox 2631 5038 2770 5095; x_wconf 87' lang='lat' dir='ltr'>dans</span> <span class='ocrx_word' id='word_1_305' title='bbox 2809 5036 2859 5091; x_wconf 90' lang='lat' dir='ltr'>le</span> 
     </span>
     <span class='ocr_line' id='line_1_37' title="bbox 200 5128 2856 5212; baseline -0.001 -29"><span class='ocrx_word' id='word_1_306' title='bbox 200 5128 342 5206; x_wconf 82' lang='lat' dir='ltr'>Chigi</span> <span class='ocrx_word' id='word_1_307' title='bbox 377 5143 432 5193; x_wconf 87' lang='lat' dir='ltr'>et</span> <span class='ocrx_word' id='word_1_308' title='bbox 458 5137 510 5193; x_wconf 89' lang='lat' dir='ltr'>le</span> <span class='ocrx_word' id='word_1_309' title='bbox 535 5139 706 5207; x_wconf 79' lang='lat'>5522,</span> <span class='ocrx_word' id='word_1_310' title='bbox 759 5154 856 5212; x_wconf 87' lang='lat' dir='ltr'>par</span> <span class='ocrx_word' id='word_1_311' title='bbox 901 5155 1007 5194; x_wconf 88' lang='lat' dir='ltr'>une</span> <span class='ocrx_word' id='word_1_312' title='bbox 1044 5134 1430 5211; x_wconf 85' lang='lat' dir='ltr'>interpolation</span> <span class='ocrx_word' id='word_1_313' title='bbox 1459 5132 1795 5191; x_wconf 82' lang='lat' dir='ltr'>d’lnfessura</span> <span class='ocrx_word' id='word_1_314' title='bbox 1842 5130 1937 5205; x_wconf 87' lang='lat' dir='ltr'>qui</span> <span class='ocrx_word' id='word_1_315' title='bbox 1986 5136 2071 5188; x_wconf 84' lang='lat' dir='ltr'>est</span> <span class='ocrx_word' id='word_1_316' title='bbox 2108 5130 2421 5206; x_wconf 85' lang='lat' dir='ltr'>reproduite</span> <span class='ocrx_word' id='word_1_317' title='bbox 2450 5129 2522 5185; x_wconf 89' lang='lat' dir='ltr'>ici</span> <span class='ocrx_word' id='word_1_318' title='bbox 2556 5134 2705 5185; x_wconf 84' lang='lat' dir='ltr'>entre</span> <span class='ocrx_word' id='word_1_319' title='bbox 2736 5142 2856 5181; x_wconf 89' lang='lat' dir='ltr'>cro-</span> 
     </span>
     <span class='ocr_line' id='line_1_38' title="bbox 203 5218 1887 5296; baseline 0.001 -17"><span class='ocrx_word' id='word_1_320' title='bbox 203 5218 358 5282; x_wconf 80' lang='lat' dir='ltr'>chets.</span> <span class='ocrx_word' id='word_1_321' title='bbox 388 5224 496 5284; x_wconf 86' lang='lat' dir='ltr'>Les</span> <span class='ocrx_word' id='word_1_322' title='bbox 527 5244 669 5285; x_wconf 75' lang='lat' dir='ltr'>msa.</span> <span class='ocrx_word' id='word_1_323' title='bbox 707 5228 828 5296; x_wconf 82' lang='lat'>149,</span> <span class='ocrx_word' id='word_1_324' title='bbox 856 5226 998 5284; x_wconf 84' lang='lat'>5160</span> <span class='ocrx_word' id='word_1_325' title='bbox 1025 5232 1080 5283; x_wconf 91' lang='lat' dir='ltr'>et</span> <span class='ocrx_word' id='word_1_326' title='bbox 1111 5226 1286 5283; x_wconf 74' lang='lat'><strong>13734</strong></span> <span class='ocrx_word' id='word_1_327' title='bbox 1315 5242 1386 5281; x_wconf 89' lang='lat' dir='ltr'>ne</span> <span class='ocrx_word' id='word_1_328' title='bbox 1413 5224 1467 5281; x_wconf 88' lang='lat' dir='ltr'>la</span> <span class='ocrx_word' id='word_1_329' title='bbox 1495 5223 1740 5280; x_wconf 84' lang='lat' dir='ltr'>donnent</span> <span class='ocrx_word' id='word_1_330' title='bbox 1767 5238 1887 5296; x_wconf 71' lang='lat' dir='ltr'>paz.</span> 
     </span>
    </p>
   </div>
   <div class='ocr_carea' id='block_1_4' title="bbox 2947 0 3517 2">
    <p class='ocr_par' dir='ltr' id='par_1_10' title="bbox 2947 0 3517 2">
     <span class='ocr_line' id='line_1_39' title="bbox 2947 0 3517 2; baseline 0 0"><span class='ocrx_word' id='word_1_331' title='bbox 2947 0 3517 2; x_wconf 95' lang='lat' dir='ltr'> </span> 
     </span>
    </p>
   </div>
  </div>
 </body>
</html>
