3625 6059
747 644 852 699 420
1661 637 2011 695 JOHANNIS
2056 636 2494 708 BURCHARm,
2918 639 3232 702 [Decembre
3266 641 3401 702 usn

750 792 1201 891 Neapolitani
1232 798 1302 866 et
1339 792 1648 891 Ungarie
1687 816 1771 867 ac
1810 793 2111 867 dominii
2147 798 2591 872 Venetorum
2634 799 2707 867 et
2746 791 2952 867 ducis
2988 792 3391 867 Mediolani.

752 917 1110 1015 Equitavit
1139 916 1422 991 medius
1460 918 1651 993 inter
1687 920 2251 1018 gubernatorem
2283 919 2492 994 Urbis
2534 942 2577 994 a
2614 918 2883 994 dextris
2920 926 2994 995 et
3026 923 3110 994 D.
3148 917 3399 993 Henri-

751 1066 915 1117 cum
963 1044 1582 1120 Brunswicensem
1604 1045 1890 1135 ducem,
1919 1052 2280 1123 oratorem
2304 1050 2822 1136 Romanorum,
2848 1067 2891 1117 a
2918 1042 3249 1133 sinistri8‚
3278 1066 3402 1141 per

751 1171 1100 1266 Campum
1143 1169 1353 1244 Flore
1386 1171 1478 1245 ad
1507 1172 1803 1245 domum
1833 1172 2423 1261 Teutonicorum,
2457 1167 2853 1266 hospitium
2884 1166 3018 1241 sibi
3049 1172 3395 1265 paratum,

751 1292 870 1365 ubi
917 1292 1180 1389 gratias
1222 1293 1559 1369 omnibus
1599 1294 1744 1392 egit
1787 1318 1991 1369 more
2023 1295 2263 1369 solito.
2301 1294 2563 1369 Habuit
2607 1292 2867 1368 deinde
2899 1290 3337 1367 audientiam
3362 1316 3401 1365 a

751 1420 969 1516 Papa,
999 1418 1114 1493 die
1152 1417 1320 1493 lune
1367 1425 1451 1493 18
1495 1420 1929 1512 decembris,
1965 1420 2087 1495 ubi
2132 1421 2285 1519 ipse
2326 1426 2399 1494 et
2437 1418 2710 1494 familia
2751 1442 2884 1492 sua
2922 1420 3115 1515 Pape
3147 1417 3399 1515 pedem

754 1549 919 1617 sunt
971 1544 1300 1636 osculati,
1359 1569 1444 1621 eo
1502 1545 1701 1644 prius
1766 1571 1901 1644 per
1958 1551 2225 1645 Papam
2289 1548 2382 1621 ad
2438 1545 2764 1619 osculum
2824 1566 3083 1617 manus
3136 1549 3205 1616 et
3262 1542 3399 1617 oris

749 1676 1072 1766 recepto,
1109 1668 1394 1744 RRmis.
1440 1674 1590 1744 DD.
1635 1670 1943 1764 Medice,
1992 1671 2378 1748 Valentino
2422 1677 2496 1745 et
2545 1668 2807 1767 Borgia
2842 1690 3072 1766 prope
3120 1666 3401 1741 astanti-

751 1791 884 1865 bus
912 1801 985 1867 et
1011 1816 1156 1868 non
1191 1796 1611 1871 sedentibus
1648 1823 1663 1871 ε
1700 1797 1847 1872 dux
1875 1805 2118 1871 autem
2151 1797 2303 1895 ipse
2335 1794 2729 1895 genuflexit
2760 1818 2989 1892 usque
3022 1793 3113 1868 ad
3140 1794 3355 1867 finem
3386 1842 3400 1903 3

752 1924 906 1990 tum
935 1917 1062 1991 fuit
1094 1918 1312 1993 etiam
1350 1944 1391 1995 a
1425 1921 1654 1995 tribus
1699 1920 2045 2019 predictis
2076 1920 2560 1995 cardinalibus
2603 1919 2696 1994 ad
2740 1918 3067 1994 osculum
3107 1918 3255 1993 oris
3296 1940 3401 1991 re-

751 2050 1030 2141 ceptus,
1084 2047 1169 2117 D.
1220 2043 1647 2119 Philibertus
1702 2047 2083 2138 Naturelli,
2130 2053 2373 2121 orator
2422 2043 2864 2121 serenissimi
2915 2047 3393 2118 Romanorum

749 2166 940 2265 regis
979 2168 1111 2243 fuit
1142 2167 1498 2266 interpres
1530 2168 1744 2243 ducis
1761 2195 2024 2269 ,coram
2054 2176 2269 2270 Papa,
2301 2171 2475 2246 licet
2513 2171 2668 2269 ipse
2700 2170 2846 2244 dux
2885 2169 3395 2267 aliquantulum

751 2300 1252 2391 competenter
1281 2294 1496 2368 sciret
1522 2294 1742 2370 latine
1773 2296 1996 2391 loqui,
2032 2320 2203 2371 nam
2244 2296 2581 2371 omnibus
2611 2294 2899 2369 familiis
2938 2294 3393 2369 cardinalium

751 2423 822 2492 et
874 2418 1278 2493 oratoribus
1329 2418 1403 2493 in
1461 2419 1576 2494 die
1634 2420 1967 2496 introitus
2014 2421 2123 2496 sui
2182 2422 2271 2496 ad
2330 2421 2597 2496 Urbem
2646 2422 2801 2519 ipse
2865 2426 3109 2496 tamen
3160 2418 3393 2517 paucis

748 2542 988 2617 latinis
1031 2543 1263 2618 verbis
1298 2544 1564 2640 gratias
1605 2544 1784 2643 egit3
1829 2548 2065 2642 primo
2102 2554 2343 2623 autem
2388 2546 2657 2621 familie
2703 2550 2897 2644 Pape
2935 2568 3068 2643 pro
3106 2545 3225 2620 illo
3262 2542 3393 2641 egit

751 2666 1023 2763 gratias
1053 2667 1421 2764 predictus
1450 2670 1919 2764 Philibertus,
1954 2674 2075 2771 qui
2110 2680 2279 2749 tunc
2306 2673 2525 2749 etiam
2557 2673 2932 2749 intererat.

852 2791 1232 2865 Dominica
1269 2794 1476 2868 tertia
1507 2794 1884 2887 adventu5‚
1927 2804 2009 2872 17
2044 2799 2217 2874 dicti
2256 2800 2531 2876 mensis
2562 2798 2997 2889 decembriS,
3036 2802 3275 2871 Rmus.
3310 2798 3386 2868 D.

751 2912 1558 3025 cardinalisPerusinus
1588 2921 1973 2997 celebravit
2005 2924 2302 2997 missam
2332 2925 2695 3022 publicam
2726 2924 2800 2997 in
2829 2922 3107 3020 capella
3134 2923 3387 3019 maJore

751 3041 1098 3138 predicta,
1147 3052 1486 3142 presente
1540 3050 1732 3144 Papa
1784 3072 1800 3121 ε
1859 3071 2271 3124 sermonem
2320 3049 2491 3124 fecit
2534 3048 2826 3147 quidam
2873 3049 3096 3123 frater
3138 3043 3387 3122 ordinis

750 3166 1273 3242 heremitarum
1300 3194 1359 3243 s,
1394 3172 1768 3268 Augustini
1801 3197 1935 3271 pro
1965 3182 2435 3273 procuratore
2469 3176 2801 3274 ejusdem
2829 3172 3128 3249 ordinis,

852 3293 1060 3368 Feria
1101 3303 1358 3391 quarta
1398 3294 1572 3371 dicti
1615 3299 1913 3390 mensiS‚
1964 3304 2056 3373 20
2099 3299 2534 3393 decembris,
2576 3300 2707 3375 fuit
2746 3298 3253 3373 consistorium
3288 3318 3387 3368 se-

753 3423 1033 3490 cretum
1073 3417 1148 3490 in
1188 3442 1355 3515 quo,
1400 3423 1862 3517 presentibus
1912 3424 2169 3499 abbate
2219 3451 2279 3499 s.
2316 3425 2747 3519 Sebastiani,
2792 3424 3095 3499 sacrista
3139 3419 3385 3520 capelle

753 3548 999 3615 nostre
1045 3547 1116 3617 et
1157 3547 1242 3617 D.
1281 3547 1752 3641 Bernardino‚
1790 3549 2072 3648 collega
2113 3574 2306 3645 meo,
2342 3552 2432 3627 de
2468 3551 2807 3627 mandato
2851 3555 3043 3648 Pape
3072 3542 3384 3648 proposui

755 3664 828 3736 in
855 3664 1092 3762 vigilia
1120 3669 1501 3744 nativitatis
1533 3672 1821 3764 Christi,
1858 3676 2156 3750 missam
2187 3677 2519 3775 papalem
2548 3702 2694 3753 non
2718 3678 2995 3751 habere
3021 3674 3165 3750 hoc
3190 3693 3381 3757 anno,

753 3791 999 3866 venire
1038 3792 1112 3866 in
1143 3794 1509 3871 dominica
1551 3798 1624 3871 in
1658 3823 1798 3896 qua
1826 3803 2051 3877 missa
2092 3802 2459 3877 diceretur
2486 3804 2575 3877 de
2614 3802 2855 3901 vigilia
2882 3823 3050 3875 cum
3092 3818 3386 3875 comme-

755 3916 1156 3991 moratione
1206 3918 1598 4017 dominice,
1655 3949 1814 4001 esse
1860 3928 2117 4002 eadem
2157 3928 2274 4002 die
2313 3950 2654 4026 vesperas
2700 3928 3068 4002 solemnes
3112 3931 3185 4000 et
3220 3923 3385 3998 diem

755 4041 1049 4118 brevem
1113 4071 1127 4117 ε
1186 4056 1576 4147 propterea
1633 4050 2035 4127 cardinales
2096 4076 2240 4127 non
2298 4077 2512 4151 posse
2576 4052 2815 4127 venire
2882 4048 3265 4125 commode
3314 4042 3385 4119 ad

757 4171 1175 4265 utrumque,
1237 4158 1743 4273 videri-magis
1783 4176 2223 4252 conveniens
2266 4201 2603 4276 vesperas
2654 4203 2782 4252 sua
2828 4177 3011 4251 hora
3054 4183 3126 4249 et
3168 4168 3385 4247 simili-

758 4292 868 4362 ter
902 4290 1193 4368 interim
1233 4295 1399 4389 dici,
1436 4297 1706 4373 omissa
1735 4298 1959 4373 missa
1986 4300 2061 4373 in
2104 4323 2355 4392 mane3
2396 4300 2593 4398 quod
2628 4307 3011 4395 utrumque
3055 4298 3381 4373 inculcata

757 4408 902 4485 dixi
934 4420 1008 4486 ut
1040 4418 1396 4495 Sanctitas
1428 4446 1556 4497 sua
1587 4432 1938 4501 statueret
1965 4425 2139 4522 quid
2168 4426 2363 4501 circa
2385 4426 2531 4501 hoc
2550 4426 2988 4513 faciendum,
3024 4424 3147 4521 qui
3170 4422 3385 4497 habito

757 4560 924 4612 cum
974 4542 1454 4639 cardinalibus
1502 4549 1894 4647 colloquio,
1943 4550 2032 4625 de
2084 4574 2449 4626 consensu
2497 4550 2851 4641 omnium,
2900 4551 3183 4625 duobus
3228 4548 3383 4624 dun-

759 4668 953 4739 taxat
983 4665 1318 4768 demptis,
1347 4674 1592 4748 statuit
1623 4675 1922 4749 missam
1948 4678 2037 4751 de
2069 4676 2435 4751 dominica
2454 4699 2587 4774 per
2615 4676 3070 4775 capellanum
3102 4676 3171 4749 in
3198 4694 3383 4773 parva

757 4794 1058 4890 capella,
1109 4807 1186 4873 ut
1229 4801 1387 4876 aliis
1429 4803 1685 4879 diebus
1717 4806 1874 4881 fieri
1919 4805 2127 4899 solet,
2162 4808 2332 4899 dici,
2388 4813 2462 4881 et
2498 4806 2898 4882 cardinales
2945 4806 3038 4883 ad
3087 4818 3383 4904 vesperas

757 4918 1035 4992 tantum
1092 4925 1364 5003 venire.
1424 4932 1648 5005 Secus
1697 4934 2055 5007 sentiebat
2104 4938 2351 5007 Rmus.
2408 4936 2494 5006 D.
2552 4958 2612 5007 s.
2675 4934 3015 5009 Praxedis
3066 4932 3185 5031 qui
3236 4920 3379 5002 dixit

752 5038 826 5114 in
852 5049 1337 5127 ceremoniale
1369 5053 1560 5129 clare
1589 5056 1996 5132 ordinatum
2022 5059 2192 5156 quid
2224 5057 2615 5157 agendum,
2649 5059 2844 5157 quod
2871 5058 3247 5134 videbatur
3272 5041 3377 5127 sibi

753 5166 1307 5248 observandum.
1364 5180 1591 5275 Hujus
1637 5186 1882 5256 votum
1945 5192 2234 5259 secutus
2288 5184 2419 5259 fuit
2470 5189 2719 5257 Rmus.
2771 5188 2859 5257 D.
2912 5178 3287 5289 cardinalis
3326 5196 3371 5243 s·
3475 5166 3480 5285 ζ

752 5292 1028 5389 CruciS,
1074 5301 1336 5375 ceteris
1387 5304 1722 5379 omnibus
1763 5330 1931 5381 cum
1979 5313 2177 5406 Papa
2214 5308 2715 5385 sentientibus».
2754 5307 3105 5407 Proposui
3151 5295 3373 5380 deinde
