3625 6059
231 568 587 629 [Decembre
609 572 757 632 1492]
945 570 1200 628 RERUM
1247 570 1702 631 URBANARUM
1749 570 2273 631 COMMENTARII.
2382 592 2391 600 ·
2876 576 2946 631 19

243 729 592 817 quatuor
657 722 1106 815 assistentes,
1159 726 1492 801 videlicet
1521 726 2018 815 cusentinum,
2067 726 2579 817 Dolenensem,
2614 726 2947 801 Vultera-

251 870 588 921 nensem
616 854 690 921 et
719 847 1324 937 Alexandrinum;
1361 849 1666 925 osculati
1699 856 1865 924 sunt
1896 849 2185 947 pedem,
2222 874 2516 924 manum
2546 858 2621 923 et
2650 874 2731 925 os
2761 874 2945 949 pape

257 978 452 1047 ante
515 972 890 1046 literarum
959 975 1609 1070 presentationem3
1680 984 1751 1049 et
1826 998 2080 1049 eorum
2150 975 2449 1064 familia,
2514 976 2947 1049 consistorio

261 1096 516 1183 finito,
581 1096 674 1169 ad
727 1097 934 1194 pedis
994 1099 1323 1173 osculum
1381 1123 1509 1197 per
1563 1122 1827 1198 papam
1886 1108 2205 1197 recepta,
2270 1104 2481 1197 prout
2534 1124 2665 1197 per
2720 1122 2946 1174 novos

259 1228 608 1295 oratores
645 1222 740 1295 ad
778 1223 1055 1297 curiam
1099 1247 1230 1321 pro
1275 1224 1692 1299 obedientia
1733 1227 2125 1323 prestanda
2171 1226 2539 1299 venientes
2582 1230 2655 1299 et
2693 1248 2947 1299 eorum

260 1346 590 1419 familias
627 1346 704 1418 in
743 1348 960 1421 simili
993 1354 1158 1421 actu
1203 1348 1362 1422 fieri
1403 1350 1800 1425 consuevit.
1850 1351 2227 1447 Proposite
2260 1350 2553 1425 fuerunt
2587 1350 2723 1425 due
2756 1374 2949 1425 com-

269 1474 702 1563 missioneS,
745 1476 984 1572 prima
1021 1498 1152 1571 per
1191 1478 1278 1547 D.
1326 1476 1790 1549 Octavianum
1832 1478 2304 1567 Suessanum,
2350 1475 2668 1550 secunda
2696 1499 2829 1572 per
2858 1480 2943 1550 D.

271 1600 654 1673 Justinum
686 1600 1178 1691 Valentinum,
1213 1602 1639 1677 advocatum
1669 1602 1855 1676 fisci.

385 1725 562 1798 Heri
621 1747 790 1799 sero
849 1724 1376 1799 illustrissimus
1435 1732 1516 1801 D.
1588 1710 2003 1802 Federicus'
2038 1730 2125 1803 de
2184 1732 2546 1825 Aragona,
2614 1727 2949 1824 princeps

267 1849 690 1939 Altamure‚
727 1853 926 1926 venit
961 1852 1054 1927 ad
1081 1852 1456 1949 palatium,
1499 1860 1574 1928 et
1602 1853 2042 1927 audientiam
2076 1860 2432 1927 secretam
2460 1852 2714 1927 habuit
2745 1876 2789 1927 a
2818 1854 2947 1925 SS.

269 1978 368 2047 D.
409 1984 686 2051 nostro.
2768 2000 2771 2005 ·

378 2102 766 2177 Dominica
808 2104 1022 2177 tertia
1068 2103 1444 2194 adventus,
1501 2108 1586 2176 16
1646 2102 2085 2193 decembris,
2132 2108 2383 2177 Rmus.
2441 2106 2529 2176 D.
2566 2101 2951 2175 cardinalis

275 2227 701 2309 Parmensis
747 2228 1136 2303 celebravit
1175 2228 1474 2301 missam
1519 2227 1926 2301 solemnem
1973 2228 2047 2301 in
2094 2227 2373 2325 capella
2415 2227 2721 2324 majore,
2770 2250 2953 2324 papa

277 2359 660 2449 presente,
707 2352 1078 2427 consuetis
1119 2352 1581 2427 ceremoniis.
1629 2333 2271 2427 Sermonem‘l'ecit
2307 2358 2737 2450 procurator
2766 2352 2955 2427 ordi-

285 2476 408 2550 nis
437 2477 967 2555 heremitarum
999 2479 1226 2553 sancti
1255 2480 1666 2576 Augustini.

387 2604 832 2701 Interrogavi
886 2608 1050 2678 ante
1099 2604 1398 2677 missam
1452 2606 1578 2678 SS.
1643 2608 1763 2693 D.‚
1818 2626 1913 2678 an
1963 2603 2321 2678 Sanctitas
2371 2626 2503 2677 sua
2548 2600 2957 2677 intenderet

287 2728 666 2803 matutinis
713 2728 956 2803 noctis
1005 2728 1264 2801 natalis
1313 2728 1600 2801 Domini
1647 2729 2242 2818 interesse‚·Deo
2274 2729 2585 2818 volente,
2640 2727 2757 2824 qui
2811 2748 2956 2800 res:-

285 2854 544 2951 pondit
579 2852 776 2950 quod
819 2854 960 2943 sic;
1009 2876 1229 2950 quem
1266 2854 1595 2929 ordinem
1633 2856 1847 2929 vellet
1892 2856 1966 2929 in
2009 2854 2517 2929 decantatione
2559 2854 2956 2927 lectionum

285 2978 688 3065 observari,
737 3002 903 3053 cum
951 2984 1196 3053 essent
1240 2979 1519 3077 plures3
1571 2979 1971 3077 respondit,
2020 2978 2219 3075 quod
2262 2980 2320 3051 si
2366 2980 2521 3075 ipse
2563 2978 2955 3052 lectionem

277 3104 618 3178 dicturus
663 3112 882 3193 esset,
937 3106 1326 3181 convenire
1373 3106 1762 3194 videre-tur,
1814 3104 2010 3201 quod
2052 3106 2271 3180 etiam
2316 3100 2717 3177 cardinales
2765 3103 2957 3178 dice-

287 3234 486 3318 rent,
528 3252 742 3325 super
767 3252 913 3325 quo
945 3228 1162 3303 verba
1189 3230 1479 3305 mecum
1513 3254 1588 3305 se
1622 3231 1979 3304 facturum
2012 3230 2214 3303 dixit.

385 3352 600 3426 Feria
651 3354 1000 3446 secunda,
1072 3361 1153 3427 17
1215 3356 1654 3444 decembris„
1714 3356 1851 3429 fuit
1893 3354 2285 3453 publicum·
2322 3352 2831 3427 consistorium
2886 3351 2957 3425 in

289 3479 506 3553 tertia
533 3478 698 3552 aula
727 3479 976 3575 palatii
1009 3480 1428 3578 supradicti,
1481 3481 1554 3553 in
1591 3504 1732 3579 quo
1774 3486 2087 3575 quatuor
2114 3486 2445 3555 oratores
2476 3482 2953 3569 Venetorum,

285 3608 333 3675 6
371 3604 592 3700 hujus
633 3604 935 3701 recepti,
981 3604 1318 3679 videlicet
1357 3608 1444 3677 D.
1489 3606 1812 3679 Marinus
1854 3609 2168 3696 Leonus,
2224 3603 2711 3677 Christol'orus
2752 3602 2961 3675 Drio-

291 3728 458 3817 dus,
537 3734 972 3825 procurator
1043 3730 1274 3803 sancti
1346 3730 1597 3819 Marci,
1677 3730 1945 3806 Paulus
2015 3728 2291 3803 Barbus
2356 3736 2431 3803 et
2495 3727 2961 3802 Sebastianus

287 3852 690 3925 Baduarius
761 3854 1001 3945 mileS,
1076 3854 1373 3929 nomine
1447 3854 1914 3929 illustrissimi
1979 3858 2064 3927 D.
2137 3853 2522 3951 Augustini
2583 3850 2961 3927 Barbadici

294 3975 526 4069 ducis,
577 3978 999 4074 generalem
1049 3978 1536 4053 obedientiam
1581 3979 2106 4077 prestiterunt:
2150 3979 2365 4053 litera
2403 4001 2616 4074 quam
2662 3997 2961 4073 presen-

289 4108 648 4191 taverunt,
717 4102 1028 4199 simplex
1075 4111 1149 4178 et
1207 4104 1664 4179 credentialis
1711 4106 1784 4179 in
1834 4124 2211 4202 personas·
2242 4104 2603 4177 dictorum
2660 4104 2966 4195 quatuor

299 4234 698 4317 oratorum,
761 4228 1032 4302 nullam
1090 4228 1182 4303 de
1241 4228 1652 4304 obedientia
1709 4230 2100 4328 prestanda
2154 4228 2606 4302 mentionem
2662 4226 2960 4300 faciens.

293 4352 654 4427 Associati
705 4352 996 4427 fuerunt
1037 4334 1140 4428 de
1172 4378 1389 4452 parva
1433 4355 1706 4453 capella
1745 4378 1877 4452 per
1918 4354 2248 4452 quinque·
2279 4352 2725 4439 assistente3‚
2768 4349 2965 4424 vide-

291 4478 466 4553 licet
523 4477 1166 4576 archiepiscopum
1224 4480 1723 4569 Cusentinum,
1785 4480 2383 4568 Tricaricensem,
2446 4477 2959 4563 Dolenensem‚

297 4603 910 4679 vulteranensem
941 4609 1015 4678 et
1043 4604 1610 4678 Alexandrinum
1644 4604 2051 4703 episcopos
2091 4602 2403 4700 Proponi
2434 4601 2795 4675 debebant
2824 4598 2965 4672 due

295 4729 888 4818 commissiones,
943 4751 1252 4826 quarum
1293 4730 1596 4827 primam
1637 4731 2010 4828 proposuit
2052 4735 2139 4804 D.
2190 4726 2549 4801 Balconus
2589 4724 2678 4798 de
2718 4723 2969 4798 Baleo-

297 4854 538 4942 nibus,
617 4855 738 4951 qui
799 4862 1080 4930 tantum
1143 4863 1428 4953 tempus
1494 4855 1957 4953 dispensavit,
2020 4852 2217 4951 quod
2282 4850 2573 4925 interim
2641 4856 2966 4923 oratores

301 4979 608 5075 predicti
661 5005 706 5053 a
755 4980 1102 5077 pontifice
1154 4980 1424 5078 recepti
1483 4980 1794 5055 fuerunt.
1859 4984 1962 5052 Ex
2020 5003 2192 5077 quo,
2256 4977 2413 5075 ejus
2469 4975 2964 5073 propositione

305 5103 534 5195 finita,
583 5105 927 5181 commisi
970 5105 1042 5179 id
1082 5110 1168 5179 D.
1222 5106 1500 5203 Ange-lo
1542 5105 1632 5179 de
1682 5106 1908 5195 Cesis,
1958 5105 2078 5202 qui
2122 5102 2517 5179 secundam
2560 5122 2966 5196 proponere

311 5228 640 5323 debebat,
685 5228 894 5329 quod
943 5253 1106 5305 eam
1157 5253 1288 5328 pro
1342 5230 1482 5305 alia
1537 5230 1652 5305 die
1712 5236 2197 5319 conservaret,
2251 5230 2467 5325 prout
2516 5224 2785 5297 factum
2828 5227 2963 5297 est.
