3625 6059
595 569 694 624 162
1497 571 1843 628 JOHANNIS
1890 571 2333 642 BURCHARDI,
2956 571 3093 634 [Mai
3134 571 3301 631 1494]

594 727 935 824 episcopo
966 711 1341 826 Tropiensi
1368 728 1740 825 capellano
1763 729 2041 825 majore
2070 734 2141 802 et
2167 727 2351 815 aliis,
2388 725 2511 822 qui
2546 725 3021 801 ordinationis
3052 749 3303 801 coro-

594 851 903 926 nationis
934 874 1185 926 curam
1215 852 1732 945 habebant,-de
1766 853 2209 952 paramentis
2253 851 2473 948 regiis
2513 851 2841 950 superius
2874 851 3294 931 ordinatis.

593 980 758 1076 quia
791 979 1058 1055 nullam
1103 979 1649 1054 instructionem
1690 979 2055 1054 habebant
2088 1002 2322 1075 neque
2354 977 2673 1066 habent3
2707 985 2777 1051 et
2808 1000 2945 1075 ego
2982 1001 3301 1076 cogno-

589 1129 833 1179 veram
867 1105 1096 1203 ipsum
1131 1107 1552 1205 episcopum
1585 1115 1659 1182 et
1693 1107 1870 1180 alios
1904 1129 2050 1179 non
2083 1105 2354 1179 habere
2387 1103 2718 1179 ordinem
2752 1127 3031 1192 verum,
3068 1103 3299 1199 quod

593 1254 718 1303 rex
748 1230 1084 1304 omnibus
1109 1232 1282 1329 ipsis
1315 1233 1758 1306 ornamentis
1788 1231 2024 1329 parari
2052 1230 2377 1318 deberet,
2405 1231 2575 1325 quia
2602 1229 2837 1302 dictus
2866 1229 3295 1325 episcopus

587 1379 719 1452 per
748 1354 1093 1430 ecclesias
1125 1356 1585 1453 perquirebat
1616 1356 1732 1429 ubi
1767 1378 1979 1453 reges
2012 1355 2269 1453 sculpti
2303 1362 2375 1428 et
2406 1353 2670 1451 depicti
2704 1361 2938 1444 erant,
2976 1359 3055 1428 et
3088 1353 3287 1426 inde

589 1480 923 1570 sumebat
966 1480 1054 1555 de
1099 1480 1538 1577 paramentis
1584 1481 2038 1578 exemplum3
2077 1479 2205 1552 sed
2242 1477 2442 1551 nulla
2476 1455 2605 1552 eos
2654 1476 2928 1552 ratione
2958 1477 3289 1552 vincere

587 1606 812 1703 potui,
863 1615 943 1679 ut
995 1605 1117 1679 illa
1170 1608 1262 1680 ad
1307 1606 1901 1681 convenientiora
1954 1609 2343 1680 mutarent.
2394 1602 2702 1676 Aiebant
2752 1601 2944 1675 enim
2998 1623 3287 1698 regem

590 1731 1122 1806 Ferdinandum
1163 1731 1579 1807 defunctum
1614 1731 1967 1806 similibus
1999 1730 2447 1804 ornamentis
2489 1727 2561 1800 in
2615 1750 2744 1801 sua
2782 1726 3286 1800 coronatione

585 1855 806 1929 fuisse
867 1880 1076 1929 usum
1149 1864 1222 1929 et
1285 1881 1418 1954 per
1475 1856 1839 1954 quoddam
1882 1862 2311 1930 ’extractum
2381 1853 2644 1927 nullius
2713 1853 3289 1952 approbationis

587 1981 1094 2068 ostendebant,
1130 1981 1320 2077 quod
1352 1981 1424 2054 in
1456 1981 1873 2079 hujusmodi
1906 1979 2352 2055 ornamentis
2388 2002 2599 2076 reges
2633 1979 2993 2076 Aragonie
3030 1979 3290 2052 debe-

587 2112 746 2180 rent
780 2107 1140 2180 coronari.
1179 2107 1517 2180 Nonnulli
1565 2108 1784 2181 etiam
1831 2115 2299 2181 asseruerunt
2349 2104 2542 2201 quod
2591 2102 2784 2178 idem
2830 2127 2955 2178 rex
3000 2105 3285 2178 Ferdi—

587 2231 866 2306 nandus
895 2233 968 2306 in
1001 2255 1131 2307 sua
1167 2233 1638 2306 coronatione
1671 2256 1803 2329 per
1833 2232 2021 2307 hone
2060 2230 2410 2306 memorie
2445 2231 2775 2304 Latinum
2808 2229 3282 2304 cardinalem

587 2357 676 2431 de
717 2357 992 2430 Ursinis
1035 2356 1168 2429 sibi
1214 2358 1428 2448 facta,
1466 2358 1920 2453 evangelium
1960 2357 2181 2430 misse
2225 2355 2511 2453 publice
2556 2355 3026 2443 decantasse;
3062 2357 3283 2450 quod

588 2483 646 2556 si
677 2481 949 2556 factum
986 2482 1142 2572 suit,
1182 2482 1449 2556 factum
1483 2483 1615 2557 suit
1643 2480 2428 2557 inconvenientissime.

686 2610 956 2704 Legato
1007 2612 1171 2703 post
1219 2608 1518 2681 missam
1568 2609 1660 2683 ad
1709 2631 2074 2683 cameram
2125 2630 2327 2680 suam
2381 2629 2668 2681 reverso
2724 2603 2889 2680 dedi
2933 2604 3096 2679 illas
3152 2629 3277 2679 xu

585 2731 814 2829 petias
851 2731 1002 2804 auri
1039 2754 1171 2827 per
1208 2755 1457 2829 regem
1507 2732 1642 2807 sibi
1693 2733 1764 2806 in
1809 2734 2034 2806 missa
2072 2733 2375 2824 oblatas,
2411 2733 2500 2807 de
2552 2733 2813 2831 quibus
2850 2733 3030 2806 mihi
3072 2733 3277 2806 duas

589 2853 903 2946 donavit,
931 2855 1235 2932 diacono
1264 2880 1482 2931 unam
1515 2864 1585 2930 et
1615 2857 2045 2954 quibusdam
2076 2858 2233 2931 aliis
2266 2859 2475 2956 quiin
2503 2858 2799 2932 missam
2833 2858 2967 2932 sibi
3000 2859 3277 2934 minis-

587 2983 863 3054 trarunt
894 2981 1113 3054 etiam
1145 2982 1420 3079 aliquas
1451 2983 1766 3072 donavit,
1803 2988 1874 3056 et
1906 2982 2376 3075 subdiaconO,
2424 3007 2669 3057 unam.

683 3106 1008 3181 Intellexi
1039 3115 1285 3182 autem
1326 3131 1368 3180 a
1405 3106 1772 3182 nonnullis
1811 3110 2008 3203 quod
2052 3109 2531 3196 offertorium,
2566 3114 2891 3205 tempore
2938 3131 3271 3184 corona-

579 3230 796 3304 tionis
825 3231 1083 3328 presati
1118 3233 1555 3307 Ferdinandi
1587 3231 1808 3330 regiS,
1840 3237 1974 3309 suit
2005 3236 2078 3308 in
2114 3242 2261 3308 tres
2300 3241 2543 3331 partes
2574 3234 2903 3324 divisum,
2934 3258 3262 3331 quarum

581 3379 797 3428 unam
842 3361 1123 3452 partem
1170 3357 1444 3454 recepit
1486 3361 2068 3433 ceremoniarum
2114 3359 2482 3456 magister,
2517 3358 2731 3432 aliam
2776 3359 3123 3434 diaconus
3176 3371 3257 3435 et

583 3479 1092 3572 subdiaconuS,
1141 3487 1212 3554 et
1261 3482 1548 3556 tertiam
1593 3484 1709 3557 alii
1753 3485 2101 3583 capellani
2146 3485 2568 3557 assistentes
2616 3484 2803 3558 inter
2846 3509 2923 3558 se
2977 3485 3259 3562 divise-

584 3610 773 3679 runt.
808 3604 1046 3678 Bacile
1081 3604 1154 3678 in
1185 3629 1327 3700 quo
1359 3628 1630 3681 corona
1661 3608 1849 3704 regis
1891 3607 2301 3705 posita‘fuit
2345 3632 2564 3704 super
2606 3607 2811 3681 altari
2856 3617 3115 3681 ornato
3150 3634 3251 3683 ex

585 3753 672 3801 ea
701 3753 993 3822 corona,
1032 3737 1108 3803 ut
1153 3731 1302 3828 regi
1337 3731 1820 3829 imponerent,
1850 3739 2286 3831 receperunt
2324 3733 2676 3830 capellani
2718 3732 2937 3830 legati
2964 3738 3037 3808 et
3069 3733 3261 3808 illud

581 3855 820 3953 legato
851 3866 1106 3955 postea
1132 3866 1639 3957 presentarunt
1666 3887 1681 3953 ;
1718 3862 1915 3958 quod
1946 3868 2015 3936 et
2046 3862 2328 3958 legatus
2356 3859 2674 3935 retinuit.

677 3983 1079 4057 Voluerunt
1148 3985 1288 4059 hoc
1355 4009 1568 4062 mane
1637 3987 2018 4062 servitores
2086 3987 2278 4084 regis
2350 3986 2681 4083 posuisse
2748 4008 2967 4081 super
3034 3985 3249 4060 altari

581 4106 860 4203 galeam
901 4115 972 4182 et
1013 4117 1295 4184 scutum
1336 4112 1573 4209 regis;
1611 4114 1806 4209 quod
1846 4136 1980 4210 ego
2016 4135 2348 4184 asserens
2387 4133 2534 4184 non
2574 4107 2986 4195 convenire,
3024 4117 3252 4203 prout

580 4253 726 4304 non
753 4235 1251 4322 conveniebat,
1287 4235 1444 4309 fieri
1476 4260 1621 4312 non
1647 4237 1989 4332 permisi3
2020 4245 2404 4334 propterea
2424 4234 2547 4309 illa
2575 4234 2646 4307 in
2688 4232 3010 4307 sacristia
3046 4233 3253 4329 regis

581 4356 1059 4436 retinuerunt.

680 4484 980 4560 Peracto
1028 4486 1247 4561 hodie
1295 4486 1514 4562 misse
1555 4489 1825 4579 officie,
1878 4494 1963 4563 D.
2011 4487 2416 4587 Stephanus
2464 4487 2553 4561 de
2599 4482 2864 4560 Narnia
2910 4483 3243 4560 notarius·

585 4630 869 4685 camere
931 4612 1356 4709 apostolice,
1419 4614 1592 4689 item
1653 4593 2024 4711 requisivit
2078 4637 2331 4688 omncs
2394 4612 2664 4685 ibidem
2732 4617 3107 4709 presentes
3168 4612 3243 4684 in

582 4735 806 4808 testes
850 4736 940 4808 de
980 4737 1427 4830 investitura,
1461 4740 1879 4814 inductione
1930 4741 2001 4813 in
2044 4739 2608 4838 possessionem,
2654 4735 3127 4812 coronatione
3170 4745 3247 4812 et

581 4856 918 4930 omnihus
959 4861 1115 4934 aliis
1145 4888 1276 4960 per
1321 4871 1551 4939 totum
1594 4865 1917 4939 osticium
1956 4865 2290 4964 peractis,
2325 4864 2584 4937 Omnia
2625 4863 2765 4936 alia
2798 4870 3005 4959 gesta
3040 4873 3245 4953 sunt,

576 4991 792 5079 prout
833 4986 1167 5082 superius
1198 4986 1266 5060 in
1311 4990 1545 5063 rotulo
1590 4995 1660 5064 et
1698 4991 2151 5066 ordinatione
2196 4989 2685 5066 coronationis
2722 4989 3013 5064 fuerunt
3044 4987 3248 5062 ordi-

579 5113 771 5182 nata.
2150 5119 2159 5126 ’

679 5234 886 5310 Feria
907 5246 1131 5327 sexta,
1155 5245 1198 5312 9
1217 5237 1385 5314 dicti
1409 5243 1678 5316 mensis
1702 5242 1901 5336 maii,
1928 5249 2091 5320 aute
2116 5241 2495 5321 meridiem
2512 5239 2622 5320 vel
2643 5238 2864 5332 circa,
2890 5237 2960 5316 in
2985 5243 3245 5318 Castro
