3625 6059
181 545 388 608 [Janvier
413 545 554 605 1497]
809 541 1066 600 RERUM
1112 542 1570 601 URBANARUM
1617 542 2141 604 COMMENTARH.
2712 551 2812 607 351

262 700 612 774 lohannes
641 697 732 771 de
763 696 1027 787 MacIO,
1061 698 1327 771 artium
1358 700 1733 797 magister,
1771 723 1976 775 sacre
2007 701 2377 799 theologie
2417 702 2810 799 professor,

181 824 540 899 canonicus
575 823 994 912 LeodensiS,
1030 847 1161 921 pro
1191 824 1486 898 natione
1516 824 1937 900 Alemanica
1966 826 2316 900 inferiori.

262 948 668 1023 Franciscus
690 947 1086 1041 Bertholai,
1115 948 1571 1023 decretorum
1595 950 1876 1041 doctor,
1902 951 2222 1026 decanus
2244 944 2714 1045 TuronensiS,
2742 963 2814 1030 et

262 1078 492 1149 Frater
517 1073 854 1149 Claudius
882 1073 1263 1164 Cathelini,
1297 1099 1498 1149 sacre
1528 1076 1893 1173 theologie
1920 1078 2315 1175 professor,
2347 1079 2621 1154 ordinis
2645 1104 2813 1176 pre-

183 1198 568 1287 dicatorum,
604 1221 738 1295 pro
767 1199 1063 1271 natione
1097 1197 1396 1271 Gallica.

257 1322 668 1396 Franciscus
697 1323 786 1398 de
817 1308 1110 1413 Nurcia,
1157 1347 1357 1397 sacre
1397 1274 1764 1421 theologie
1794 1326 2167 1423 professor
2211 1335 2281 1401 et
2322 1329 2577 1403 doctor
2622 1330 2813 1417 sedis

182 1445 558 1542 apostolice,
603 1452 678 1521 et

259 1573 486 1645 Frater
519 1572 920 1647 ‘Johannes
974 1573 1063 1648 de
1116 1573 1472 1664 Malcone,
1532 1572 1802 1646 ordinis
1875 1575 2264 1667 minorum,
2322 1602 2452 1674 pro
2520 1582 2813 1655 natione

183 1694 550 1792 Hispanica.

261 1821 660 1897 Ricciardus
713 1827 974 1922 Trapp,
1035 1826 1299 1899 artium
1355 1834 1429 1899 et
1481 1827 1941 1901 decretorum
1996 1827 2274 1917 doctor,
2333 1851 2463 1926 pro
2518 1829 2813 1903 natione

184 1946 562 2043 Anglicana.

257 2078 484 2149 Frater
512 2076 782 2150 Paulus
814 2076 904 2151 de
938 2081 1180 2167 Curte,
1225 2101 1430 2152 sacre
1475 2077 1838 2174 theologie
1880 2078 2271 2175 professor,
2321 2076 2595 2150 ordinis
2644 2102 2815 2176 pre-

183 2196 572 2292 dicatorum,
611 2209 682 2275 et

261 2328 486 2401 Frater
537 2328 916 2402 Johannes
965 2330 1053 2402 de
1108 2332 1346 2417 Prato,
1407 2328 1680 2401 ordinis
1735 2328 2126 2419 minorum,
2185 2352 2391 2404 sacre
2445 2329 2814 2426 theologie

187 2454 532 2547 professor,
576 2478 711 2552 pro
741 2455 1034 2529 natione
1063 2455 1333 2529 Italica.

263 2578 582 2653 Nicolaus
635 2579 725 2653 de
777 2580 1072 2671 Lotarii,
1125 2580 1386 2653 artium
1437 2579 1810 2675 utriusque
1854 2578 2037 2677 juris
2082 2587 2154 2653 et
2202 2604 2404 2654 sacre
2447 2580 2812 2677 theologie

190 2701 420 2795 doctor,
463 2705 790 2779 decanus
823 2704 1294 2794 GnesnensiS,
1341 2704 1705 2778 Placensis
1739 2710 1810 2777 et
1858 2728 1917 2777 s.
1964 2704 2277 2778 Floriani
2309 2729 2395 2778 ac
2426 2731 2485 2778 s.
2525 2706 2812 2803 Georgii

189 2830 568 2919 canonicuS,
618 2830 938 2905 decanus
979 2829 1264 2927 collegii
1305 2829 1871 2927 penitentiorum
1910 2829 2425 2925 predictorum,
2470 2830 2812 2927 collegia-

190 2955 274 3023 tus
301 2954 493 3028 studii
533 2954 1058 3046 CracovienSiS,
1095 2977 1227 3052 pro
1260 2954 1551 3028 natione
1583 2952 1945 3061 Polonica.

264 3081 486 3154 Frater
515 3080 862 3170 Michael,
898 3080 1360 3181 decretorum
1393 3078 1672 3168 doctor,
1719 3078 1995 3151 ordinis
2028 3104 2086 3151 s.
2128 3078 2327 3152 Pauli
2358 3078 2567 3176 primi
2598 3078 2815 3152 here-

192 3201 349 3293 mite,
380 3228 502 3301 pro
537 3204 836 3278 natione
869 3204 1228 3301 Ungarica
1258 3204 1388 3295 (1).

267 3330 647 3419 Dominica,
682 3330 948 3405 festum
975 3329 1547 3405 circumcisionis
1577 3332 1661 3401 D.
1698 3333 1782 3403 N.
1811 3332 1981 3404 Jesu
2004 3329 2297 3420 Christi,
2340 3335 2369 3401 1
2399 3328 2672 3402 mensis
2696 3330 2809 3426 ja-

193 3453 402 3543 nuarii,
447 3460 706 3529 Rmus,
752 3460 840 3528 D.
892 3456 1272 3530 cardinalis
1319 3455 1728 3527 Parmensis
1775 3454 2161 3529 celebravit
2202 3455 2502 3528 missam
2543 3454 2810 3529 solem-

195 3578 422 3651 nemin
461 3579 743 3677 capella
785 3582 1089 3677 majore,
1143 3584 1332 3677 Pape
1375 3587 1714 3678 presente
1761 3604 1776 3651 :
1826 3602 2235 3653 sermonem
2283 3580 2601 3653 facturus
2656 3587 2809 3654 erat

193 3710 570 3793 procurator
634 3704 904 3777 ordinis
964 3702 1538 3793 carmelitarum,
1604 3726 1820 3798 quem
1876 3723 2023 3774 non
2083 3701 2255 3776 fecit
2320 3701 2410 3776 de
2469 3702 2808 3775 mandato

199 3824 347 3922 Pape
374 3830 768 3922 celebrare,
805 3836 876 3904 et
909 3828 1064 3903 aliis
1094 3828 1574 3903 cardinalibus
1606 3828 1704 3902 ita
1733 3826 1891 3901 fieri
1923 3827 2513 3925 supplicantibus,
2551 3831 2678 3902 SS.
2721 3830 2806 3899 D.

198 3956 422 4046 noster,
463 3961 856 4052 antequam
897 3956 1124 4030 exiret
1163 3977 1536 4051 eameram·
1568 3959 1954 4043 secretam,
2002 3952 2271 4026 vocavit
2309 3953 2400 4024 ad
2440 3975 2519 4025 se
2558 3974 2813 4026 omnes

201 4074 456 4153 numos.
501 4084 656 4155 DD.
707 4080 1138 4172 cardinaleS,
1184 4081 1272 4156 de
1303 4102 1613 4176 quorum
1656 4077 1957 4151 consilio
2000 4076 2317 4151 decrevit
2354 4075 2644 4150 mittere
2686 4097 2816 4147 en-

203 4220 320 4273 sem
345 4202 819 4280 illustrissimo
851 4205 1212 4303 Philippo,
1250 4204 1620 4278 archiduci
1656 4202 1973 4291 Austrie‚
2010 4201 2175 4275 duci
2210 4201 2664 4299 Burgundie.

274 4326 419 4401 Heri
453 4352 644 4421 sem,
691 4330 984 4405 fuerunt
1025 4354 1323 4429 vespere
1364 4330 1686 4428 papaleS,
1734 4331 1931 4424 Papa
1967 4333 2307 4424 presente
2350 4327 2424 4398 in
2466 4326 2658 4400 dicta
2696 4350 2816 4401 ca⁴

206 4448 376 4543 pella,
414 4456 672 4553 quibus
712 4458 931 4532 etiam
968 4456 1291 4532 interfuit
1334 4462 1418 4529 R.
1471 4460 1549 4529 P.
1603 4461 1688 4531 D.
1742 4454 2221 4544 Caracciolus,
2270 4452 2808 4550 NeapolitanuS,

207 4571 302 4645 SS.
339 4580 417 4654 D.
459 4584 542 4655 N.
577 4606 764 4681 pape
805 4590 876 4656 et
905 4583 1102 4679 prius
1134 4582 1323 4655 Rmi.
1362 4586 1449 4654 D.
1499 4582 1883 4657 cardinalis
1912 4578 2199 4654 Ascanii
2231 4577 2664 4651 secretarius
2695 4578 2813 4673 qui

210 4692 272 4767 iis
305 4702 535 4781 diebus
571 4732 798 4783 unum
834 4732 924 4783 ex
962 4708 1172 4783 dictis
1219 4706 1803 4782 secretariatibus
1846 4704 2175 4803 ejusdem
2214 4704 2340 4776 SS.
2378 4707 2465 4775 D.
2508 4704 2595 4775 N.
2632 4725 2818 4801 pape

211 4840 308 4911 per
343 4823 600 4907 obitum
649 4835 1018 4931 quondam
1069 4833 1445 4923 iohannis,
1501 4830 1822 4930 episcopi
1870 4827 2391 4919 Cortoniensis,
2441 4834 2819 4901 vacantem

210 4952 292 5019 est
323 4965 700 5050 assecutus,
741 4964 814 5034 et
854 4958 1073 5034 hodie
1098 4959 1425 5032 habitum
1455 4955 2071 5055 protonotariatus
2096 4952 2220 5051 qui
2249 4953 2469 5027 etiam
2502 4961 2818 5027 secreta-

265 5220 306 5280 1·
340 5225 408 5285 Le
432 5249 552 5293 mss.
587 5236 692 5295 150
722 5236 814 5311 (de
838 5234 1140 5309 Florence),
1171 5253 1480 5295 commence
1511 5234 1578 5292 ici
1613 5252 1625 5291 :
1657 5240 1780 5293 tout
1806 5252 1867 5292 ce
1890 5231 1983 5309 qui
2012 5231 2240 5307 precede
2273 5246 2529 5306 manque.
