3625 6059
260 522 405 587 [Anat
428 523 568 585 1496]
922 524 1175 583 RERUM
1225 524 1677 584 URBANARUM
1725 526 2248 585 COMMENTARII.
2795 534 2897 589 321

256 674 353 747 vel
379 673 643 747 similes
672 675 905 771 gratie
928 699 1059 772 pro
1086 677 1411 773 pluribus
1435 679 1767 774 personis
1790 680 1978 755 ultra
1992 680 2267 755 dictum
2287 704 2646 778 grossum,
2677 682 2900 759 habe-

253 799 343 873 bit
370 796 542 873 duos
566 798 1030 896 bologninOS.

334 928 409 997 In
444 925 757 1021 registro
803 947 971 1000 vero
1018 925 1413 1016 literarum,
1463 930 1844 1004 carolenos
1886 937 2033 1006 tres
2103 942 2260 1033 (pro
2310 933 2630 1029 qualibet
2673 937 2888 1010 litera

252 1047 701 1145 registranda)
746 1049 869 1144 qui
908 1048 1316 1125 dividentur
1348 1053 1554 1149 equis
1594 1055 2046 1151 portionibus
2084 1056 2156 1128 in
2197 1056 2341 1132 fine
2385 1060 2656 1133 mensis
2700 1061 2890 1136 inter

248 1172 607 1269 magistros
637 1173 1000 1249 dictorum
1030 1177 1437 1254 officiorum
1469 1184 1541 1252 et
1573 1180 2074 1276 registratores
2109 1183 2577 1279 registrorum
2619 1186 2884 1282 suppli-

245 1300 591 1373 cationum
621 1307 697 1374 et
724 1301 1097 1376 literarum
1127 1303 1553 1400 respective.

322 1424 883 1502 Abbreviatores
937 1429 1308 1504 habebunt
1373 1453 1591 1503 uuam
1651 1436 1888 1503 taxam
1933 1429 2306 1504 literarum
2359 1433 2874 1528 predictarum,

244 1557 305 1623 et
326 1550 679 1641 similiter,
716 1552 1105 1649 scriptores
1152 1561 1228 1629 et
1263 1554 1793 1629 abbreviatores
1840 1555 1929 1629 de
1973 1555 2232 1652 majori
2262 1579 2479 1653 parco
2526 1559 2881 1656 recipient

246 1676 509 1749 tertiam
562 1683 847 1772 partem
904 1684 1069 1753 taxe
1118 1679 1736 1769 abbreviatorum3
1782 1678 1899 1753 alii
1960 1679 2051 1753 de
2091 1680 2354 1754 minori
2399 1689 2471 1755 et
2508 1682 2742 1779 prima
2775 1667 2880 1757 vi'-
2983 1768 2991 1775 ,

247 1801 463 1893 sione,
504 1802 687 1877 alias
725 1802 905 1878 duas
941 1812 1185 1902 partes
1225 1804 1417 1879 inter
1459 1803 1757 1878 eosdem
1802 1804 1892 1879 de
1923 1804 2185 1879 minori
2222 1813 2294 1880 et
2340 1807 2574 1903 prima
2608 1808 2876 1882 visione

241 1929 425 2023 equis
458 1930 915 2026 portionibus
947 1931 1389 2005 dividendas

320 2053 665 2129 Similiter
694 2055 1085 2150 scriptores
1116 2057 1518 2154 percipient
1549 2081 1754 2131 suam
1794 2061 2034 2131 taxam
2079 2057 2478 2154 predictam
2521 2058 2711 2132 inter
2749 2080 2872 2132 eos

238 2179 422 2273 equis
474 2180 927 2277 portionibus
980 2179 1469 2271 dividendam
1506 2188 1580 2256 et
1618 2182 1738 2277 qui
1786 2204 1933 2255 non
1979 2181 2254 2272 scribit,
2298 2181 2493 2256 dabit
2541 2184 2866 2279 quintam

237 2307 497 2397 partem
530 2310 693 2379 taxe
720 2304 927 2378 alteri
954 2303 1286 2402 scriptori
1316 2327 1447 2400 pro
1480 2328 1567 2379 eo
1600 2305 1973 2379 scribenti.

320 2432 399 2501 D.
428 2435 679 2504 autem
711 2429 1331 2504 rescribendarius
1361 2429 1656 2504 habebit
1687 2429 1957 2527 aliquid
1984 2429 2144 2526 plus
2177 2428 2364 2503 ultra
2395 2453 2611 2504 unam
2638 2435 2876 2505 taxam

240 2553 315 2627 ad
340 2556 569 2629 instar
598 2555 1141 2629 consuetudinis
1174 2554 1603 2628 cancellarie
1634 2554 2059 2651 apostolice.

317 2684 496 2754 ltem
528 2686 697 2754 taxa
724 2677 1009 2775 registri
1040 2678 1393 2751 dividetur
1418 2678 1491 2752 in
1524 2678 1701 2751 duas
1731 2684 2002 2775 parteS,
2029 2680 2236 2775 cujus
2269 2680 2508 2754 media
2536 2704 2702 2778 pars
2735 2682 2873 2755 erit

236 2829 343 2901 pro
370 2814 687 2902 quatuor
714 2803 1307 2878 rescribendariis
1354 2803 1723 2879 videlicet:
1778 2807 1930 2875 DI).
1969 2804 2483 2899 Fulginatensi‚
2531 2805 2854 2878 Assisina

246 2931 406 3004 tensi
446 2929 837 3029 episcopiS,
873 2929 1149 3003 datario
1182 2936 1253 3003 et
1282 2929 1589 3003 auditori
1621 2928 1709 3001 de
1737 2929 2044 3001 GrassiS.

312 3056 469 3131 Alia
504 3079 675 3131 vero
724 3056 968 3130 media
1013 3079 1181 3152 pars
1237 3055 1375 3128 erit
1432 3077 1563 3151 pro
1608 3051 1996 3125 duodecim
2039 3030 2348 3147 antiquis
2396 3051 2868 3127 familiaribus

236 3182 470 3275 prefati
516 3180 707 3255 Rmi.
753 3184 840 3254 D.
884 3179 1263 3255 cardinalis
1309 3178 1557 3275 legati,
1604 3176 1722 3274 qui
1772 3202 1920 3252 non
1965 3183 2355 3275 potuerunt
2397 3178 2756 3253 nominari
2799 3178 2872 3251 i'n

236 3306 557 3400 predictis
589 3306 878 3379 officiis.

314 3436 503 3506 Taxa
542 3440 787 3506 autem
828 3430 1040 3528 sigilli
1090 3429 1494 3504 remanebit
1544 3429 1734 3525 apud
1775 3430 2176 3525 predictum
2221 3432 2308 3502 D.
2347 3427 2873 3502 thesaurarium

238 3558 612 3633 Pacensem
643 3555 1143 3630 distribuenda
1179 3561 1391 3653 prout
1431 3554 1565 3628 sibi
1604 3553 1973 3629 mandabit
2003 3554 2324 3653 prefatus
2362 3556 2450 3626 D.
2487 3551 2870 3625 cardinalis

232 3680 487 3779 legatus
517 3706 653 3781 pro
684 3682 1193 3782 eleemosynis.

312 3812 443 3883 Pro
496 3832 667 3882 cera
706 3814 947 3883 autem
993 3808 1203 3905 sigilli
1249 3808 1531 3882 dabitur
1572 3807 1956 3883 carolenus
2003 3831 2184 3880 unus
2233 3806 2577 3879 duntaxat
2617 3804 2854 3877 distri-

238 3933 535 4009 buendus
566 3934 759 4008 inter
786 3933 1225 4008 camerarios
1256 3933 1588 4030 ejusdem
1624 3932 1809 4005 Rmi.
1842 3935 1928 4005 D.
1964 3930 2210 4027 legati.

311 4060 489 4134 Ordo
535 4060 933 4135 servandus
970 4059 1260 4158 quando
1306 4058 1813 4132 serenissimus
1855 4080 1982 4129 rex
2021 4059 2516 4127 Romanorum
2564 4052 2750 4126 venit
2790 4051 2856 4124 in

236 4186 477 4262 Italiam
510 4212 591 4261 se
623 4192 1099 4261 coronaturus
1127 4184 1201 4258 in
1232 4183 1638 4258 Mediolano
1670 4206 1939 4256 corona
1970 4180 2172 4277 regni
2201 4178 2429 4254 Italie.

318 4314 679 4387 Predictus
698 4334 837 4386 rex
868 4310 1013 4383 sive
1042 4309 1437 4406 imperator
1466 4331 1545 4380 se
1585 4307 1967 4381 transferat
1997 4303 2482 4379 Mediolanum
2513 4303 2606 4376 ad
2635 4303 2866 4378 eccle-

242 4436 394 4511 siam
414 4435 976 4514 beatiAmbrosii
990 4492 1007 4525 ‚
1027 4441 1229 4509 extra
1246 4434 1511 4508 dictam
1537 4434 1949 4522 ecclesiam,
1977 4432 2049 4504 in
2068 4432 2232 4505 loco
2251 4429 2372 4504 ubi
2394 4434 2503 4504 est
2524 4430 2866 4502 columna

242 4584 620 4639 marmorea
658 4567 925 4650 erecta,
966 4566 1039 4635 et
1076 4560 1173 4634 ibi
1218 4557 1437 4633 debet
1476 4580 1635 4631 esse
1682 4556 1869 4631 liber
1905 4555 2241 4647 missaliS‚
2287 4554 2410 4649 qui
2444 4553 2660 4627 debet
2699 4575 2859 4625 esse

246 4685 305 4757 in
332 4688 653 4763 manibus
686 4686 897 4760 unius
938 4708 1027 4761 ex
1064 4682 1450 4759 comitibus
1485 4680 1575 4755 de
1614 4680 1928 4778 Inglesio
1965 4687 2037 4753 et
2075 4676 2626 4773 antiquioribu3‚
2664 4684 2737 4749 et
2763 4675 2856 4748 ibi

244 4809 437 4888 dictus
464 4838 714 4891 comes
756 4813 1055 4910 recipiat
1100 4812 1637 4884 sacramentum
1677 4830 1895 4903 super
1925 4804 2296 4901 evangelio
2327 4802 2416 4877 ab
2448 4802 2605 4899 ipso
2635 4802 2868 4899 impe-

248 4944 451 5015 ratore
489 4942 785 5039 jurante
829 4937 920 5011 ad
968 4946 1218 5012 sancta
1265 4938 1397 5011 Dei
1442 4933 1813 5033 evangelia
1859 4938 1931 5007 et
1980 4932 2053 5005 in
2095 4929 2574 5029 prejudicium
2621 4926 2858 5001 anime

246 5084 381 5154 sue,
408 5066 593 5164 quod
624 5065 762 5141 erit
798 5064 1097 5139 devotus
1128 5069 1196 5139 et
1237 5062 1470 5137 fidelis
1509 5060 1970 5149 christianuS‚
2006 5065 2080 5130 et
2113 5080 2244 5155 pro
2275 5079 2490 5153 posse
2531 5076 2660 5127 suo
2696 5074 2866 5125 con-

247 5194 521 5267 servabit
566 5200 640 5269 et
685 5190 1180 5291 augmentabit
1227 5189 1448 5265 fidem
1494 5185 1924 5261 catholicam
1968 5188 2041 5257 et
2087 5190 2414 5257 sanctam
2460 5176 2862 5254 Ecclesiam

500 5354 549 5395 τ.
588 5356 646 5395 n.
2482 5324 2548 5379 21
