<?xml version="1.0" encoding="UTF-8"?>
<!DOCTYPE html PUBLIC "-//W3C//DTD XHTML 1.0 Transitional//EN"
    "http://www.w3.org/TR/xhtml1/DTD/xhtml1-transitional.dtd">
<html xmlns="http://www.w3.org/1999/xhtml" xml:lang="en" lang="en">
 <head>
  <title>
</title>
<meta http-equiv="Content-Type" content="text/html;charset=utf-8" />
  <meta name='ocr-system' content='tesseract 3.04.00' />
  <meta name='ocr-capabilities' content='ocr_page ocr_carea ocr_par ocr_line ocrx_word'/>
</head>
<body>
  <div class='ocr_page' id='page_1' title='image "./johannisburchar00unkngoog_0229.png"; bbox 0 0 3625 6059; ppageno 0'>
   <div class='ocr_carea' id='block_1_1' title="bbox 237 531 2863 603">
    <p class='ocr_par' dir='ltr' id='par_1_1' title="bbox 237 531 2863 603">
     <span class='ocr_line' id='line_1_1' title="bbox 237 531 2863 603; baseline -0.001 -12"><span class='ocrx_word' id='word_1_1' title='bbox 237 537 442 603; x_wconf 65' lang='lat' dir='ltr'><strong>[lani-ier</strong></span> <span class='ocrx_word' id='word_1_2' title='bbox 469 539 610 599; x_wconf 63' lang='lat'>1⁴93]</span> <span class='ocrx_word' id='word_1_3' title='bbox 873 534 1122 592; x_wconf 85' lang='lat' dir='ltr'>RERUM</span> <span class='ocrx_word' id='word_1_4' title='bbox 1171 531 1625 589; x_wconf 75' lang='lat' dir='ltr'><strong>URBANARUM</strong></span> <span class='ocrx_word' id='word_1_5' title='bbox 1675 531 2190 588; x_wconf 74' lang='lat' dir='ltr'>COMMENTARH.</span> <span class='ocrx_word' id='word_1_6' title='bbox 2752 535 2863 589; x_wconf 77' lang='lat'>&#39;217</span> 
     </span>
    </p>
   </div>
   <div class='ocr_carea' id='block_1_2' title="bbox 225 685 2857 3284">
    <p class='ocr_par' dir='ltr' id='par_1_2' title="bbox 227 685 2857 2912">
     <span class='ocr_line' id='line_1_2' title="bbox 240 685 2857 782; baseline -0.003 -16"><span class='ocrx_word' id='word_1_7' title='bbox 240 693 398 766; x_wconf 77' lang='lat' dir='ltr'><strong>Rmi.</strong></span> <span class='ocrx_word' id='word_1_8' title='bbox 451 694 532 764; x_wconf 88' lang='lat' dir='ltr'><strong>D.</strong></span> <span class='ocrx_word' id='word_1_9' title='bbox 587 689 974 766; x_wconf 86' lang='lat' dir='ltr'><strong>cardinalis</strong></span> <span class='ocrx_word' id='word_1_10' title='bbox 1027 689 1539 777; x_wconf 80' lang='lat' dir='ltr'><strong>Beneventani,</strong></span> <span class='ocrx_word' id='word_1_11' title='bbox 1591 688 1661 760; x_wconf 88' lang='lat' dir='ltr'><strong>in</strong></span> <span class='ocrx_word' id='word_1_12' title='bbox 1703 687 1904 760; x_wconf 58' lang='lat' dir='ltr'><strong>&#39;Urbe</strong></span> <span class='ocrx_word' id='word_1_13' title='bbox 1958 686 2339 760; x_wconf 81' lang='lat' dir='ltr'>associavit</span> <span class='ocrx_word' id='word_1_14' title='bbox 2382 707 2513 782; x_wconf 87' lang='lat' dir='ltr'><strong>per</strong></span> <span class='ocrx_word' id='word_1_15' title='bbox 2560 685 2857 781; x_wconf 87' lang='lat' dir='ltr'><strong>pontem</strong></span> 
     </span>
     <span class='ocr_line' id='line_1_3' title="bbox 235 811 2855 913; baseline -0.003 -22"><span class='ocrx_word' id='word_1_16' title='bbox 235 817 543 893; x_wconf 78' lang='lat' dir='ltr'><strong>Milvium.</strong></span> <span class='ocrx_word' id='word_1_17' title='bbox 577 817 930 892; x_wconf 82' lang='lat' dir='ltr'><strong>Venimus</strong></span> <span class='ocrx_word' id='word_1_18' title='bbox 961 839 1094 913; x_wconf 87' lang='lat' dir='ltr'><strong>per</strong></span> <span class='ocrx_word' id='word_1_19' title='bbox 1125 815 1310 888; x_wconf 82' lang='lat' dir='ltr'><strong>viam</strong></span> <span class='ocrx_word' id='word_1_20' title='bbox 1345 814 1498 888; x_wconf 89' lang='lat' dir='ltr'><strong>luto</strong></span> <span class='ocrx_word' id='word_1_21' title='bbox 1529 818 1602 886; x_wconf 89' lang='lat' dir='ltr'><strong>et</strong></span> <span class='ocrx_word' id='word_1_22' title='bbox 1632 811 1837 909; x_wconf 88' lang='lat' dir='ltr'><strong>aquis</strong></span> <span class='ocrx_word' id='word_1_23' title='bbox 1870 811 2581 908; x_wconf 82' lang='lat' dir='ltr'><strong>superabundantem</strong></span> <span class='ocrx_word' id='word_1_24' title='bbox 2611 811 2702 884; x_wconf 89' lang='lat' dir='ltr'><strong>ad</strong></span> <span class='ocrx_word' id='word_1_25' title='bbox 2727 835 2855 908; x_wconf 84' lang='lat' dir='ltr'><strong>pa-</strong></span> 
     </span>
     <span class='ocr_line' id='line_1_4' title="bbox 231 936 2857 1038; baseline -0.003 -21"><span class='ocrx_word' id='word_1_26' title='bbox 231 945 448 1017; x_wconf 80' lang='lat' dir='ltr'><strong>latium</strong></span> <span class='ocrx_word' id='word_1_27' title='bbox 475 941 909 1038; x_wconf 86' lang='lat' dir='ltr'><strong>predictum,</strong></span> <span class='ocrx_word' id='word_1_28' title='bbox 944 941 1137 1014; x_wconf 90' lang='lat' dir='ltr'><strong>circa</strong></span> <span class='ocrx_word' id='word_1_29' title='bbox 1167 940 1558 1014; x_wconf 89' lang='lat' dir='ltr'><strong>secundam</strong></span> <span class='ocrx_word' id='word_1_30' title='bbox 1586 939 1844 1012; x_wconf 86' lang='lat' dir='ltr'><strong>horam</strong></span> <span class='ocrx_word' id='word_1_31' title='bbox 1875 937 2136 1026; x_wconf 79' lang='lat' dir='ltr'><strong>noctiS,</strong></span> <span class='ocrx_word' id='word_1_32' title='bbox 2172 960 2305 1035; x_wconf 89' lang='lat' dir='ltr'><strong>per</strong></span> <span class='ocrx_word' id='word_1_33' title='bbox 2332 959 2587 1008; x_wconf 85' lang='lat' dir='ltr'><strong>omnes</strong></span> <span class='ocrx_word' id='word_1_34' title='bbox 2633 936 2777 1009; x_wconf 88' lang='lat' dir='ltr'><strong>vias</strong></span> <span class='ocrx_word' id='word_1_35' title='bbox 2813 959 2857 1010; x_wconf 88' lang='lat' dir='ltr'><strong>a</strong></span> 
     </span>
     <span class='ocr_line' id='line_1_5' title="bbox 235 1053 2852 1168; baseline -0.002 -26"><span class='ocrx_word' id='word_1_36' title='bbox 235 1068 465 1166; x_wconf 83' lang='lat' dir='ltr'><strong>palatio</strong></span> <span class='ocrx_word' id='word_1_37' title='bbox 511 1067 726 1142; x_wconf 87' lang='lat' dir='ltr'><strong>solite</strong></span> <span class='ocrx_word' id='word_1_38' title='bbox 779 1053 1167 1140; x_wconf 82' lang='lat' dir='ltr'><strong>residentie</strong></span> <span class='ocrx_word' id='word_1_39' title='bbox 1219 1069 1300 1139; x_wconf 88' lang='lat' dir='ltr'><strong>D.</strong></span> <span class='ocrx_word' id='word_1_40' title='bbox 1357 1065 1738 1138; x_wconf 88' lang='lat' dir='ltr'><strong>cardinalis</strong></span> <span class='ocrx_word' id='word_1_41' title='bbox 1795 1064 2568 1168; x_wconf 85' lang='lat' dir='ltr'><strong>Ulixbonensisprope</strong></span> <span class='ocrx_word' id='word_1_42' title='bbox 2614 1063 2852 1136; x_wconf 85' lang='lat' dir='ltr'><strong>eccle-</strong></span> 
     </span>
     <span class='ocr_line' id='line_1_6' title="bbox 232 1167 2853 1286; baseline -0.002 -20"><span class='ocrx_word' id='word_1_43' title='bbox 232 1197 382 1266; x_wconf 86' lang='lat' dir='ltr'><strong>siam</strong></span> <span class='ocrx_word' id='word_1_44' title='bbox 425 1218 480 1266; x_wconf 91' lang='lat' dir='ltr'><strong>s.</strong></span> <span class='ocrx_word' id='word_1_45' title='bbox 539 1193 908 1267; x_wconf 83' lang='lat' dir='ltr'><strong>Laurentii</strong></span> <span class='ocrx_word' id='word_1_46' title='bbox 950 1177 1344 1265; x_wconf 64' lang='lat' dir='ltr'><strong>in&#39;Lucina</strong></span> <span class='ocrx_word' id='word_1_47' title='bbox 1391 1192 1630 1282; x_wconf 89' lang='lat' dir='ltr'><strong>sitam,</strong></span> <span class='ocrx_word' id='word_1_48' title='bbox 1660 1213 1915 1286; x_wconf 88' lang='lat' dir='ltr'><strong>·usque</strong></span> <span class='ocrx_word' id='word_1_49' title='bbox 1964 1189 2055 1261; x_wconf 86' lang='lat' dir='ltr'><strong>ad</strong></span> <span class='ocrx_word' id='word_1_50' title='bbox 2107 1215 2164 1262; x_wconf 91' lang='lat' dir='ltr'><strong>s.</strong></span> <span class='ocrx_word' id='word_1_51' title='bbox 2217 1167 2537 1262; x_wconf 78' lang='lat' dir='ltr'><strong>Marcum</strong></span> <span class='ocrx_word' id='word_1_52' title='bbox 2588 1213 2602 1260; x_wconf 92' lang='lat'>:</span> <span class='ocrx_word' id='word_1_53' title='bbox 2650 1193 2853 1260; x_wconf 88' lang='lat' dir='ltr'><strong>erant</strong></span> 
     </span>
     <span class='ocr_line' id='line_1_7' title="bbox 232 1313 2844 1414; baseline -0.002 -24"><span class='ocrx_word' id='word_1_54' title='bbox 232 1318 469 1392; x_wconf 84' lang='lat' dir='ltr'><strong>incensi</strong></span> <span class='ocrx_word' id='word_1_55' title='bbox 501 1320 714 1414; x_wconf 86' lang='lat' dir='ltr'><strong>ignes</strong></span> <span class='ocrx_word' id='word_1_56' title='bbox 745 1325 818 1393; x_wconf 87' lang='lat' dir='ltr'><strong>et</strong></span> <span class='ocrx_word' id='word_1_57' title='bbox 861 1317 1224 1391; x_wconf 80' lang='lat' dir='ltr'><strong>intorticia</strong></span> <span class='ocrx_word' id='word_1_58' title='bbox 1253 1340 1337 1390; x_wconf 91' lang='lat' dir='ltr'><strong>ac</strong></span> <span class='ocrx_word' id='word_1_59' title='bbox 1374 1316 1758 1389; x_wconf 87' lang='lat' dir='ltr'><strong>luminaria</strong></span> <span class='ocrx_word' id='word_1_60' title='bbox 1795 1315 1993 1412; x_wconf 89' lang='lat' dir='ltr'><strong>quasi</strong></span> <span class='ocrx_word' id='word_1_61' title='bbox 2038 1339 2166 1412; x_wconf 87' lang='lat' dir='ltr'><strong>per</strong></span> <span class='ocrx_word' id='word_1_62' title='bbox 2207 1313 2521 1408; x_wconf 86' lang='lat' dir='ltr'><strong>singulas</strong></span> <span class='ocrx_word' id='word_1_63' title='bbox 2562 1313 2844 1400; x_wconf 75' lang='lat' dir='ltr'><strong>domus,</strong></span> 
     </span>
     <span class='ocr_line' id='line_1_8' title="bbox 231 1430 2850 1518; baseline -0.002 -4"><span class='ocrx_word' id='word_1_64' title='bbox 231 1443 524 1518; x_wconf 88' lang='lat' dir='ltr'><strong>omnibus</strong></span> <span class='ocrx_word' id='word_1_65' title='bbox 571 1430 1143 1516; x_wconf 85' lang='lat' dir='ltr'><strong>acclamantibus</strong></span> <span class='ocrx_word' id='word_1_66' title='bbox 1200 1467 1215 1514; x_wconf 74' lang='grc' dir='ltr'><strong><em>ε</em></strong></span> <span class='ocrx_word' id='word_1_67' title='bbox 1271 1441 1619 1513; x_wconf 57' lang='lat' dir='ltr'><strong>Franz-m!</strong></span> <span class='ocrx_word' id='word_1_68' title='bbox 1665 1441 2017 1513; x_wconf 73' lang='lat' dir='ltr'><strong>Francia!</strong></span> <span class='ocrx_word' id='word_1_69' title='bbox 2074 1433 2433 1511; x_wconf 77' lang='lat' dir='ltr'><strong>Colomza!</strong></span> <span class='ocrx_word' id='word_1_70' title='bbox 2491 1437 2850 1510; x_wconf 81' lang='lat' dir='ltr'><strong>Colonna!</strong></span> 
     </span>
     <span class='ocr_line' id='line_1_9' title="bbox 243 1559 2844 1662; baseline -0.001 -24"><span class='ocrx_word' id='word_1_71' title='bbox 243 1567 550 1638; x_wconf 79' lang='lat' dir='ltr'><strong>Vincula!</strong></span> <span class='ocrx_word' id='word_1_72' title='bbox 609 1559 956 1640; x_wconf 55' lang='lat' dir='ltr'><strong>Vincula!</strong></span> <span class='ocrx_word' id='word_1_73' title='bbox 999 1571 1176 1640; x_wconf 88' lang='lat' dir='ltr'><strong>Cum</strong></span> <span class='ocrx_word' id='word_1_74' title='bbox 1223 1589 1551 1639; x_wconf 83' lang='lat' dir='ltr'><strong>essemus</strong></span> <span class='ocrx_word' id='word_1_75' title='bbox 1593 1571 1758 1638; x_wconf 87' lang='lat' dir='ltr'><strong>ante</strong></span> <span class='ocrx_word' id='word_1_76' title='bbox 1797 1565 2143 1662; x_wconf 84' lang='lat' dir='ltr'><strong>palatium</strong></span> <span class='ocrx_word' id='word_1_77' title='bbox 2189 1589 2246 1636; x_wconf 91' lang='lat' dir='ltr'><strong>s.</strong></span> <span class='ocrx_word' id='word_1_78' title='bbox 2292 1565 2542 1654; x_wconf 84' lang='lat' dir='ltr'><strong>Marci,</strong></span> <span class='ocrx_word' id='word_1_79' title='bbox 2595 1567 2844 1637; x_wconf 79' lang='lat' dir='ltr'><strong>RmuS.</strong></span> 
     </span>
     <span class='ocr_line' id='line_1_10' title="bbox 231 1688 2850 1785; baseline -0.001 -21"><span class='ocrx_word' id='word_1_80' title='bbox 231 1697 296 1764; x_wconf 87' lang='lat' dir='ltr'><strong>D.</strong></span> <span class='ocrx_word' id='word_1_81' title='bbox 333 1691 710 1766; x_wconf 87' lang='lat' dir='ltr'><strong>cardinalis</strong></span> <span class='ocrx_word' id='word_1_82' title='bbox 749 1691 1104 1765; x_wconf 87' lang='lat' dir='ltr'><strong>Ascanius</strong></span> <span class='ocrx_word' id='word_1_83' title='bbox 1145 1715 1292 1764; x_wconf 90' lang='lat' dir='ltr'><strong>non</strong></span> <span class='ocrx_word' id='word_1_84' title='bbox 1333 1689 1708 1765; x_wconf 84' lang='lat' dir='ltr'><strong>descendit</strong></span> <span class='ocrx_word' id='word_1_85' title='bbox 1746 1713 1837 1764; x_wconf 87' lang='lat' dir='ltr'><strong>ex</strong></span> <span class='ocrx_word' id='word_1_86' title='bbox 1880 1689 2101 1779; x_wconf 87' lang='lat' dir='ltr'><strong>mula,</strong></span> <span class='ocrx_word' id='word_1_87' title='bbox 2154 1688 2283 1762; x_wconf 90' lang='lat' dir='ltr'><strong>sed</strong></span> <span class='ocrx_word' id='word_1_88' title='bbox 2326 1694 2529 1762; x_wconf 86' lang='lat' dir='ltr'><strong>extra</strong></span> <span class='ocrx_word' id='word_1_89' title='bbox 2566 1697 2850 1785; x_wconf 85' lang='lat' dir='ltr'><strong>portam</strong></span> 
     </span>
     <span class='ocr_line' id='line_1_11' title="bbox 228 1810 2844 1915; baseline -0.002 -26"><span class='ocrx_word' id='word_1_90' title='bbox 228 1824 360 1890; x_wconf 87' lang='lat' dir='ltr'><strong>ante</strong></span> <span class='ocrx_word' id='word_1_91' title='bbox 401 1818 586 1915; x_wconf 82' lang='lat' dir='ltr'><strong>regis</strong></span> <span class='ocrx_word' id='word_1_92' title='bbox 629 1810 1035 1907; x_wconf 83' lang='lat' dir='ltr'><strong>introitum,</strong></span> <span class='ocrx_word' id='word_1_93' title='bbox 1073 1817 1534 1914; x_wconf 87' lang='lat' dir='ltr'><strong>discooperto</strong></span> <span class='ocrx_word' id='word_1_94' title='bbox 1567 1816 1829 1913; x_wconf 88' lang='lat' dir='ltr'><strong>capite,</strong></span> <span class='ocrx_word' id='word_1_95' title='bbox 1885 1822 2183 1911; x_wconf 85' lang='lat' dir='ltr'><strong>accepta</strong></span> <span class='ocrx_word' id='word_1_96' title='bbox 2226 1837 2269 1886; x_wconf 90' lang='lat' dir='ltr'><strong>a</strong></span> <span class='ocrx_word' id='word_1_97' title='bbox 2308 1836 2482 1910; x_wconf 83' lang='lat' dir='ltr'><strong>rege</strong></span> <span class='ocrx_word' id='word_1_98' title='bbox 2522 1813 2844 1904; x_wconf 83' lang='lat' dir='ltr'><strong>licentia,</strong></span> 
     </span>
     <span class='ocr_line' id='line_1_12' title="bbox 229 1917 2849 2036; baseline 0 -25"><span class='ocrx_word' id='word_1_99' title='bbox 229 1942 510 2032; x_wconf 79' lang='lat' dir='ltr'><strong>recessit,</strong></span> <span class='ocrx_word' id='word_1_100' title='bbox 545 1965 691 2017; x_wconf 86' lang='lat' dir='ltr'><strong>nec</strong></span> <span class='ocrx_word' id='word_1_101' title='bbox 735 1967 794 2014; x_wconf 87' lang='lat' dir='ltr'><strong>S.</strong></span> <span class='ocrx_word' id='word_1_102' title='bbox 841 1943 1032 2017; x_wconf 85' lang='lat' dir='ltr'><strong>Petri</strong></span> <span class='ocrx_word' id='word_1_103' title='bbox 1065 1943 1170 2015; x_wconf 76' lang='lat' dir='ltr'><strong>‘ad</strong></span> <span class='ocrx_word' id='word_1_104' title='bbox 1207 1917 1519 2016; x_wconf 76' lang='lat' dir='ltr'><strong>Vincula</strong></span> <span class='ocrx_word' id='word_1_105' title='bbox 1561 1965 1695 2014; x_wconf 89' lang='lat' dir='ltr'><strong>nec</strong></span> <span class='ocrx_word' id='word_1_106' title='bbox 1737 1941 1995 2036; x_wconf 85' lang='lat' dir='ltr'><strong>aliquis</strong></span> <span class='ocrx_word' id='word_1_107' title='bbox 2034 1939 2337 2012; x_wconf 87' lang='lat' dir='ltr'><strong>aliorum</strong></span> <span class='ocrx_word' id='word_1_108' title='bbox 2378 1938 2849 2012; x_wconf 80' lang='lat' dir='ltr'><strong>cardinalium</strong></span> 
     </span>
     <span class='ocr_line' id='line_1_13' title="bbox 229 2063 2848 2162; baseline -0 -25"><span class='ocrx_word' id='word_1_109' title='bbox 229 2089 435 2161; x_wconf 83' lang='lat' dir='ltr'><strong>regem</strong></span> <span class='ocrx_word' id='word_1_110' title='bbox 472 2068 889 2141; x_wconf 82' lang='lat' dir='ltr'><strong>associavit.</strong></span> <span class='ocrx_word' id='word_1_111' title='bbox 934 2071 1120 2140; x_wconf 85' lang='lat' dir='ltr'><strong>Ante</strong></span> <span class='ocrx_word' id='word_1_112' title='bbox 1166 2066 1536 2140; x_wconf 83' lang='lat' dir='ltr'><strong>introitum</strong></span> <span class='ocrx_word' id='word_1_113' title='bbox 1581 2067 1770 2162; x_wconf 82' lang='lat' dir='ltr'><strong>regis</strong></span> <span class='ocrx_word' id='word_1_114' title='bbox 1821 2064 1911 2137; x_wconf 90' lang='lat' dir='ltr'><strong>ad</strong></span> <span class='ocrx_word' id='word_1_115' title='bbox 1952 2065 2247 2153; x_wconf 82' lang='lat' dir='ltr'><strong>Urbem,</strong></span> <span class='ocrx_word' id='word_1_116' title='bbox 2296 2063 2514 2138; x_wconf 89' lang='lat' dir='ltr'><strong>hodie</strong></span> <span class='ocrx_word' id='word_1_117' title='bbox 2560 2063 2848 2138; x_wconf 82' lang='lat' dir='ltr'><strong>fuerunt</strong></span> 
     </span>
     <span class='ocr_line' id='line_1_14' title="bbox 228 2185 2845 2288; baseline 0 -28"><span class='ocrx_word' id='word_1_118' title='bbox 228 2191 602 2287; x_wconf 78' lang='lat' dir='ltr'><strong>consignate</strong></span> <span class='ocrx_word' id='word_1_119' title='bbox 635 2185 880 2266; x_wconf 58' lang='lat' dir='ltr'><strong>claves</strong></span> <span class='ocrx_word' id='word_1_120' title='bbox 909 2199 1114 2288; x_wconf 88' lang='lat' dir='ltr'><strong>porte</strong></span> <span class='ocrx_word' id='word_1_121' title='bbox 1157 2191 1491 2268; x_wconf 70' lang='lat' dir='ltr'><strong>viridarii</strong></span> <span class='ocrx_word' id='word_1_122' title='bbox 1527 2189 1915 2264; x_wconf 87' lang='lat' dir='ltr'><strong>Belvedere</strong></span> <span class='ocrx_word' id='word_1_123' title='bbox 1948 2189 2377 2262; x_wconf 83' lang='lat' dir='ltr'><strong>intermedie</strong></span> <span class='ocrx_word' id='word_1_124' title='bbox 2418 2196 2489 2262; x_wconf 88' lang='lat' dir='ltr'><strong>et</strong></span> <span class='ocrx_word' id='word_1_125' title='bbox 2522 2189 2845 2262; x_wconf 91' lang='lat' dir='ltr'><strong>omnium</strong></span> 
     </span>
     <span class='ocr_line' id='line_1_15' title="bbox 227 2314 2845 2414; baseline 0 -28"><span class='ocrx_word' id='word_1_126' title='bbox 227 2316 480 2390; x_wconf 80' lang='lat' dir='ltr'><strong>aliarum</strong></span> <span class='ocrx_word' id='word_1_127' title='bbox 529 2325 916 2414; x_wconf 88' lang='lat' dir='ltr'><strong>portarum</strong></span> <span class='ocrx_word' id='word_1_128' title='bbox 965 2316 1176 2390; x_wconf 82' lang='lat' dir='ltr'><strong>Urbis</strong></span> <span class='ocrx_word' id='word_1_129' title='bbox 1229 2339 1495 2412; x_wconf 88' lang='lat' dir='ltr'><strong>magno</strong></span> <span class='ocrx_word' id='word_1_130' title='bbox 1546 2315 1992 2391; x_wconf 81' lang='lat' dir='ltr'><strong>marescalco</strong></span> <span class='ocrx_word' id='word_1_131' title='bbox 2042 2314 2249 2410; x_wconf 86' lang='lat' dir='ltr'><strong>regni</strong></span> <span class='ocrx_word' id='word_1_132' title='bbox 2293 2314 2619 2406; x_wconf 86' lang='lat' dir='ltr'><strong>Francie,</strong></span> <span class='ocrx_word' id='word_1_133' title='bbox 2674 2314 2845 2387; x_wconf 90' lang='lat' dir='ltr'><strong>dicti</strong></span> 
     </span>
     <span class='ocr_line' id='line_1_16' title="bbox 230 2441 2845 2538; baseline 0 -27"><span class='ocrx_word' id='word_1_134' title='bbox 230 2441 380 2536; x_wconf 80' lang='lat' dir='ltr'><strong>regis</strong></span> <span class='ocrx_word' id='word_1_135' title='bbox 407 2442 676 2516; x_wconf 84' lang='lat' dir='ltr'><strong>oratori</strong></span> <span class='ocrx_word' id='word_1_136' title='bbox 728 2441 1169 2538; x_wconf 81' lang='lat' dir='ltr'><strong>supradictO,</strong></span> <span class='ocrx_word' id='word_1_137' title='bbox 1219 2465 1308 2514; x_wconf 87' lang='lat' dir='ltr'><strong>eo</strong></span> <span class='ocrx_word' id='word_1_138' title='bbox 1339 2441 1442 2514; x_wconf 90' lang='lat' dir='ltr'><strong>sic</strong></span> <span class='ocrx_word' id='word_1_139' title='bbox 1481 2441 1796 2531; x_wconf 81' lang='lat' dir='ltr'><strong>volente,</strong></span> <span class='ocrx_word' id='word_1_140' title='bbox 1841 2447 1914 2514; x_wconf 87' lang='lat' dir='ltr'><strong>et</strong></span> <span class='ocrx_word' id='word_1_141' title='bbox 1952 2464 2119 2513; x_wconf 92' lang='lat' dir='ltr'><strong>cum</strong></span> <span class='ocrx_word' id='word_1_142' title='bbox 2154 2444 2345 2536; x_wconf 83' lang='lat' dir='ltr'><strong>Papa</strong></span> <span class='ocrx_word' id='word_1_143' title='bbox 2376 2444 2729 2514; x_wconf 85' lang='lat' dir='ltr'><strong>convento</strong></span> <span class='ocrx_word' id='word_1_144' title='bbox 2762 2463 2845 2512; x_wconf 89' lang='lat' dir='ltr'><strong>ac</strong></span> 
     </span>
     <span class='ocr_line' id='line_1_17' title="bbox 231 2564 2845 2658; baseline 0 -22"><span class='ocrx_word' id='word_1_145' title='bbox 231 2565 520 2640; x_wconf 86' lang='lat' dir='ltr'><strong>concluso</strong></span> <span class='ocrx_word' id='word_1_146' title='bbox 571 2591 588 2640; x_wconf 72' lang='grc' dir='ltr'>ε</span> <span class='ocrx_word' id='word_1_147' title='bbox 627 2566 972 2641; x_wconf 80' lang='lat' dir='ltr'><strong>dicebant</strong></span> <span class='ocrx_word' id='word_1_148' title='bbox 1015 2567 1208 2640; x_wconf 90' lang='lat' dir='ltr'><strong>enim</strong></span> <span class='ocrx_word' id='word_1_149' title='bbox 1250 2568 1536 2658; x_wconf 89' lang='lat' dir='ltr'><strong>Franci,</strong></span> <span class='ocrx_word' id='word_1_150' title='bbox 1590 2574 1661 2639; x_wconf 88' lang='lat' dir='ltr'><strong>et</strong></span> <span class='ocrx_word' id='word_1_151' title='bbox 1712 2567 1784 2638; x_wconf 90' lang='lat' dir='ltr'><strong>in</strong></span> <span class='ocrx_word' id='word_1_152' title='bbox 1824 2566 1968 2640; x_wconf 92' lang='lat' dir='ltr'><strong>hoc</strong></span> <span class='ocrx_word' id='word_1_153' title='bbox 2014 2589 2159 2640; x_wconf 89' lang='lat' dir='ltr'><strong>non</strong></span> <span class='ocrx_word' id='word_1_154' title='bbox 2200 2565 2563 2655; x_wconf 74' lang='lat' dir='ltr'><strong>errabant,</strong></span> <span class='ocrx_word' id='word_1_155' title='bbox 2608 2564 2845 2638; x_wconf 89' lang='lat' dir='ltr'><strong>claves</strong></span> 
     </span>
     <span class='ocr_line' id='line_1_18' title="bbox 230 2688 2843 2788; baseline 0.002 -28"><span class='ocrx_word' id='word_1_156' title='bbox 230 2688 594 2786; x_wconf 86' lang='lat' dir='ltr'><strong>hujusmodi</strong></span> <span class='ocrx_word' id='word_1_157' title='bbox 623 2713 868 2788; x_wconf 86' lang='lat' dir='ltr'><strong>nuper</strong></span> <span class='ocrx_word' id='word_1_158' title='bbox 897 2691 1062 2765; x_wconf 91' lang='lat' dir='ltr'><strong>duci</strong></span> <span class='ocrx_word' id='word_1_159' title='bbox 1093 2691 1445 2778; x_wconf 80' lang='lat' dir='ltr'><strong>Calabria,</strong></span> <span class='ocrx_word' id='word_1_160' title='bbox 1483 2714 1647 2765; x_wconf 90' lang='lat' dir='ltr'><strong>cum</strong></span> <span class='ocrx_word' id='word_1_161' title='bbox 1681 2692 1752 2764; x_wconf 91' lang='lat' dir='ltr'><strong>in</strong></span> <span class='ocrx_word' id='word_1_162' title='bbox 1790 2691 1980 2765; x_wconf 86' lang='lat' dir='ltr'><strong>Urbe</strong></span> <span class='ocrx_word' id='word_1_163' title='bbox 2011 2698 2230 2782; x_wconf 87' lang='lat' dir='ltr'><strong>esset,</strong></span> <span class='ocrx_word' id='word_1_164' title='bbox 2268 2691 2597 2764; x_wconf 83' lang='lat' dir='ltr'><strong>similiter</strong></span> <span class='ocrx_word' id='word_1_165' title='bbox 2625 2690 2843 2764; x_wconf 87' lang='lat' dir='ltr'><strong>fuisse</strong></span> 
     </span>
     <span class='ocr_line' id='line_1_19' title="bbox 227 2815 2517 2912; baseline 0.003 -28"><span class='ocrx_word' id='word_1_166' title='bbox 227 2815 472 2888; x_wconf 80' lang='lat' dir='ltr'><strong>traditas</strong></span> <span class='ocrx_word' id='word_1_167' title='bbox 501 2823 574 2890; x_wconf 84' lang='lat' dir='ltr'><strong>et</strong></span> <span class='ocrx_word' id='word_1_168' title='bbox 603 2817 1043 2912; x_wconf 81' lang='lat' dir='ltr'><strong>assignatas,</strong></span> <span class='ocrx_word' id='word_1_169' title='bbox 1079 2818 1196 2891; x_wconf 90' lang='lat' dir='ltr'><strong>cui</strong></span> <span class='ocrx_word' id='word_1_170' title='bbox 1230 2839 1360 2892; x_wconf 85' lang='lat' dir='ltr'><strong>rex</strong></span> <span class='ocrx_word' id='word_1_171' title='bbox 1391 2817 1690 2890; x_wconf 88' lang='lat' dir='ltr'><strong>Francie</strong></span> <span class='ocrx_word' id='word_1_172' title='bbox 1721 2839 1866 2891; x_wconf 91' lang='lat' dir='ltr'><strong>non</strong></span> <span class='ocrx_word' id='word_1_173' title='bbox 1903 2827 2093 2892; x_wconf 89' lang='lat' dir='ltr'><strong>esset</strong></span> <span class='ocrx_word' id='word_1_174' title='bbox 2124 2819 2446 2892; x_wconf 74' lang='lat' dir='ltr'><strong>inferior.</strong></span> <span class='ocrx_word' id='word_1_175' title='bbox 2510 2837 2517 2844; x_wconf 85' lang='grc'><em>·</em></span> 
     </span>
    </p>

    <p class='ocr_par' dir='ltr' id='par_1_3' title="bbox 225 2941 2843 3284">
     <span class='ocr_line' id='line_1_20' title="bbox 301 2941 2843 3040; baseline 0.001 -28"><span class='ocrx_word' id='word_1_176' title='bbox 301 2941 540 3016; x_wconf 73' lang='lat' dir='ltr'><strong>Eadem</strong></span> <span class='ocrx_word' id='word_1_177' title='bbox 589 2943 746 3032; x_wconf 81' lang='lat' dir='ltr'><strong>die,</strong></span> <span class='ocrx_word' id='word_1_178' title='bbox 799 2942 1052 3016; x_wconf 88' lang='lat' dir='ltr'><strong>ultima</strong></span> <span class='ocrx_word' id='word_1_179' title='bbox 1097 2942 1534 3032; x_wconf 83' lang='lat' dir='ltr'><strong>decembriS,</strong></span> <span class='ocrx_word' id='word_1_180' title='bbox 1583 2942 1876 3015; x_wconf 87' lang='lat' dir='ltr'><strong>fuerunt</strong></span> <span class='ocrx_word' id='word_1_181' title='bbox 1918 2967 2219 3040; x_wconf 88' lang='lat' dir='ltr'><strong>vespere</strong></span> <span class='ocrx_word' id='word_1_182' title='bbox 2264 2942 2560 3038; x_wconf 89' lang='lat' dir='ltr'><strong>papales</strong></span> <span class='ocrx_word' id='word_1_183' title='bbox 2602 2942 2673 3013; x_wconf 91' lang='lat' dir='ltr'><strong>in</strong></span> <span class='ocrx_word' id='word_1_184' title='bbox 2721 2965 2843 3014; x_wconf 88' lang='lat' dir='ltr'><strong>ca-</strong></span> 
     </span>
     <span class='ocr_line' id='line_1_21' title="bbox 227 3063 2841 3165; baseline 0.002 -30"><span class='ocrx_word' id='word_1_185' title='bbox 227 3063 376 3157; x_wconf 88' lang='lat' dir='ltr'><strong>pella</strong></span> <span class='ocrx_word' id='word_1_186' title='bbox 415 3070 696 3165; x_wconf 86' lang='lat' dir='ltr'><strong>majore</strong></span> <span class='ocrx_word' id='word_1_187' title='bbox 737 3067 1010 3165; x_wconf 87' lang='lat' dir='ltr'><strong>palatii,</strong></span> <span class='ocrx_word' id='word_1_188' title='bbox 1053 3071 1248 3164; x_wconf 86' lang='lat' dir='ltr'><strong>Papa</strong></span> <span class='ocrx_word' id='word_1_189' title='bbox 1295 3067 1638 3165; x_wconf 78' lang='lat' dir='ltr'><strong>presente</strong></span> <span class='ocrx_word' id='word_1_190' title='bbox 1683 3075 1759 3140; x_wconf 88' lang='lat' dir='ltr'><strong>et</strong></span> <span class='ocrx_word' id='word_1_191' title='bbox 1801 3065 2121 3141; x_wconf 79' lang='lat' dir='ltr'><strong>officium</strong></span> <span class='ocrx_word' id='word_1_192' title='bbox 2167 3066 2588 3154; x_wconf 84' lang='lat' dir='ltr'><strong>inchoante,</strong></span> <span class='ocrx_word' id='word_1_193' title='bbox 2638 3087 2841 3139; x_wconf 86' lang='lat' dir='ltr'><strong>more</strong></span> 
     </span>
     <span class='ocr_line' id='line_1_22' title="bbox 225 3193 1264 3284; baseline 0.012 -26"><span class='ocrx_word' id='word_1_194' title='bbox 225 3197 520 3264; x_wconf 83' lang='lat' dir='ltr'><strong>consueto</strong></span> <span class='ocrx_word' id='word_1_195' title='bbox 551 3197 614 3284; x_wconf 82' lang='grc'><strong>(1</strong></span> <span class='ocrx_word' id='word_1_196' title='bbox 635 3196 687 3282; x_wconf 89' lang='lat'><strong>).</strong></span> <span class='ocrx_word' id='word_1_197' title='bbox 1259 3193 1264 3196; x_wconf 72' lang='grc'><strong>’</strong></span> 
     </span>
    </p>
   </div>
   <div class='ocr_carea' id='block_1_3' title="bbox 1165 3417 1979 3506">
    <p class='ocr_par' dir='ltr' id='par_1_4' title="bbox 1165 3417 1979 3506">
     <span class='ocr_line' id='line_1_23' title="bbox 1165 3417 1979 3506; baseline 0.006 -22"><span class='ocrx_word' id='word_1_198' title='bbox 1165 3417 1857 3506; x_wconf 66' lang='lat' dir='ltr'><strong>Mccccnxxxxv</strong></span> <span class='ocrx_word' id='word_1_199' title='bbox 1974 3443 1979 3453; x_wconf 94' lang='lat'><em>·</em></span> 
     </span>
    </p>
   </div>
   <div class='ocr_carea' id='block_1_4' title="bbox 227 3635 2839 4484">
    <p class='ocr_par' dir='ltr' id='par_1_5' title="bbox 227 3635 2839 4211">
     <span class='ocr_line' id='line_1_24' title="bbox 295 3635 2833 3734; baseline 0.001 -30"><span class='ocrx_word' id='word_1_200' title='bbox 295 3635 476 3706; x_wconf 72' lang='lat' dir='ltr'><strong>Anno</strong></span> <span class='ocrx_word' id='word_1_201' title='bbox 509 3635 800 3707; x_wconf 89' lang='lat' dir='ltr'><strong>Domini</strong></span> <span class='ocrx_word' id='word_1_202' title='bbox 832 3637 1542 3728; x_wconf 87' lang='lat' dir='ltr'><strong>MCCCCLXXXXV,</strong></span> <span class='ocrx_word' id='word_1_203' title='bbox 1589 3635 1768 3709; x_wconf 83' lang='lat' dir='ltr'><strong>feria</strong></span> <span class='ocrx_word' id='word_1_204' title='bbox 1809 3637 2083 3733; x_wconf 87' lang='lat' dir='ltr'><strong>quinta,</strong></span> <span class='ocrx_word' id='word_1_205' title='bbox 2126 3644 2153 3710; x_wconf 83' lang='lat'><strong>1</strong></span> <span class='ocrx_word' id='word_1_206' title='bbox 2196 3639 2469 3711; x_wconf 90' lang='lat' dir='ltr'><strong>mensis</strong></span> <span class='ocrx_word' id='word_1_207' title='bbox 2494 3636 2833 3734; x_wconf 87' lang='lat' dir='ltr'><strong>januarii,</strong></span> 
     </span>
     <span class='ocr_line' id='line_1_25' title="bbox 227 3755 2839 3853; baseline 0.003 -29"><span class='ocrx_word' id='word_1_208' title='bbox 227 3755 423 3828; x_wconf 84' lang='lat' dir='ltr'><strong>Rmus.</strong></span> <span class='ocrx_word' id='word_1_209' title='bbox 478 3759 868 3832; x_wconf 88' lang='lat' dir='ltr'><strong>cardinalis</strong></span> <span class='ocrx_word' id='word_1_210' title='bbox 926 3762 1364 3852; x_wconf 79' lang='lat' dir='ltr'><strong>ParmensiS,</strong></span> <span class='ocrx_word' id='word_1_211' title='bbox 1429 3763 1502 3834; x_wconf 92' lang='lat' dir='ltr'><strong>in</strong></span> <span class='ocrx_word' id='word_1_212' title='bbox 1558 3761 1746 3834; x_wconf 86' lang='lat' dir='ltr'><strong>festo</strong></span> <span class='ocrx_word' id='word_1_213' title='bbox 1789 3763 2399 3853; x_wconf 75' lang='lat' dir='ltr'><strong>CircumcisioniS,</strong></span> <span class='ocrx_word' id='word_1_214' title='bbox 2450 3763 2839 3836; x_wconf 86' lang='lat' dir='ltr'><strong>celebravit</strong></span> 
     </span>
     <span class='ocr_line' id='line_1_26' title="bbox 229 3879 2828 3985; baseline 0.004 -38"><span class='ocrx_word' id='word_1_215' title='bbox 229 3879 468 3956; x_wconf 85' lang='lat' dir='ltr'><strong>missam</strong></span> <span class='ocrx_word' id='word_1_216' title='bbox 511 3887 920 3960; x_wconf 88' lang='lat' dir='ltr'><strong>solemnem</strong></span> <span class='ocrx_word' id='word_1_217' title='bbox 969 3886 1039 3959; x_wconf 91' lang='lat' dir='ltr'><strong>in</strong></span> <span class='ocrx_word' id='word_1_218' title='bbox 1082 3881 1360 3984; x_wconf 86' lang='lat' dir='ltr'><strong>capella</strong></span> <span class='ocrx_word' id='word_1_219' title='bbox 1397 3888 1673 3985; x_wconf 87' lang='lat' dir='ltr'><strong>majore</strong></span> <span class='ocrx_word' id='word_1_220' title='bbox 1716 3886 2158 3982; x_wconf 86' lang='lat' dir='ltr'><strong>apostol-ica,&#39;</strong></span> <span class='ocrx_word' id='word_1_221' title='bbox 2189 3890 2384 3983; x_wconf 86' lang='lat' dir='ltr'><strong>Papa</strong></span> <span class='ocrx_word' id='word_1_222' title='bbox 2421 3892 2759 3984; x_wconf 85' lang='lat' dir='ltr'><strong>presente</strong></span> <span class='ocrx_word' id='word_1_223' title='bbox 2813 3914 2828 3958; x_wconf 91' lang='lat'>:</span> 
     </span>
     <span class='ocr_line' id='line_1_27' title="bbox 229 4011 2831 4110; baseline 0.002 -35"><span class='ocrx_word' id='word_1_224' title='bbox 229 4025 582 4083; x_wconf 86' lang='lat' dir='ltr'><strong>sermonem</strong></span> <span class='ocrx_word' id='word_1_225' title='bbox 639 4012 818 4086; x_wconf 81' lang='lat' dir='ltr'><strong>fecit</strong></span> <span class='ocrx_word' id='word_1_226' title='bbox 870 4018 1303 4110; x_wconf 85' lang='lat' dir='ltr'><strong>procurator</strong></span> <span class='ocrx_word' id='word_1_227' title='bbox 1353 4011 1624 4101; x_wconf 85' lang='lat' dir='ltr'><strong>ordinis</strong></span> <span class='ocrx_word' id='word_1_228' title='bbox 1657 4011 2249 4102; x_wconf 83' lang='lat' dir='ltr'><strong>Carmelitarum3</strong></span> <span class='ocrx_word' id='word_1_229' title='bbox 2310 4021 2381 4086; x_wconf 90' lang='lat' dir='ltr'><strong>et</strong></span> <span class='ocrx_word' id='word_1_230' title='bbox 2435 4011 2577 4084; x_wconf 88' lang='lat' dir='ltr'><strong>alia</strong></span> <span class='ocrx_word' id='word_1_231' title='bbox 2629 4033 2831 4083; x_wconf 90' lang='lat' dir='ltr'><strong>more</strong></span> 
     </span>
     <span class='ocr_line' id='line_1_28' title="bbox 228 4127 1010 4211; baseline 0.017 -16"><span class='ocrx_word' id='word_1_232' title='bbox 228 4127 388 4203; x_wconf 86' lang='lat' dir='ltr'><strong>solito</strong></span> <span class='ocrx_word' id='word_1_233' title='bbox 416 4143 572 4211; x_wconf 86' lang='lat' dir='ltr'><strong>sunt</strong></span> <span class='ocrx_word' id='word_1_234' title='bbox 603 4137 1010 4210; x_wconf 87' lang='lat' dir='ltr'><strong>observata.</strong></span> 
     </span>
    </p>

    <p class='ocr_par' dir='ltr' id='par_1_6' title="bbox 230 4257 2827 4484">
     <span class='ocr_line' id='line_1_29' title="bbox 299 4257 2827 4359; baseline 0.004 -33"><span class='ocrx_word' id='word_1_235' title='bbox 299 4257 534 4334; x_wconf 88' lang='lat' dir='ltr'><strong>Eadem</strong></span> <span class='ocrx_word' id='word_1_236' title='bbox 568 4262 689 4335; x_wconf 90' lang='lat' dir='ltr'><strong>die</strong></span> <span class='ocrx_word' id='word_1_237' title='bbox 725 4270 800 4336; x_wconf 87' lang='lat' dir='ltr'><strong>et</strong></span> <span class='ocrx_word' id='word_1_238' title='bbox 837 4263 1304 4359; x_wconf 87' lang='lat' dir='ltr'><strong>sequentibus</strong></span> <span class='ocrx_word' id='word_1_239' title='bbox 1335 4264 1616 4354; x_wconf 79' lang='lat' dir='ltr'><strong>diebuS,</strong></span> <span class='ocrx_word' id='word_1_240' title='bbox 1652 4287 1909 4339; x_wconf 88' lang='lat' dir='ltr'><strong>omnes</strong></span> <span class='ocrx_word' id='word_1_241' title='bbox 1949 4264 2199 4337; x_wconf 88' lang='lat' dir='ltr'><strong>RRmi.</strong></span> <span class='ocrx_word' id='word_1_242' title='bbox 2240 4265 2387 4335; x_wconf 91' lang='lat' dir='ltr'><strong>DD.</strong></span> <span class='ocrx_word' id='word_1_243' title='bbox 2425 4261 2827 4335; x_wconf 87' lang='lat' dir='ltr'><strong>cardinales</strong></span> 
     </span>
     <span class='ocr_line' id='line_1_30' title="bbox 230 4376 2825 4484; baseline 0.002 -31"><span class='ocrx_word' id='word_1_244' title='bbox 230 4376 278 4448; x_wconf 79' lang='lat' dir='ltr'><strong>in</strong></span> <span class='ocrx_word' id='word_1_245' title='bbox 302 4383 446 4458; x_wconf 83' lang='lat' dir='ltr'><strong>urbe</strong></span> <span class='ocrx_word' id='word_1_246' title='bbox 471 4387 862 4462; x_wconf 86' lang='lat' dir='ltr'><strong>existentes</strong></span> <span class='ocrx_word' id='word_1_247' title='bbox 892 4387 1294 4462; x_wconf 89' lang='lat' dir='ltr'><strong>successive</strong></span> <span class='ocrx_word' id='word_1_248' title='bbox 1321 4389 1695 4463; x_wconf 85' lang='lat' dir='ltr'><strong>visitarunt</strong></span> <span class='ocrx_word' id='word_1_249' title='bbox 1718 4413 1968 4484; x_wconf 87' lang='lat' dir='ltr'><strong>regem</strong></span> <span class='ocrx_word' id='word_1_250' title='bbox 1996 4389 2323 4474; x_wconf 79' lang='lat' dir='ltr'><strong>Francia,</strong></span> <span class='ocrx_word' id='word_1_251' title='bbox 2356 4410 2559 4461; x_wconf 89' lang='lat' dir='ltr'><strong>more</strong></span> <span class='ocrx_word' id='word_1_252' title='bbox 2584 4387 2825 4474; x_wconf 86' lang='lat' dir='ltr'><strong>solite,</strong></span> 
     </span>
    </p>
   </div>
   <div class='ocr_carea' id='block_1_5' title="bbox 231 4583 2829 5284">
    <p class='ocr_par' dir='ltr' id='par_1_7' title="bbox 231 4583 2829 5284">
     <span class='ocr_line' id='line_1_31' title="bbox 279 4583 2829 4649; baseline 0.001 -6"><span class='ocrx_word' id='word_1_253' title='bbox 279 4583 318 4638; x_wconf 82' lang='lat'><strong>1.</strong></span> <span class='ocrx_word' id='word_1_254' title='bbox 351 4606 378 4636; x_wconf 72' lang='lat' dir='ltr'><strong>«c</strong></span> <span class='ocrx_word' id='word_1_255' title='bbox 401 4587 442 4644; x_wconf 71' lang='lat' dir='ltr'>A</span> <span class='ocrx_word' id='word_1_256' title='bbox 465 4589 518 4644; x_wconf 82' lang='lat' dir='ltr'><strong>di</strong></span> <span class='ocrx_word' id='word_1_257' title='bbox 543 4589 608 4646; x_wconf 82' lang='lat'><strong>31</strong></span> <span class='ocrx_word' id='word_1_258' title='bbox 641 4589 702 4646; x_wconf 87' lang='lat' dir='ltr'><strong>di</strong></span> <span class='ocrx_word' id='word_1_259' title='bbox 729 4590 1014 4648; x_wconf 86' lang='lat' dir='ltr'><strong>Dicembre</strong></span> <span class='ocrx_word' id='word_1_260' title='bbox 1053 4589 1140 4645; x_wconf 87' lang='lat' dir='ltr'><strong>dal</strong></span> <span class='ocrx_word' id='word_1_261' title='bbox 1179 4591 1335 4649; x_wconf 76' lang='lat'><strong>1494.</strong></span> <span class='ocrx_word' id='word_1_262' title='bbox 1369 4592 1406 4647; x_wconf 94' lang='lat' dir='ltr'><strong>il</strong></span> <span class='ocrx_word' id='word_1_263' title='bbox 1444 4609 1502 4648; x_wconf 87' lang='lat' dir='ltr'><strong>re</strong></span> <span class='ocrx_word' id='word_1_264' title='bbox 1531 4592 2004 4648; x_wconf 85' lang='lat' dir='ltr'><strong>Christianissimo</strong></span> <span class='ocrx_word' id='word_1_265' title='bbox 2034 4590 2193 4648; x_wconf 84' lang='lat' dir='ltr'><strong>Carlo</strong></span> <span class='ocrx_word' id='word_1_266' title='bbox 2222 4590 2276 4645; x_wconf 87' lang='lat' dir='ltr'><strong>di</strong></span> <span class='ocrx_word' id='word_1_267' title='bbox 2304 4589 2489 4646; x_wconf 86' lang='lat' dir='ltr'><strong>Valois</strong></span> <span class='ocrx_word' id='word_1_268' title='bbox 2520 4589 2574 4645; x_wconf 89' lang='lat' dir='ltr'><strong>di</strong></span> <span class='ocrx_word' id='word_1_269' title='bbox 2600 4589 2829 4645; x_wconf 83' lang='lat' dir='ltr'><strong>Francia</strong></span> 
     </span>
     <span class='ocr_line' id='line_1_32' title="bbox 231 4675 2827 4751; baseline 0.002 -20"><span class='ocrx_word' id='word_1_270' title='bbox 231 4677 342 4726; x_wconf 65' lang='lat' dir='ltr'><strong>entre)</strong></span> <span class='ocrx_word' id='word_1_271' title='bbox 375 4675 502 4734; x_wconf 84' lang='lat' dir='ltr'><strong>nella</strong></span> <span class='ocrx_word' id='word_1_272' title='bbox 535 4679 684 4736; x_wconf 76' lang='lat' dir='ltr'><strong>citta</strong></span> <span class='ocrx_word' id='word_1_273' title='bbox 718 4679 774 4736; x_wconf 91' lang='lat' dir='ltr'><strong>di</strong></span> <span class='ocrx_word' id='word_1_274' title='bbox 811 4680 988 4737; x_wconf 86' lang='lat' dir='ltr'><strong>Roma</strong></span> <span class='ocrx_word' id='word_1_275' title='bbox 1024 4697 1126 4736; x_wconf 87' lang='lat' dir='ltr'><strong>con</strong></span> <span class='ocrx_word' id='word_1_276' title='bbox 1168 4685 1310 4737; x_wconf 82' lang='lat' dir='ltr'><strong>tutto</strong></span> <span class='ocrx_word' id='word_1_277' title='bbox 1356 4681 1392 4736; x_wconf 88' lang='lat' dir='ltr'><strong>it</strong></span> <span class='ocrx_word' id='word_1_278' title='bbox 1431 4699 1532 4737; x_wconf 91' lang='lat' dir='ltr'><strong>suo</strong></span> <span class='ocrx_word' id='word_1_279' title='bbox 1575 4680 1819 4751; x_wconf 69' lang='lat' dir='ltr'><strong>esertito,</strong></span> <span class='ocrx_word' id='word_1_280' title='bbox 1860 4688 2051 4737; x_wconf 79' lang='lat' dir='ltr'><strong>contra</strong></span> <span class='ocrx_word' id='word_1_281' title='bbox 2099 4679 2133 4735; x_wconf 92' lang='lat' dir='ltr'><strong>il</strong></span> <span class='ocrx_word' id='word_1_282' title='bbox 2180 4677 2359 4735; x_wconf 82' lang='lat' dir='ltr'><strong>volere</strong></span> <span class='ocrx_word' id='word_1_283' title='bbox 2400 4679 2455 4733; x_wconf 85' lang='lat' dir='ltr'><strong>di</strong></span> <span class='ocrx_word' id='word_1_284' title='bbox 2492 4677 2827 4736; x_wconf 84' lang='lat' dir='ltr'><strong>Alessandro</strong></span> 
     </span>
     <span class='ocr_line' id='line_1_33' title="bbox 231 4754 2825 4841; baseline 0.002 -22"><span class='ocrx_word' id='word_1_285' title='bbox 231 4754 338 4832; x_wconf 64' lang='lat' dir='ltr'><strong>Papa</strong></span> <span class='ocrx_word' id='word_1_286' title='bbox 367 4764 448 4823; x_wconf 83' lang='lat' dir='ltr'><strong>vt.</strong></span> <span class='ocrx_word' id='word_1_287' title='bbox 485 4768 592 4824; x_wconf 87' lang='lat' dir='ltr'><strong>Ncl&#39;</strong></span> <span class='ocrx_word' id='word_1_288' title='bbox 623 4775 840 4825; x_wconf 84' lang='lat' dir='ltr'><strong>entrare</strong></span> <span class='ocrx_word' id='word_1_289' title='bbox 877 4768 965 4825; x_wconf 87' lang='lat' dir='ltr'><strong>del</strong></span> <span class='ocrx_word' id='word_1_290' title='bbox 1001 4767 1162 4841; x_wconf 87' lang='lat' dir='ltr'><strong>quale</strong></span> <span class='ocrx_word' id='word_1_291' title='bbox 1199 4787 1310 4826; x_wconf 88' lang='lat' dir='ltr'><strong>non</strong></span> <span class='ocrx_word' id='word_1_292' title='bbox 1347 4771 1462 4827; x_wconf 82' lang='lat' dir='ltr'><strong>fece</strong></span> <span class='ocrx_word' id='word_1_293' title='bbox 1510 4771 1691 4827; x_wconf 87' lang='lat' dir='ltr'><strong>danno</strong></span> <span class='ocrx_word' id='word_1_294' title='bbox 1731 4771 1943 4828; x_wconf 87' lang='lat' dir='ltr'><strong>alcuno.</strong></span> <span class='ocrx_word' id='word_1_295' title='bbox 1984 4770 2130 4826; x_wconf 88' lang='lat' dir='ltr'><strong>Cosa</strong></span> <span class='ocrx_word' id='word_1_296' title='bbox 2165 4776 2478 4825; x_wconf 79' lang='lat' dir='ltr'><strong>veramente</strong></span> <span class='ocrx_word' id='word_1_297' title='bbox 2516 4769 2757 4826; x_wconf 84' lang='lat' dir='ltr'><strong>notanda</strong></span> <span class='ocrx_word' id='word_1_298' title='bbox 2794 4787 2825 4824; x_wconf 89' lang='lat' dir='ltr'><strong>e</strong></span> 
     </span>
     <span class='ocr_line' id='line_1_34' title="bbox 233 4845 2825 4933; baseline 0.004 -29"><span class='ocrx_word' id='word_1_299' title='bbox 233 4845 366 4920; x_wconf 66' lang='lat' dir='ltr'><strong>dogna</strong></span> <span class='ocrx_word' id='word_1_300' title='bbox 387 4853 434 4910; x_wconf 88' lang='lat' dir='ltr'><strong>di</strong></span> <span class='ocrx_word' id='word_1_301' title='bbox 459 4858 730 4916; x_wconf 86' lang='lat' dir='ltr'><strong>memoria.</strong></span> <span class='ocrx_word' id='word_1_302' title='bbox 763 4858 844 4914; x_wconf 75' lang='lat' dir='ltr'><strong>Ne</strong></span> <span class='ocrx_word' id='word_1_303' title='bbox 871 4857 979 4914; x_wconf 87' lang='lat' dir='ltr'><strong>mai</strong></span> <span class='ocrx_word' id='word_1_304' title='bbox 999 4858 1094 4931; x_wconf 72' lang='lat' dir='ltr'><strong>piu</strong></span> <span class='ocrx_word' id='word_1_305' title='bbox 1122 4859 1207 4914; x_wconf 87' lang='lat' dir='ltr'><strong>ne’</strong></span> <span class='ocrx_word' id='word_1_306' title='bbox 1239 4859 1405 4933; x_wconf 84' lang='lat' dir='ltr'><strong>tempi</strong></span> <span class='ocrx_word' id='word_1_307' title='bbox 1437 4859 1576 4916; x_wconf 78' lang='lat' dir='ltr'><strong>s’udi</strong></span> <span class='ocrx_word' id='word_1_308' title='bbox 1606 4877 1718 4916; x_wconf 87' lang='lat' dir='ltr'><strong>una</strong></span> <span class='ocrx_word' id='word_1_309' title='bbox 1745 4860 1921 4916; x_wconf 87' lang='lat' dir='ltr'><strong>simile</strong></span> <span class='ocrx_word' id='word_1_310' title='bbox 1949 4876 2149 4915; x_wconf 85' lang='lat' dir='ltr'><strong>nuova.</strong></span> <span class='ocrx_word' id='word_1_311' title='bbox 2176 4881 2204 4910; x_wconf 89' lang='lat'>»</span> <span class='ocrx_word' id='word_1_312' title='bbox 2236 4859 2536 4915; x_wconf 83' lang='lat' dir='ltr'><strong>Chronicon</strong></span> <span class='ocrx_word' id='word_1_313' title='bbox 2563 4860 2825 4915; x_wconf 71' lang='lat' dir='ltr'><strong>Venetam</strong></span> 
     </span>
     <span class='ocr_line' id='line_1_35' title="bbox 231 4931 2824 5022; baseline 0.006 -34"><span class='ocrx_word' id='word_1_314' title='bbox 231 4931 330 4994; x_wconf 70' lang='lat' dir='ltr'><strong>«lans</strong></span> <span class='ocrx_word' id='word_1_315' title='bbox 352 4943 608 5016; x_wconf 76' lang='lat' dir='ltr'><strong>Muratori,</strong></span> <span class='ocrx_word' id='word_1_316' title='bbox 644 4951 772 5004; x_wconf 75' lang='lat' dir='ltr'><strong>Ber,</strong></span> <span class='ocrx_word' id='word_1_317' title='bbox 810 4948 936 5004; x_wconf 71' lang='lat' dir='ltr'><strong>Ital.</strong></span> <span class='ocrx_word' id='word_1_318' title='bbox 976 4949 1202 5019; x_wconf 51' lang='lat' dir='ltr'><strong>Sci-ipa,</strong></span> <span class='ocrx_word' id='word_1_319' title='bbox 1237 4955 1278 5006; x_wconf 84' lang='lat' dir='ltr'><strong>t.</strong></span> <span class='ocrx_word' id='word_1_320' title='bbox 1319 4948 1517 5017; x_wconf 86' lang='lat' dir='ltr'>XXIV,</span> <span class='ocrx_word' id='word_1_321' title='bbox 1549 4968 1603 5022; x_wconf 93' lang='lat' dir='ltr'><strong>p.</strong></span> <span class='ocrx_word' id='word_1_322' title='bbox 1648 4951 1732 5006; x_wconf 89' lang='lat'><strong>10.</strong></span> <span class='ocrx_word' id='word_1_323' title='bbox 1777 4948 1918 5021; x_wconf 80' lang='lat' dir='ltr'><strong>Voy.</strong></span> <span class='ocrx_word' id='word_1_324' title='bbox 1951 4952 1985 5003; x_wconf 74' lang='lat' dir='ltr'><strong>a</strong></span> <span class='ocrx_word' id='word_1_325' title='bbox 2021 4947 2185 5022; x_wconf 87' lang='lat' dir='ltr'><strong>l’app.</strong></span> <span class='ocrx_word' id='word_1_326' title='bbox 2218 4958 2283 5003; x_wconf 83' lang='lat' dir='ltr'><strong>n⁰</strong></span> <span class='ocrx_word' id='word_1_327' title='bbox 2312 4949 2399 5004; x_wconf 83' lang='lat'><strong>26.</strong></span> <span class='ocrx_word' id='word_1_328' title='bbox 2436 4970 2465 4999; x_wconf 93' lang='lat'>«</span> <span class='ocrx_word' id='word_1_329' title='bbox 2494 4949 2720 5003; x_wconf 81' lang='lat' dir='ltr'><strong>Lentree</strong></span> <span class='ocrx_word' id='word_1_330' title='bbox 2748 4949 2824 5004; x_wconf 82' lang='lat' dir='ltr'><strong>du</strong></span> 
     </span>
     <span class='ocr_line' id='line_1_36' title="bbox 233 5036 2821 5112; baseline -0.002 -18"><span class='ocrx_word' id='word_1_331' title='bbox 233 5039 300 5094; x_wconf 62' lang='lat' dir='ltr'><strong>&#39;W</strong></span> <span class='ocrx_word' id='word_1_332' title='bbox 333 5041 484 5090; x_wconf 73' lang='lat' dir='ltr'><strong>nostre</strong></span> <span class='ocrx_word' id='word_1_333' title='bbox 507 5041 618 5092; x_wconf 81' lang='lat' dir='ltr'><strong>sire</strong></span> <span class='ocrx_word' id='word_1_334' title='bbox 642 5054 676 5091; x_wconf 84' lang='grc' dir='ltr'><em>α</em></span> <span class='ocrx_word' id='word_1_335' title='bbox 699 5039 918 5094; x_wconf 79' lang='lat' dir='ltr'><strong>Romme</strong></span> <span class='ocrx_word' id='word_1_336' title='bbox 947 5059 1000 5105; x_wconf 90' lang='lat'><strong>»,</strong></span> <span class='ocrx_word' id='word_1_337' title='bbox 1032 5044 1088 5093; x_wconf 89' lang='lat' dir='ltr'><strong>et.</strong></span> <span class='ocrx_word' id='word_1_338' title='bbox 1115 5036 1194 5093; x_wconf 86' lang='lat' dir='ltr'><strong>les</strong></span> <span class='ocrx_word' id='word_1_339' title='bbox 1221 5038 1406 5112; x_wconf 78' lang='lat' dir='ltr'><strong>pieces</strong></span> <span class='ocrx_word' id='word_1_340' title='bbox 1437 5038 1736 5095; x_wconf 75' lang='lat' dir='ltr'><strong>suivanteS.</strong></span> <span class='ocrx_word' id='word_1_341' title='bbox 1771 5038 1875 5094; x_wconf 87' lang='lat' dir='ltr'><strong>Ces</strong></span> <span class='ocrx_word' id='word_1_342' title='bbox 1908 5037 2181 5104; x_wconf 83' lang='lat' dir='ltr'><strong>relations,</strong></span> <span class='ocrx_word' id='word_1_343' title='bbox 2216 5037 2413 5094; x_wconf 63' lang='lat' dir='ltr'><strong>acrites</strong></span> <span class='ocrx_word' id='word_1_344' title='bbox 2442 5053 2542 5111; x_wconf 86' lang='lat' dir='ltr'><strong>par</strong></span> <span class='ocrx_word' id='word_1_345' title='bbox 2565 5053 2671 5091; x_wconf 84' lang='lat' dir='ltr'><strong>une</strong></span> <span class='ocrx_word' id='word_1_346' title='bbox 2700 5054 2821 5110; x_wconf 83' lang='lat' dir='ltr'><strong>per-</strong></span> 
     </span>
     <span class='ocr_line' id='line_1_37' title="bbox 237 5119 2819 5198; baseline 0.005 -33"><span class='ocrx_word' id='word_1_347' title='bbox 237 5127 362 5172; x_wconf 75' lang='lat' dir='ltr'><strong>sonne</strong></span> <span class='ocrx_word' id='word_1_348' title='bbox 390 5119 450 5174; x_wconf 84' lang='lat' dir='ltr'><strong>de</strong></span> <span class='ocrx_word' id='word_1_349' title='bbox 483 5123 532 5178; x_wconf 87' lang='lat' dir='ltr'><strong>la</strong></span> <span class='ocrx_word' id='word_1_350' title='bbox 567 5124 708 5181; x_wconf 79' lang='lat' dir='ltr'><strong>suite</strong></span> <span class='ocrx_word' id='word_1_351' title='bbox 747 5125 824 5180; x_wconf 86' lang='lat' dir='ltr'><strong>du</strong></span> <span class='ocrx_word' id='word_1_352' title='bbox 869 5125 966 5192; x_wconf 86' lang='lat' dir='ltr'><strong>roi,</strong></span> <span class='ocrx_word' id='word_1_353' title='bbox 1009 5132 1064 5180; x_wconf 86' lang='lat' dir='ltr'><strong>et</strong></span> <span class='ocrx_word' id='word_1_354' title='bbox 1103 5142 1234 5181; x_wconf 88' lang='lat' dir='ltr'><strong>sans</strong></span> <span class='ocrx_word' id='word_1_355' title='bbox 1273 5125 1437 5180; x_wconf 87' lang='lat' dir='ltr'><strong>doute</strong></span> <span class='ocrx_word' id='word_1_356' title='bbox 1475 5142 1575 5198; x_wconf 88' lang='lat' dir='ltr'><strong>par</strong></span> <span class='ocrx_word' id='word_1_357' title='bbox 1607 5142 1707 5182; x_wconf 88' lang='lat' dir='ltr'><strong>son</strong></span> <span class='ocrx_word' id='word_1_358' title='bbox 1747 5125 1925 5192; x_wconf 80' lang='lat' dir='ltr'><strong>ordre,</strong></span> <span class='ocrx_word' id='word_1_359' title='bbox 1966 5124 2147 5182; x_wconf 73' lang='lat' dir='ltr'><strong>iurent.</strong></span> <span class='ocrx_word' id='word_1_360' title='bbox 2183 5124 2493 5198; x_wconf 70' lang='lat' dir='ltr'><strong>imprimecs</strong></span> <span class='ocrx_word' id='word_1_361' title='bbox 2533 5139 2629 5180; x_wconf 88' lang='lat' dir='ltr'><strong>sur</strong></span> <span class='ocrx_word' id='word_1_362' title='bbox 2666 5121 2819 5194; x_wconf 87' lang='lat' dir='ltr'><strong>place</strong></span> 
     </span>
     <span class='ocr_line' id='line_1_38' title="bbox 239 5212 1452 5284; baseline 0.002 -18"><span class='ocrx_word' id='word_1_363' title='bbox 239 5212 442 5266; x_wconf 61' lang='lat' dir='ltr'><strong>mureti-e</strong></span> <span class='ocrx_word' id='word_1_364' title='bbox 467 5213 750 5284; x_wconf 69' lang='lat' dir='ltr'><strong>expediees</strong></span> <span class='ocrx_word' id='word_1_365' title='bbox 780 5232 848 5269; x_wconf 82' lang='lat' dir='ltr'><strong>en</strong></span> <span class='ocrx_word' id='word_1_366' title='bbox 879 5213 1030 5272; x_wconf 81' lang='lat' dir='ltr'><strong>ltalie</strong></span> <span class='ocrx_word' id='word_1_367' title='bbox 1048 5220 1105 5271; x_wconf 86' lang='lat' dir='ltr'><strong>et.</strong></span> <span class='ocrx_word' id='word_1_368' title='bbox 1133 5231 1198 5268; x_wconf 84' lang='lat' dir='ltr'><strong>en</strong></span> <span class='ocrx_word' id='word_1_369' title='bbox 1231 5214 1452 5272; x_wconf 81' lang='lat' dir='ltr'><strong>France.</strong></span> 
     </span>
    </p>
   </div>
  </div>
 </body>
</html>
