3625 6059
736 527 841 584 132
1390 571 1411 604 Ι.
1650 521 1927 579 JOHANN
1934 521 1998 578 IS
2045 519 2492 592 BURCHARDI,
3093 523 3210 586 [Mai
3232 527 3346 588 14⁹⁴]

734 699 892 767 rex,
930 672 1087 752 'sedi
1114 672 1512 773 apostolice
1544 673 2078 766 devotissimus,
2105 673 2294 773 juris
2321 673 2525 773 regni
2566 679 2640 750 et
2677 681 2870 749 terre
2906 674 3346 774 predictorum

734 825 820 877 ac
859 800 1218 898 'regalium
1262 798 1653 898 insignium
1696 799 2147 898 plenitudine
2193 799 2536 898 gratulari
2579 823 2664 874 ac
2707 804 2972 874 statum
3015 799 3212 875 suum
3246 801 3348 874 fir-

734 927 920 1001 miu's
956 923 1272 1001 stabilire
1303 923 1561 1019 valeat,
1600 924 2070 1022 volentesque
2102 929 2381 998 tantum
2412 946 2701 1013 munus,
2741 929 2959 1021 prou't
2985 925 3191 1000 etiam
3216 949 3349 1024 pre-

732 1053 919 1127 fatus
957 1051 1371 1149 Alphonsus
1405 1075 1531 1127 rex
1559 1055 1693 1151 per
1722 1075 1894 1126 suos
1925 1050 2276 1150 speciales
2305 1058 2694 1148 propterea
2723 1050 2815 1126 ad
2845 1075 2978 1126 nos
3005 1050 3351 1127 destinatos

680 1215 685 1222 ·
735 1184 1061 1259 oratores
1092 1199 1260 1250 cum
1294 1177 1641 1254 instantia
1664 1177 2080 1275 postulavit,
2125 1174 2524 1274 adimplere
2557 1198 2644 1250 ac
2677 1176 2939 1253 debitis
2979 1176 3353 1252 solemnita-

734 1304 925 1377 tibus
968 1302 1357 1392 honorare,
1402 1302 1830 1377 eorumdem
1867 1298 2470 1400 predecessorum
2508 1301 2828 1401 vestigiis
2867 1301 3270 1391 inherendo,
3297 1309 3356 1376 et

736 1429 829 1504 ad
863 1434 932 1504 te
965 1427 1084 1525 qui
1119 1450 1340 1526 opere
1370 1429 1665 1527 quidem
1709 1435 1970 1529 potens
2015 1451 2094 1502 es
2133 1433 2205 1502 et
2244 1449 2606 1520 sermone,
2643 1450 2729 1502 ac
2772 1450 2988 1525 quem
3016 1427 3090 1501 in
3117 1427 3355 1525 magnis

736 1561 1109 1654 expertum
1144 1561 1218 1626 et
1248 1554 1519 1645 arduiS,
1560 1554 1825 1629 eximia
1851 1553 2208 1652 probitate
2245 1559 2319 1628 et
2347 1551 2692 1629 fidelitate
2722 1575 3111 1650 rerumque
3139 1575 3357 1651 geren-

736 1681 993 1755 darum
1040 1682 1485 1782 experientia
1526 1704 1614 1756 ac
1663 1680 2013 1778 precipua
2053 1679 2437 1779 prudentia
2485 1705 2569 1754 ac
2612 1679 3025 1777 integritate
3069 1699 3357 1773 compro-

734 1805 985 1880 batum
1035 1806 1419 1898 habemuS,
1477 1813 1799 1881 mentem
1850 1813 2171 1880 nostram
2231 1805 2607 1903 potissime
2669 1809 3169 1879 convertentes
3225 1823 3358 1898 spe-

736 1939 1129 2030 rantesque
1178 1930 1373 2030 quod
1420 1954 1508 2006 ea
1554 1954 1695 2028 que
1744 1930 1872 2004 tibi
1925 1930 2343 2005 duxerimus
2391 1927 2940 2018 committenda,
2993 1926 3218 2026 gratia
3256 1924 3360 2000 tibi

740 2058 1123 2135 assistente
1170 2057 1435 2148 divina,
1486 2056 2040 2154 circumspecte,
2085 2055 2484 2154 prudenter
2525 2063 2600 2132 et
2636 2053 2952 2130 fideliter
2993 2049 3358 2149 exequeris,

740 2182 988 2258 habita
1014 2205 1230 2282 super
1251 2183 1396 2258 hoc
1422 2205 1591 2258 cum
1616 2181 2143 2257 venerabilibus
2169 2181 2506 2256 fratribus
2533 2180 2796 2255 nostris
2827 2185 3080 2254 sancte
3107 2199 3362 2252 romane

738 2309 1062 2384 Ecclesie
1104 2310 1591 2386 cardinalibus
1639 2309 2160 2384 deliberatione
2209 2315 2520 2400 matura,
2564 2316 2635 2382 te
2674 2313 2923 2383 nostro
2963 2314 3043 2383 et
3081 2303 3364 2403 ejusdem

736 2434 1063 2510 Ecclesie
1102 2435 1399 2527 nomine
1446 2436 1538 2510 ad
1587 2457 1896 2532 regnum
1937 2439 2010 2507 et
2053 2453 2302 2530 rege-m
2341 2434 2701 2532 prefatum
2744 2455 2877 2529 pro
2919 2429 3278 2529 premissis
3309 2433 3364 2501 et

734 2560 1100 2634 nonnullis
1130 2560 1286 2634 aliis
1318 2559 1648 2657 ejusdem
1682 2566 1927 2632 sancte
1961 2581 2260 2632 romane
2305 2557 2630 2632 Ecclesie
2661 2554 2902 2632 arduis
2931 2555 3238 2652 negotiis
3261 2574 3366 2651 pe·

734 2684 1077 2782 ragendis
1106 2684 1296 2760 dicte
1327 2684 1521 2759 sedis
1557 2683 1881 2780 legatum
1925 2681 2016 2757 de
2053 2683 2278 2758 latere
2318 2691 2593 2773 nostr0,
2644 2681 2733 2757 de
2779 2682 3083 2756 fratrum
3121 2700 3365 2755 eorum-

734 2807 913 2882 dem'
953 2808 1283 2900 consilio,
1344 2807 1735 2883 comitante
1783 2805 1986 2904 pacis
2033 2806 2321 2904 angelo,
2381 2806 2860 2897 destinamus,
2927 2804 3367 2901 circumspec-

739 2934 917 3009 tioni
965 2940 1115 3024 tue,
1168 2935 1532 3033 prefatum
1578 2931 2034 3030 Alphonsum
2085 2957 2364 3032 regem,
2428 2931 2727 3030 prestito
2771 2931 2862 3005 ab
2907 2954 2998 3006 eo
3055 2938 3128 3005 et
3168 2951 3284 3028 per
3313 2933 3368 3001 te

738 3063 1068 3159 recepto,
1114 3068 1366 3137 nostro
1416 3069 1489 3137 et
1538 3057 1867 3160 ejusdem
1907 3062 2231 3134 Romane
2281 3057 2601 3132 Ecclesie
2639 3055 2963 3147 nomine,
3013 3055 3212 3154 juxta
3249 3053 3368 3126 for-

740 3203 935 3254 mam
986 3181 1061 3253 in
1105 3181 1333 3256 literis
1376 3182 1779 3258 Innocentii
1817 3181 2356 3281 predecessoris
2398 3179 2818 3278 hujusmodi
2862 3179 3179 3278 desuper
3223 3199 3368 3252 con-

740 3305 950 3379 sectis
990 3311 1064 3380 et
1102 3305 1407 3381 inferius
1445 3315 1894 3398 annotatam,
1943 3307 2298 3404 corporali
2334 3306 2750 3403 juramento
2809 3329 2944 3404 per
3005 3300 3372 3403 impositio-

739 3451 909 3503 nem
937 3429 1173 3504 vexilli
1206 3431 1537 3529 ejusdem
1577 3455 1878 3509 romane
1911 3432 2235 3508 Ecclesie
2265 3433 2340 3506 in
2371 3433 2520 3506 suis
2551 3431 2912 3521 manibuS,
2947 3431 3042 3505 de
3084 3450 3292 3526 regno
3315 3429 3376 3498 et

741 3561 935 3628 terra
961 3553 1304 3652 predictis
1346 3580 1430 3630 ac
1462 3557 1799 3633 omnibus
1834 3558 2118 3657 juribus
2149 3564 2221 3633 et
2260 3557 2714 3656 pertinentiis
2743 3556 3198 3646 eorumdem,
3241 3575 3377 3627 auc·

740 3678 1029 3753 toritate
1070 3681 1471 3777 apostolica
1506 3683 1937 3758 investiendi
1967 3684 2352 3783 ipsumque
2398 3683 2471 3757 in
2501 3683 2790 3758 illorum
2820 3681 3127 3772 realem,
3159 3697 3378 3776 corpo-

739 3802 967 3878 ralem
1000 3811 1073 3880 et
1094 3807 1453 3882 actualem
1477 3811 2022 3907 possessionem
2048 3809 2437 3884 inducendi
2463 3831 2549 3883 ac
2572 3809 2934 3907 prefatum
2959 3805 3376 3905 Alphonsum

743 3952 1021 4028 regem,
1065 3940 1449 4030 postquam
1490 3935 1692 4010 illum
1736 3935 2142 4012 investieris
2180 3942 2255 4009 et
2292 3936 2367 4008 in
2409 3930 2952 4032 possessionem
2995 3922 3380 4030 hujusmodi

743 4053 1141 4148 induxeris,
1178 4064 1253 4132 ut
1282 4061 1669 4156 prefertur,
1712 4060 2136 4138 solemniter
2169 4058 2563 4157 inungendi
2607 4057 2992 4156 ipsumque
3023 4056 3102 4132 in
3127 4054 3380 4154 siguum

742 4178 937 4275 pleni
957 4181 1141 4280 juris
1166 4189 1381 4281 atque
1413 4183 1714 4259 dominii
1754 4194 1826 4262 et
1857 4193 2045 4261 terre
2075 4185 2569 4284 predictorum
2599 4181 2962 4258 salubrem
2993 4188 3069 4259 et
3097 4178 3376 4259 felicem,

743 4302 817 4377 in
844 4328 1095 4403 regem
1126 4309 1565 4384 catholicum
1595 4310 1789 4385 dicta
1817 4311 2088 4386 auctori
2100 4317 2242 4385 tate
2273 4307 2666 4385 coronandi
2697 4307 3122 4384 facultatem
3151 4310 3223 4380 et
3245 4322 3384 4376 auc·

747 4428 1137 4522 toritatem,
1184 4433 1443 4508 eadem
1472 4433 1903 4509 auctoritate
1938 4438 2010 4509 et
2039 4433 2132 4510 de
2164 4433 2382 4509 simili
2416 4432 2748 4523 consilio,
2785 4431 3291 4508 concedentes.
3321 4420 3386 4498 ld

748 4557 1017 4644 tamen,
1052 4553 1313 4632 dilecte
1353 4556 1483 4648 fili,
1527 4580 1791 4631 munus
1829 4556 2251 4655 hujusmodi
2295 4559 2552 4635 devota
2592 4564 2839 4634 mente
2880 4555 3300 4656 suscipienS,
3327 4554 3384 4621 te

748 4676 821 4748 in
852 4677 1043 4752 illius
1078 4683 1587 4778 exequutione,
1622 4689 1874 4757 nostro
1915 4688 1989 4756 et
2026 4682 2218 4757 dicte
2259 4683 2450 4758 sedis
2491 4692 2740 4760 nostre
2769 4683 3054 4758 honore
3087 4679 3190 4754 sic
3217 4669 3388 4752 solli·

718 4800 999 4895 ¹citum,
1036 4802 1458 4902 diligentem
1500 4814 1572 4882 et
1609 4807 2014 4881 studiosum
2056 4807 2436 4900 exhibens,
2477 4805 2672 4905 quod
2706 4806 2780 4880 in
2823 4813 3074 4880 nostro
3115 4810 3189 4879 et
3225 4795 3390 4874 sedis

747 4925 1143 5023 apostolice
1182 4936 1605 5029 conspectu,
1649 4955 1818 5007 cum
1856 4930 1946 5006 ab
1985 4932 2246 5008 eodem
2275 4933 2648 5031 Alphonso
2696 4954 2870 5030 rege
2911 4926 3238 5016 tertiaria,
3267 4940 3393 4996 non

752 5049 1117 5126 immerito
1153 5054 1390 5150 possis
1430 5057 1951 5132 commendari.
2014 5089 2049 5126 »

849 5178 1091 5251 Tenor
1118 5201 1284 5252 vero
1316 5179 1550 5255 forme
1580 5183 1902 5280 predicte
1933 5185 2258 5281 sequitur
2285 5194 2358 5261 et
2389 5193 2500 5262 est
2529 5185 2721 5277 talis,
2755 5181 3088 5259 videlicet
3126 5199 3144 5254 ε
