3625 6059
249 540 364 605 mai
391 538 534 599 usa]
931 536 1185 594 RERUM
1234 534 1692 595 URBANARUM
1740 533 2269 593 COMMENTARII.
2870 543 2941 596 73

279 693 582 769 extensio
622 697 710 765 R.
751 692 834 765 in
865 692 1156 766 Christo
1187 694 1264 764 P.
1299 693 1386 766 D.
1423 690 1948 790 Christophoro
1974 691 2063 765 de
2099 695 2324 767 Latua
2354 691 2586 768 electo
2618 692 2935 768 Glande-

275 824 460 901 tensi
489 827 592 897 est
613 819 1047 895 commissa.

373 948 626 1023 Eadem
665 946 818 1035 die,
855 944 1039 1018 hora
1072 968 1168 1016 xx
1203 944 1314 1018 vel
1364 945 1586 1036 circa,
1620 969 1750 1043 per
1792 954 2080 1042 portam
2120 944 2457 1021 Viridarii
2498 944 2941 1023 intraverunt

264 1082 568 1175 quatuor
597 1076 929 1147 oratores
973 1068 1439 1145 illustrissimi
1483 1071 1826 1169 principis
1857 1077 1943 1146 D.
1995 1071 2228 1147 Caroli
2264 1070 2612 1146 Johannis
2640 1072 2943 1146 Amadei

251 1198 460 1273 ducis
501 1194 900 1283 sabaudie,
935 1193 1268 1269 videlicet
1295 1196 1382 1267 R.
1418 1195 1492 1267 in
1522 1194 1806 1269 Christo
1834 1200 1912 1270 P.
1946 1202 2033 1271 D.
2074 1195 2626 1272 Bartholomeus
2671 1199 2948 1293 episco-

249 1349 394 1423 pus
443 1321 838 1409 NiciensiS,
889 1320 1260 1417 magnifici
1308 1323 1462 1395 DD.
1513 1322 1887 1418 utriusque
1942 1322 2127 1419 juris
2184 1321 2519 1396 doctores
2578 1321 2947 1420 Philippus

249 1454 668 1545 Yagnonus
699 1446 910 1519 miles
947 1444 1296 1541 magister
1327 1445 1583 1519 domus
1614 1444 1782 1519 dicti
1815 1445 2047 1535 duciS,
2086 1448 2341 1519 Petrus
2376 1445 2465 1519 de
2496 1448 2679 1519 Cara
2708 1446 2948 1519 consi-

245 1573 510 1647 liarius
541 1579 620 1647 et
649 1571 1088 1647 collateralis
1118 1571 1446 1668 ejusdem
1491 1570 1694 1644 ducis
1727 1577 2179 1668 procurator,
2216 1578 2289 1645 et
2321 1574 2404 1643 R.
2443 1574 2521 1643 P.
2562 1575 2649 1646 D.
2683 1572 2949 1645 Johan-

245 1724 386 1773 nes
433 1698 700 1785 orioli,
747 1696 1205 1772 decretorum
1249 1696 1530 1786 doctor,
1579 1697 1771 1771 sedis
1811 1696 2207 1795 apostolice
2252 1695 2818 1791 protonotarius,
2871 1697 2944 1769 iu

249 1848 570 1899 romana
609 1823 816 1898 curia
853 1820 1182 1919 ejusdem
1224 1820 1426 1896 ducis
1475 1828 1925 1919 procurator,
1970 1823 2091 1918 qui
2132 1847 2175 1897 a
2213 1822 2503 1919 prelatis
2546 1828 2619 1895 et
2660 1821 2953 1896 familiis

253 1956 404 2027 SS.
441 1956 530 2025 D.
580 1949 810 2023 nostri
857 1954 929 2021 et
979 1952 1413 2021 RRmorum.
1465 1947 1943 2023 cardinalium
1996 1970 2197 2023 more
2248 1948 2459 2021 solito
2506 1946 2806 2044 recepti,
2854 1947 2945 2021 ad

257 2077 824 2175 hospitiumque
879 2097 1132 2148 eorum
1187 2071 1685 2163 habitationiS,
1740 2073 1937 2169 quod
1982 2080 2135 2147 erat
2192 2073 2265 2145 in
2325 2073 2622 2168 regione
2684 2072 2955 2169 Regule

253 2205 476 2299 juxta
519 2200 824 2274 domum
865 2198 1230 2294 quondam
1266 2203 1354 2272 D.
1393 2198 1587 2273 Petri
1629 2199 1718 2273 de
1759 2198 2091 2274 Perreria
2133 2197 2503 2295 scriptoris
2550 2195 2952 2293 apostolici,

266 2326 622 2400 associati
675 2326 1014 2414 fuerunt3
1064 2323 1540 2420 equitavimus
1588 2330 1861 2413 autem,
1912 2324 2259 2420 magistro
2314 2322 2571 2395 domus
2619 2326 2811 2420 Pape
2858 2324 2959 2395 sic

271 2451 604 2541 volente,
633 2451 750 2525 via
781 2456 982 2523 recta
1009 2448 1100 2521 ad
1125 2470 1462 2545 campum
1493 2448 1732 2540 Flore,
1769 2455 1843 2524 et
1874 2449 2145 2523 ibidem
2168 2450 2373 2546 juxta
2408 2447 2703 2522 domum
2734 2444 2962 2518 cardi-

277 2577 470 2649 nalis
503 2575 596 2650 de
639 2574 942 2649 Medicis
982 2574 1074 2649 ad
1117 2574 1488 2648 dexteram
1529 2572 1969 2650 divertentes
1999 2596 2129 2671 per
2168 2573 2479 2648 viculum
2519 2574 2695 2649 etin
2725 2573 2959 2672 capite

281 2701 482 2775 illius
506 2702 720 2798 Juxta
747 2700 1048 2774 domum
1075 2698 1396 2774 Marcelli
1434 2702 1624 2795 Capo
1656 2699 1727 2772 di
1767 2699 1989 2793 ferro,
2024 2700 2289 2776 iterum
2320 2702 2413 2776 ad
2452 2700 2822 2775 dexteram
2851 2700 2965 2775 via

283 2828 488 2897 recta
517 2821 610 2895 ad
639 2824 938 2897 domum
967 2820 1392 2919 predictam.
2804 2842 2809 2847 “

379 2950 818 3046 Equitarunt
845 2953 1090 3021 autem
1121 2946 1504 3042 episcopus
1535 2950 1592 3021 N
1600 2946 1919 3035 iciensiS‚
1954 2945 2231 3043 primus
2262 2955 2529 3035 orator,
2556 2949 2747 3023 inter
2774 2952 2956 3023 Are-

277 3076 648 3149 latensem
677 3079 754 3147 et
783 3072 1262 3168 Saguntinum
1293 3070 1884 3167 archiepiscopos
1924 3069 2245 3165 prelatos
2274 3070 2520 3167 palatii
2550 3098 2565 3163 ;
2603 3074 2963 3148 secundus

279 3202 478 3275 inter
533 3197 1167 3293 archiepiscopum
1230 3196 1699 3270 cusentinum
1758 3194 2117 3293 prelatum
2169 3195 2411 3292 palatii
2476 3220 2519 3271 a
2576 3198 2843 3273 dextris
2892 3173 2963 3275 et

283 3326 716 3422 episcopum
747 3321 1344 3397 Lombariensem
1377 3331 1740 3397 oratorem
1775 3321 1968 3419 regis
2013 3320 2315 3395 Francie
2352 3344 2395 3394 a
2434 3322 2787 3419 sinistris3
2822 3332 2965 3399 ter-

283 3450 424 3523 tius
457 3450 655 3524 inter
693 3448 1115 3545 episcopum
1149 3447 1760 3522 Concordiensem
1805 3446 2161 3545 prelatum
2203 3447 2450 3544 palatii
2482 3470 2525 3521 a
2555 3448 2853 3541 dextriS,
2890 3458 2963 3527 et

279 3574 716 3671 episcopum
747 3572 1326 3670 Forojuliensem
1357 3578 1722 3679 oratorem
1753 3570 2084 3669 ejusdem
2113 3574 2309 3670 regis
2349 3574 2655 3647 Francie
2688 3598 2731 3647 a
2759 3576 2967 3651 sinis-

279 3700 466 3786 tris3
525 3706 854 3794 quartus,
907 3694 1243 3771 videlicet
1299 3702 1384 3770 D.
1446 3697 1815 3771 lohannes
1871 3696 2127 3787 Orioli,
2178 3696 2348 3773 licet
2414 3698 2503 3771 de
2566 3721 2752 3773 novo
2813 3722 2959 3775 non

279 3825 608 3899 venisset
639 3822 774 3897 sed
800 3828 1230 3917 procurator
1257 3822 1426 3895 dicti
1459 3822 1661 3896 ducis
1693 3821 1768 3895 in
1798 3821 1989 3897 Urbe
2011 3823 2165 3920 jam
2192 3822 2517 3919 pluribus
2539 3823 2747 3897 annis
2780 3823 2959 3897 suis-

279 3956 388 4023 set
413 3956 492 4023 et
523 3953 748 4035 esset,
787 3946 953 4043 quia
992 3946 1280 4021 dicebat
1324 3973 1402 4021 se
1447 3948 1668 4022 etiam
1715 3948 1788 4021 in
1820 3949 2161 4023 mandato
2192 3949 2645 4023 nominatum
2677 3972 2837 4023 esse
2868 3950 2963 4053 ad

279 4071 756 4170 prestandam
802 4072 1288 4147 obedientiam
1351 4076 1572 4170 Papa,
1627 4073 1992 4169 equitavit,
2036 4078 2114 4147 ut
2160 4073 2411 4161 ceteri,
2458 4074 2739 4148 medius
2778 4073 2966 4149 inter

281 4199 716 4295 episcopum
765 4196 1369 4293 Segorbicensem
1410 4197 1766 4294 prelatum
1814 4197 2057 4295 palatii
2112 4205 2186 4272 et
2232 4198 2661 4297 magistrum
2701 4198 2959 4273 domus

281 4324 472 4419 Pape
505 4346 556 4395 a
587 4321 864 4395 dextris
905 4328 978 4396 et
1023 4327 1108 4396 D.
1158 4324 1562 4397 Johannem
1605 4322 1792 4397 della
1843 4324 2056 4397 Serra
2086 4321 2417 4413 militem,
2468 4321 2687 4397 etiam
2728 4330 2961 4397 orato-

281 4472 432 4523 rem
477 4448 686 4545 regis
735 4447 1038 4523 Francie
1081 4472 1126 4522 a
1161 4448 1507 4538 sinistris3
1548 4470 1730 4544 quos
1788 4448 2019 4523 secuti
2069 4453 2238 4523 sunt
2268 4448 2387 4523 alii
2427 4447 2683 4545 prelati
2716 4447 2959 4542 palatii

275 4580 344 4648 et
385 4578 727 4649 oratores
791 4573 944 4647 hini
999 4578 1071 4648 et
1125 4571 1302 4663 bini,
1351 4596 1437 4647 ac
1484 4573 1604 4649 alii
1661 4598 1865 4649 more
1918 4580 2300 4649 consueto.
2344 4576 2685 4646 Oratores
2715 4571 2959 4668 palatii

281 4706 634 4775 venerunt
691 4719 860 4772 cum
917 4699 1412 4789 servitoribuS‚
1469 4700 1613 4775 sive
1678 4700 2041 4798 equitibus
2096 4700 2351 4772 LXXX
2380 4696 2495 4771 vel
2538 4695 2759 4788 circa,
2802 4697 2958 4774 sine

285 4826 556 4899 salmis.

373 4950 722 5041 Sabbato,
763 4956 856 5027 26
884 4952 1084 5042 maii,
1115 4951 1354 5049 vigilia
1384 4955 1880 5040 PentecosteS,
1914 4948 2216 5023 mutatio
2248 4970 2669 5047 capparum,
2709 4949 2835 5021 SS.
2866 4948 2957 5019 D.

285 5078 362 5149 N.
403 5084 704 5175 paratus
759 5100 964 5153 more
1016 5076 1228 5153 solito
1265 5078 1457 5153 venit
1501 5077 1593 5152 ad
1631 5100 1995 5173 vesperas,
2047 5102 2189 5174 que
2234 5076 2308 5150 in
2351 5075 2633 5174 capella
2675 5075 2957 5169 majore

285 5198 464 5277 dicte
522 5210 720 5295 sunt,
761 5210 838 5279 et
890 5203 966 5277 in
1009 5226 1224 5279 mane
1273 5204 1605 5297 sequenti
1655 5201 1848 5277 venit
1898 5200 1991 5277 ad
2045 5203 2420 5279 basilicam
2482 5198 2713 5275 sancti
2765 5196 2959 5269 Petri
