3625 6059
694 549 798 626 136
1217 597 1228 609 -
1611 565 1959 622 JOHANNIS
2007 564 2448 636 BuchARm,
3053 571 3174 631 [naz
3203 559 3331 637 usit]

696 727 874 800 mihi
922 747 1241 820 unquam
1292 722 1686 818 acquiram,
1737 722 1850 796 vel
1899 721 2276 795 vindicabo
2325 743 2456 794 seu
2500 727 2743 819 petam
2791 721 3186 818 acquirere,
3237 723 3331 795 vel

694 847 1240 946 quomodolibet
1268 846 1653 935 vindicare,
1698 853 1769 921 et
1813 846 1994 919 nihil
2031 870 2348 943 unquam
2387 846 2730 943 recipiam
2772 847 2881 920 vel
2909 845 3334 950 habeboseu

700 959 1022 1048 retinebo
1070 972 1183 1046 vel
1230 979 1470 1069 petam
1515 972 1870 1068 recipere,
1925 971 2235 1045 retinere
2283 993 2418 1044 nec
2467 970 2688 1044 etiam
2735 971 3007 1046 habere
3059 971 3132 1042 in
3179 970 3332 1060 illis,

696 1123 933 1197 neque
994 1099 1211 1172 ullam
1263 1098 1757 1195 potestariam‚
1819 1097 2249 1194 capitaniam
2299 1097 2412 1171 vel
2463 1097 2879 1186 rectoriam,
2935 1096 3336 1192 nullumque

701 1203 894 1296 aliud
923 1221 1243 1294 officium
1276 1221 1621 1318 recipiam
1666 1243 1793 1294 seu
1828 1221 2152 1319 recipere
2182 1229 2424 1320 petam
2455 1223 2529 1295 in
2561 1222 2834 1297 eisdem
2873 1221 2984 1296 vel
3032 1219 3336 1317 ipsorum

700 1347 964 1444 aliquo,
1014 1370 1153 1419 nec
1201 1347 1418 1420 etiam
1463 1346 1833 1443 occupabo
1872 1353 1994 1419 aut
2037 1370 2394 1443 occupare
2440 1347 2851 1444 permittam
2901 1369 3031 1420 seu
3087 1345 3334 1418 faciam

695 1471 1074 1570 premissa,
1128 1495 1255 1545 seu
1299 1453 1578 1568 partem
1623 1470 1936 1566 aliquam
1985 1472 2437 1562 eorumdem,
2487 1495 2622 1546 nec
2669 1472 2789 1544 illa
2836 1469 3198 1545 offendam
3243 1469 3337 1542 vel

697 1596 1096 1672 molestabo
1139 1619 1275 1670 nec
1319 1597 1537 1670 etiam
1583 1616 1959 1669 romanam
2014 1597 2436 1688 Ecclesiam,
2485 1595 2774 1693 quoque
2821 1595 2955 1669 sub
3000 1593 3335 1681 censuris

696 1723 1045 1820 penisque
1077 1720 1561 1818 spiritualibus
1599 1729 1671 1796 et
1699 1720 2218 1818 temporalibus
2252 1722 2320 1794 in
2353 1720 2781 1818 supradictis
2823 1719 3342 1794 conditionibus

699 1855 773 1922 et
828 1829 1319 1920 infeudatione
1372 1847 1755 1936 contentiS‚
1809 1870 1988 1942 quas
2036 1845 2154 1920 hic
2199 1845 2455 1920 haberi
2503 1844 2666 1918 volo
2718 1846 2790 1917 in
2851 1844 3157 1941 singulis
3211 1845 3342 1917 suis

698 1971 1023 2069 partibus
1065 1993 1196 2068 pro
1232 1971 1665 2067 specificatis
1711 1979 1785 2046 et
1827 1971 2148 2069 repetitis
2189 1977 2259 2046 et
2288 1970 2693 2067 expressis:
2733 1970 3198 2044 schismatico
3227 1993 3340 2044 seu

698 2098 1025 2171 heretico
1066 2097 1493 2192 cuicumque
1534 2097 1643 2170 vel
1690 2120 1731 2171 a
1779 2097 1922 2170 fide
1971 2079 2174 2170 devio
2222 2095 2333 2168 vel
2373 2095 2464 2169 ab
2501 2097 2659 2193 ipsa
2701 2095 3027 2168 Ecclesia
3069 2095 3341 2192 preciso

700 2224 998 2321 ejusque
1044 2221 1499 2318 sequacibuS,
1545 2228 1666 2295 aut
1707 2220 2040 2294 dantibus
2079 2220 2184 2294 eis
2225 2219 2567 2294 auxilium
2606 2219 2989 2293 consilium
3024 2219 3134 2292 vel
3164 2217 3345 2293 savo-

697 2371 879 2436 rem,
915 2370 1062 2421 non
1096 2347 1283 2420 dabo
1312 2348 1561 2444 quovis
1588 2345 1803 2419 modo
1835 2367 1968 2440 per
1985 2368 2131 2433 me,
2163 2344 2267 2418 vel
2299 2344 2520 2417 alium
2553 2367 2682 2418 seu
2711 2344 2916 2436 alioS‚
2948 2344 3224 2420 directe
3249 2343 3346 2418 vel

696 2473 1070 2563 indirecte,
1122 2472 1405 2570 publice
1450 2470 1563 2545 vel
1621 2468 1929 2559 occulte,
1985 2469 2358 2556 auxilium,
2419 2468 2799 2542 consilium
2850 2469 2957 2542 vel
3007 2469 3341 2558 favorem,

594 2651 601 2656 -
696 2620 834 2670 nec
865 2596 955 2669 ab
993 2597 1178 2682 aliis,
1224 2600 1571 2693 quantum
1612 2594 1685 2665 in
1725 2615 1844 2666 me
1883 2591 2125 2682 fuerit,
2171 2592 2227 2666 si
2274 2592 2628 2690 impedire
2669 2601 2950 2691 potero,
2994 2594 3155 2668 dari
3195 2617 3348 2692 per-

698 2722 1008 2810 mittam,
1039 2719 1168 2794 sed
1192 2743 1320 2793 eos
1340 2721 1545 2816 juxta
1573 2739 1787 2814 posse
1812 2738 2084 2806 meum,
2116 2716 2349 2789 donec
2381 2727 2917 2810 convertantur,
2963 2741 3352 2816 persequar

696 2853 768 2920 et
796 2845 1155 2921 invadam.
1202 2847 1356 2930 Que
1390 2843 1639 2915 omnia
1684 2847 1756 2915 et
1796 2840 2102 2936 singula,
2147 2847 2226 2914 ut
2255 2842 2530 2938 jacent,
2579 2841 2711 2915 sub
2753 2842 2895 2919 fide
2941 2867 3114 2918 mea
3170 2844 3350 2939 regia

691 2971 963 3062 volenS,
1014 2975 1223 3044 Rmo.
1276 2968 1350 3040 in
1392 2965 1677 3041 Christo
1720 2965 1905 3063 patri
1953 2971 2025 3038 et
2057 2963 2353 3038 domino
2394 2969 2481 3039 D.
2530 2967 2842 3041 Johanni
2885 2967 3068 3042 tituli
3117 2973 3350 3041 sancte

692 3098 1019 3176 Susanne
1066 3099 1311 3167 sancte
1355 3113 1653 3166 romane
1694 3089 2015 3164 Ecclesie
2062 3088 2484 3186 presbytero
2523 3090 2870 3166 cardinali
2911 3095 3180 3168 Montis
3225 3099 3349 3166 Re-

694 3219 901 3315 galiS,
938 3216 1330 3314 apostolice
1364 3214 1555 3288 sedis
1594 3214 1864 3310 legato,
1919 3213 2010 3286 ad
2052 3213 2192 3286 hec
2241 3212 2651 3310 specialiter
2698 3215 3068 3314 deputato,
3105 3218 3260 3292 vice
3289 3227 3350 3290 et

692 3343 987 3416 nomine
1022 3345 1149 3416 SS.
1187 3345 1275 3415 D.
1323 3345 1408 3450 N.
1445 3363 1629 3438 pape
1672 3346 2064 3435 sancteque
2115 3361 2411 3414 romane
2462 3339 2782 3416 Ecclesie
2833 3341 3344 3438 predictorum,

691 3468 1037 3564 presenti,
1112 3466 1483 3562 stipulanti
1550 3471 1618 3538 et
1688 3463 2092 3558 recipienti,
2164 3485 2449 3552 curare,
2520 3488 2910 3561 procurare
2977 3473 3052 3540 et
3121 3448 3350 3542 facere

691 3590 1195 3664 inviolabiliter
1242 3579 1653 3678 observare,
1706 3585 2050 3684 promitto
2109 3587 2379 3684 pariter
2425 3595 2498 3662 et
2540 3591 2734 3686 jur0.
2797 3592 2918 3664 Sic
2975 3613 3096 3666 me
3168 3595 3352 3667 Deus

692 3715 978 3812 adjuvet
1009 3722 1082 3787 et
1113 3721 1364 3798 sancta
1391 3714 1530 3788 hec
1561 3714 1693 3788 Dei
1726 3713 2122 3809 evangelia.
2177 3743 2213 3780 »

787 3842 965 3912 Tum
999 3861 1122 3912 rex
1152 3837 1402 3910 ambas
1432 3860 1691 3910 manus
1722 3859 1943 3933 super
1969 3835 2233 3909 librum
2265 3837 2581 3931 missale,
2618 3863 2835 3936 quem
2877 3845 3132 3916 Rmus.
3167 3843 3352 3940 lega-

691 3972 805 4038 tus
834 3963 1139 4052 tenebit,
1178 3961 1511 4036 videlicet
1541 3960 1868 4034 dextram
1901 3984 2122 4058 super
2151 3961 2599 4053 crucifixum,
2635 3969 2710 4036 et
2739 3965 3113 4040 sinistram
3145 3989 3353 4064 super

686 4095 993 4184 quatuor
1041 4086 1416 4183 evangelia
1456 4086 1549 4160 ad
1594 4087 1735 4162 hec
1778 4084 2192 4184 specialiter
2241 4084 2314 4157 in
2365 4083 2554 4161 dicto
2614 4088 2886 4162 missali
2935 4091 3236 4188 depicta
3289 4097 3352 4164 et

688 4214 981 4309 scripta,
1019 4217 1241 4309 ponat
1264 4236 1279 4302 ;
1314 4211 1563 4308 sicque
1590 4211 1768 4309 legit
1794 4219 1868 4287 et
1888 4213 2108 4309 jurat.

782 4335 1108 4423 Interim,
1140 4334 1309 4407 dum
1336 4336 1830 4431 juramentum
1863 4335 2269 4432 predictum
2295 4359 2424 4434 per
2455 4361 2700 4434 regem
2725 4346 3115 4437 prestatur,
3143 4339 3351 4415 vexil-

681 4460 833 4534 lum
892 4465 1141 4534 sancte
1200 4481 1499 4533 romane
1545 4460 1892 4550 Ecclesie,
1929 4461 2022 4534 ad
2073 4462 2214 4534 hoc
2261 4483 2392 4557 per
2443 4463 2570 4534 SS.
2621 4464 2708 4536 D.
2745 4465 2830 4536 N.
2867 4487 3132 4560 papam
3187 4464 3348 4538 mis-

684 4608 871 4673 sum,
908 4585 1323 4681 imponatur
1366 4608 1493 4658 sue
1532 4585 1765 4675 haste,
1802 4592 1874 4659 et
1905 4592 2231 4660 erectum
2273 4592 2610 4660 teneatur
2645 4610 2775 4685 per
2815 4587 3238 4684 religiosum
3279 4593 3344 4661 et

683 4712 1059 4780 strenuum
1090 4706 1467 4781 dominum
1495 4707 2002 4783 Collerandum
2035 4713 2134 4803 (1)
2167 4712 2457 4807 Borgia‚
2483 4711 2790 4785 militem
2811 4711 3082 4785 ordinis
3115 4713 3344 4786 sancti

680 4832 1033 4904 Johannis
1072 4831 1709 4923 Hierosolimitani‚
1759 4833 2063 4931 predicti
2115 4836 2300 4909 Rmi.
2342 4839 2428 4909 D.
2457 4836 2838 4910 cardinalis
2878 4859 3340 4933 germanum,

679 4955 805 5051 qui
844 4952 1183 5028 vexillum
1230 4954 1469 5050 ipsum
1518 4981 1607 5031 ex
1647 4958 2164 5032 commissione
2199 4961 2325 5034 SS.
2365 4962 2448 5033 D.
2485 4963 2571 5034 N.
2607 4984 2793 5059 pape
2821 4985 2912 5034 ex
2943 4961 3136 5036 Urbe
3169 4985 3342 5060 por-

682 5081 876 5156 tavit.

750 5233 801 5290 1.
844 5231 1229 5290 Coerulandum
1262 5231 1528 5306 (Rinaldi‚
1560 5252 1613 5307 p.
1643 5237 1768 5305 214,
1790 5240 1858 5291 n⁰
1881 5238 1962 5308 6).
