3625 6059
771 554 878 611 316
1717 540 2069 599 JOHANNIS
2118 537 2565 607 BURCHARDI,
3094 536 3259 597 [Aout
3290 540 3401 601 1496]

773 710 1081 803 quatuor
1109 699 1394 774 clericis
1427 696 1956 771 committeret:
1990 694 2260 792 placuit
2285 691 2725 766 Excellentie
2758 712 2889 765 sue
2914 696 2989 765 et
3016 690 3215 786 quod
3242 690 3405 765 deiu-

613 824 626 837 ’
769 853 939 927 ceps
951 826 1398 925 perclericos
1419 822 1624 897 fieret
1643 820 2021 896 ordinavit.
2044 818 2585 916 Presbyterium
2606 817 2739 889 fuit
2758 815 3125 913 tapetibus
3140 837 3405 913 cooper-

771 963 920 1031 tum
955 955 1097 1026 sive
1131 958 1436 1025 stratum
1472 973 1486 1022 ε
1524 947 1804 1022 nobiles
1837 945 2039 1019 ducis
2086 952 2160 1017 et
2196 944 2315 1017 alii
2346 966 2602 1018 omnes
2628 948 2985 1017 steterunt
3014 942 3089 1013 in
3132 941 3405 1015 ecclesia

772 1087 976 1154 extra
1004 1077 1366 1151 tribunam
1398 1074 1641 1148 altaris
1673 1058 2001 1169 maj0ri‘S‚
2030 1068 2288 1167 prelati
2329 1091 2501 1142 vero
2534 1090 2789 1141 omnes
2820 1067 2894 1140 in
2925 1073 3235 1162 quatuor
3260 1065 3408 1139 ban-

772 1204 930 1277 chis
977 1202 1162 1275 infra
1205 1200 1738 1299 presbyterium
1773 1198 1845 1269 in
1896 1197 2197 1292 longum
2229 1194 2569 1283 ecclesie,
2602 1194 2679 1266 in
2712 1192 3049 1291 opposito
3081 1197 3407 1279 oratores,

771 1328 1024 1427 positis
1070 1326 1421 1423 spalleriis
1463 1326 1612 1399 sive
1662 1320 2136 1396 banchalibus
2180 1320 2543 1417 coopertis
2594 1324 2785 1393 retro
2828 1319 3157 1415 legatum
3204 1326 3271 1391 et
3310 1318 3413 1413 du-

771 1478 930 1529 cem
961 1479 976 1543 ;
1014 1452 1248 1550 posita
1277 1451 1566 1524 fuerunt
1596 1447 1814 1546 pallia
1842 1470 1973 1543 pro
2000 1452 2285 1519 ornatu.
2328 1448 2637 1539 Legatus
2672 1443 2925 1517 habuit
2959 1444 3099 1516 sub
3140 1442 3409 1539 genibus

773 1573 1140 1653 cussinum
1189 1599 1515 1667 aureum,
1555 1580 1627 1648 et
1675 1572 1869 1645 aliud
1914 1571 2047 1645 sub
2096 1570 2413 1643 brachiis
2456 1576 2529 1641 et
2567 1569 2881 1667 desuper
2922 1571 3219 1645 missale
3248 1596 3263 1657 ;
3296 1570 3411 1643 dux

771 1706 1145 1781 cussinum
1177 1708 1458 1776 tantum
1495 1698 1752 1772 habuit
1781 1698 1916 1771 sub
1942 1696 2274 1792 genibus,

867 1830 1102 1903 Finita
1131 1827 1378 1910 missa,
1402 1826 1684 1921 legatus
1712 1822 1907 1896 dedit
1939 1820 2525 1896 benedictionem
2554 1822 2955 1896 solemnem
2981 1822 3061 1896 in
3093 1823 3403 1907 suoloc0‚

771 1978 998 2029 cruce.
1031 1976 1156 2027 sua
1187 1958 1354 2025 ante
1385 1973 1550 2025 eum
1592 1946 1854 2046 posita,
1892 1952 1965 2021 et
2006 1945 2491 2041 indulgentias
2536 1946 2844 2020 duorum
2874 1972 3237 2023 annorum
3266 1974 3409 2046 quas

774 2102 992 2155 nemo
1023 2077 1436 2175 publicavit,
1471 2074 1642 2171 quia
1681 2080 2014 2147 cantores
2056 2072 2480 2168 inceperunt
2522 2072 2760 2146 statim
2804 2070 3199 2168 quamdam
3238 2099 3409 2149 suam

778 2202 1383 2302 compositionem
1415 2205 1734 2274 cantare.
1771 2197 2066 2271 Interim
2099 2196 2584 2271 ascenderunt
2624 2220 2847 2293 equos
2878 2200 3169 2296 legatus
3202 2211 3269 2274 et
3298 2200 3407 2273 dux

778 2339 851 2405 et
894 2329 1013 2403 alii
1060 2350 1342 2415 omneS‚
1393 2333 1464 2400 et
1513 2325 1889 2399 redierunt
1935 2323 2125 2396 unde
2186 2328 2559 2396 venerant.
2610 2327 2857 2418 Neque
2914 2324 3161 2397 eundo
3212 2347 3407 2419 neque

777 2453 1149 2528 redeundo
1191 2451 1334 2524 dux
1381 2451 1598 2525 voluit
1648 2450 1973 2545 equitare
2016 2470 2181 2521 cum
2230 2447 2499 2543 legam,
2538 2446 2667 2519 sed
2713 2448 3117 2521 observavit
3168 2471 3405 2521 morem

779 2600 1015 2665 suum,
1049 2576 1389 2672 equitavit
1435 2574 1720 2649 medius
1767 2573 1958 2646 inter
2000 2577 2327 2645 oratores
2372 2570 2953 2644 Florentinorum
2997 2594 3042 2646 a
3070 2571 3330 2644 dextris
3354 2579 3407 2643 et

779 2700 984 2774 ducis
1029 2700 1360 2775 Ferrarie
1401 2724 1444 2772 a
1481 2699 1784 2773 sinistris
1831 2705 1998 2772 ante
2042 2722 2335 2774 crucem
2380 2698 2629 2793 legati,
2664 2703 2831 2771 ante
2882 2720 2959 2769 se
3009 2696 3287 2771 habens
3324 2696 3409 2769 sui

781 2826 976 2901 ensis
1005 2831 1448 2923 portatorem
1481 2824 1600 2921 qui
1629 2820 1826 2895 illam
1859 2822 2191 2917 portabat
2234 2822 2306 2894 in
2346 2821 2603 2917 vagina
2630 2844 2764 2919 per
2791 2824 3184 2917 manicam,
3218 2846 3411 2921 punc·
3517 2888 3518 2891 ,

779 2956 926 3025 tam
974 2950 1049 3023 in
1077 2972 1363 3023 sursum
1396 2947 1758 3038 trahente,⁸
1789 2955 1867 3022 ut
1896 2948 2121 3023 moris
2152 2957 2289 3041 est,
2327 2956 2398 3024 et
2426 2949 2556 3021 soli
2590 2951 2739 3048 regi
2773 2949 3247 3047 Neapolitano
3276 2972 3410 3047 por-

780 3081 972 3151 tatur
999 3074 1217 3149 modo
1249 3074 1641 3148 contrario.
1681 3077 1851 3147 Post
1891 3075 2181 3164 ducem,
2220 3075 2436 3148 etiam
2468 3084 2635 3149 ante
2668 3098 2988 3163 crucem,
3026 3076 3411 3171 equitabant

777 3200 922 3273 duo
955 3207 1281 3274 oratores
1311 3199 1641 3275 videlicet
1673 3200 1864 3294 regis
1894 3199 2343 3296 Neapolitani
2378 3207 2453 3275 et
2478 3204 2951 3292 Venetorum,
2984 3208 3157 3275 ante
3186 3202 3409 3274 ducem

778 3347 978 3414 vem,
1015 3348 1262 3399 comes
1293 3324 1728 3413 CaiacensiS,
1761 3327 1849 3395 D.
1889 3324 2251 3398 Galeatius
2274 3326 2494 3399 frater
2524 3351 2721 3416 suus,
2748 3329 2833 3398 D.
2874 3328 3185 3401 Hermes
3216 3348 3407 3422 nepos

781 3449 988 3521 ducis
1037 3466 1218 3544 quos
1260 3450 1702 3546 precedebat
1729 3450 2001 3524 familia
2028 3450 2280 3548 legati3
2317 3458 2476 3547 post
2518 3474 2721 3525 suam
2766 3457 2837 3525 et
2878 3459 3049 3524 ante
3099 3450 3409 3525 familiam

779 3574 998 3670 legati
1032 3574 1234 3647 ibant
1265 3574 1386 3647 alii
1419 3575 1698 3649 nobiles
1729 3581 1801 3649 et
1833 3576 2136 3651 curiales
2177 3576 2407 3649 ducis,
2447 3579 2615 3649 Post
2645 3575 2967 3672 legatum
2998 3600 3169 3651 vero
3192 3572 3409 3674 prelati

781 3711 855 3771 et
885 3698 1001 3771 alii
1034 3698 1254 3793 legati
1299 3698 1542 3771 clerici
1575 3706 1855 3773 tantum
1890 3726 1906 3790 ;
1942 3701 2355 3775 nullatenus
2398 3706 2639 3774 tamen
2678 3702 2903 3775 laicus
2940 3726 2956 3776 :
2990 3710 3063 3777 et
3102 3704 3283 3775 inter
3310 3722 3411 3771 eos

781 3824 900 3897 ille
948 3823 1123 3896 ordo
1151 3823 1689 3899 observabatur
1731 3828 1851 3922 qui
1904 3827 2033 3900 fuit
2077 3827 2149 3899 in
2205 3827 2533 3921 ingressu
2576 3824 2795 3923 legati
2839 3828 2910 3901 in
2956 3829 3411 3917 Mediolanum

781 3950 1225 4025 observatus,

883 4076 1289 4167 Dominica,
1327 4080 1419 4149 28
1452 4076 1762 4173 augusti,
1797 4075 2080 4171 legatus
2114 4082 2185 4148 et
2216 4074 2357 4148 dux
2387 4097 2555 4149 cum
2588 4076 2992 4151 oratoribus
3032 4079 3409 4174 equitarunt

779 4202 871 4275 ad
900 4202 1422 4277 monasterium
1465 4200 1887 4277 monialium
1920 4224 1980 4273 s.
2013 4200 2421 4296 Augustini,
2454 4202 2657 4297 cujus
2698 4202 3061 4277 abbatissa
3097 4210 3205 4277 est
3240 4222 3412 4275 soror

781 4327 1011 4417 duciS,
1049 4327 1420 4423 illegitime
1454 4333 1694 4400 tamen
1729 4325 2000 4422 genita,
2038 4331 2109 4397 et
2140 4332 2307 4399 sunt
2339 4325 2413 4398 in
2454 4349 2543 4398 eo
2574 4326 2861 4400 circiter
2892 4335 3191 4403 centum
3220 4334 3284 4400 et
3311 4325 3413 4397 tri-

780 4452 982 4549 ginta
1007 4452 1359 4525 moniales
1390 4452 1716 4549 professe
1751 4450 2229 4525 observantie.

880 4576 1039 4650 Fuit
1071 4576 1264 4651 dicta
1295 4578 1519 4650 missa
1552 4584 1621 4650 ut
1656 4576 1817 4650 heri
1854 4598 2020 4648 cum
2055 4574 2473 4649 cantoribus
2500 4582 2574 4649 et
2602 4575 3018 4649 faldistoriis
3040 4600 3177 4674 pro
3207 4579 3414 4671 legato

781 4709 855 4773 et
895 4701 1110 4791 duce,
1146 4708 1214 4775 ut
1263 4701 1420 4775 hori
1469 4726 1600 4799 pro
1652 4702 2103 4776 oratoribus:
2138 4726 2307 4775 vero
2346 4702 2582 4799 posita
2628 4702 2767 4775 alia
2814 4702 3213 4778 faldistoria
3254 4704 3415 4775 intra

777 4824 1306 4923 presbyterium
1352 4851 1487 4922 per
1525 4827 1852 4922 longum,
1901 4827 1993 4899 ad
2038 4827 2403 4902 sinistram
2443 4827 2773 4899 intrantis
2803 4832 2875 4899 et
2904 4825 2998 4899 ad
3039 4827 3411 4900 dexteram.

779 4972 1078 5024 scamna
1120 4975 1252 5047 pro
1298 4952 1588 5046 prelatis
1646 4952 1716 5025 in
1776 4959 2265 5027 transversum
2310 4952 2383 5025 in
2425 4951 2905 5049 presbyteriO,
2939 4958 3011 5025 et
3042 4951 3328 5024 inferius
3356 4947 3413 5017 in

777 5076 994 5174 plano
1047 5097 1178 5171 per
1217 5074 1780 5171 longum'datus
1840 5077 2044 5150 locus
2104 5086 2271 5151 ante
2327 5076 2625 5151 unicum
2692 5099 3092 5149 scammum
3144 5076 3411 5169 longum

777 5201 1020 5275 comiti
1064 5199 1464 5291 Caiacensi‚
1512 5205 1598 5273 D.
1649 5201 1971 5276 Galeatio
2020 5210 2095 5276 et
2142 5202 2305 5274 aliis
2355 5201 2749 5299 majoribus
2802 5201 3191 5275 baronibus
3236 5194 3410 5271 ducis
