3625 6059
362 553 501 620 [Mai
526 554 669 620 1494]
1046 555 1299 615 RERUM
1346 555 1798 615 URBANARUM
1849 554 2375 620 COMMENTARH.
2943 563 3048 618 155

356 713 611 810 legat3
660 720 736 788 et
784 710 948 811 ipsi,
972 712 1386 810 juramento
1434 703 1653 804 lecto,
1680 714 1930 811 jurent
1975 711 2080 803 (et
2121 719 2293 788 tunc
2343 718 2622 788 tantum
2671 715 3038 812 genuflexi

358 837 781 936 jurabant);
838 843 1221 936 propterea
1280 862 1449 913 cum
1496 837 2024 914 intellexissent
2064 860 2109 911 a
2159 862 2278 914 me
2325 863 2577 937 regem
2641 839 2908 914 debere
2966 840 3042 913 in

366 961 795 1062 hujusmodi
847 963 1241 1060 juramenti
1288 965 1733 1062 prestatione
1792 965 2312 1062 genuflectere,
2362 972 2434 1040 et
2489 987 2623 1062 per
2673 988 2752 1040 se
2803 964 3040 1062 ipsum

364 1091 618 1186 legere
641 1088 868 1186 (quod
886 1089 1045 1187 ipse
1065 1089 1349 1187 legatus
1378 1090 1852 1181 admitteret),
1873 1089 2068 1188 quod
2094 1091 2588 1186 juramentum
2615 1090 3036 1188 hujusmodi

364 1216 651 1312 legeret
689 1215 847 1313 ipse
889 1218 1287 1307 Fontanus,
1322 1239 1493 1314 rege
1535 1224 1874 1315 presente
1916 1223 1988 1290 et
2036 1215 2364 1302 sedente,
2401 1222 2472 1290 et
2517 1240 2603 1291 eo
2641 1216 2835 1291 lecto
2879 1242 3038 1290 sur-

367 1347 581 1437 geret
634 1364 761 1414 rex
818 1349 891 1416 et
947 1367 1171 1441 super
1226 1342 1597 1417 cussinum
1656 1343 2204 1440 genuflecteret,
2261 1347 2333 1416 et
2387 1343 2592 1416 tactis
2650 1343 3036 1439 evangeliis

356 1471 645 1567 juraret
701 1468 893 1544 lecta
944 1471 1127 1546 velle
1184 1471 1592 1548 observare.
1654 1475 1964 1568 Legatus
2012 1473 2108 1546 ad
2156 1473 2298 1546 hec
2358 1493 2477 1545 me
2541 1470 2834 1558 vocavit,
2882 1468 3032 1565 qui,

368 1593 749 1690 premissis
789 1594 1077 1686 auditiS,
1112 1597 1259 1671 dixi
1302 1620 1761 1695 nequaquam
1802 1597 2022 1673 modo
2065 1599 2424 1696 premisso
2463 1594 2622 1670 fieri
2668 1601 3032 1693 oportere,

369 1715 503 1790 sed
546 1716 637 1791 ad
673 1718 1169 1814 juramentum
1211 1720 1628 1817 hujusmodi
1677 1721 1753 1794 in
1795 1721 2132 1796 manibus
2171 1720 2418 1818 legati,
2451 1723 2748 1798 nomine
2789 1731 3036 1798 sancte

366 1863 671 1916 romane
703 1842 1025 1918 Ecclesie
1057 1849 1130 1917 et
1160 1843 1355 1918 sedis
1386 1842 1783 1942 apostolice
1817 1851 1887 1918 et
1920 1843 2354 1918 sanctissimi
2387 1848 2473 1918 D.
2512 1848 2594 1919 N.
2630 1867 2816 1943 pape
2848 1845 3035 1918 reci-

362 1967 660 2066 picatis,
694 1970 1193 2066 prestandum,
1230 1993 1363 2068 per
1409 1969 1876 2066 genuflexum
1917 1969 1993 2044 id
2029 1970 2190 2044 fieri
2231 1993 2376 2043 non
2417 1969 2627 2046 aliter
2666 1971 3029 2060 consueri,

362 2094 709 2191 quodque
756 2097 954 2193 juret
1000 2096 1155 2194 ipse
1203 2120 1368 2185 rex;
1418 2118 1587 2170 cum
1640 2095 1848 2188 sciat,
1897 2100 1970 2169 et
2011 2098 2508 2193 juramentum
2554 2075 2792 2194 ipsum
2839 2096 3035 2194 legat

364 2220 567 2317 quod
594 2220 804 2297 etsie
834 2221 992 2296 fieri
1024 2222 1290 2297 debere
1315 2222 1599 2320 legatus
1629 2220 2035 2296 affirmavit.
2070 2221 2424 2298 Predictis
2455 2222 2744 2312 auditiS,
2779 2245 3026 2298 secre-

362 2346 591 2420 tarius
622 2354 695 2422 et
728 2350 1097 2422 Pontanus
1132 2355 1207 2421 ut
1237 2347 1506 2446 aliquid
1536 2347 1799 2422 fecisse
1831 2347 2271 2438 viderentur,
2304 2346 2623 2445 legatum
2655 2356 3028 2444 rogarunt,

361 2478 443 2546 ut
501 2472 762 2546 saltem
822 2497 1039 2572 super
1098 2474 1469 2548 cussinum
1518 2498 1646 2548 rex
1706 2474 2235 2571 genuflecteret
2279 2479 2351 2547 et
2399 2473 2552 2570 ipse
2603 2475 3033 2550 secretarius

357 2604 533 2672 ante
570 2621 831 2695 regem
865 2599 1143 2697 legeret
1186 2623 1273 2675 ex
1298 2599 1513 2690 libro,
1549 2624 1678 2674 rex
1721 2605 2110 2698 repeteret,
2143 2597 2525 2673 admittere
2557 2599 2975 2696 dignaretur
3009 2626 3024 2674 :

352 2723 553 2819 quod
590 2723 903 2820 legatus,
938 2725 1182 2801 multis
1213 2725 1621 2800 dicentibus
1659 2725 1855 2824 quod
1897 2725 2000 2800 sic
2039 2748 2188 2799 non
2224 2723 2549 2800 obviaret
2593 2723 3030 2800 ceremoniis

353 2849 655 2941 debitis,
691 2851 825 2926 sed
854 2850 1089 2926 solum
1119 2851 1419 2950 majoris
1453 2852 1805 2950 temporis
1837 2876 2020 2949 opus
2053 2857 2270 2941 esset,
2305 2849 2624 2924 admisit.
3088 2852 3094 2860 '

458 2975 847 3072 Assignato
887 2976 1034 3050 hoc
1078 2999 1292 3051 mane
1337 2981 1425 3051 D.
1478 2976 1749 3050 ‚Iacobo
1798 2975 2295 3074 protonotario
2342 2974 2430 3049 de
2477 2976 2906 3049 Sei-moneta
2955 2976 3026 3048 in

354 3100 507 3174 fine
562 3101 795 3198 quinti
850 3101 1128 3176 scamni
1176 3102 1268 3176 ad
1320 3101 1690 3176 sinistram
1741 3101 2108 3176 tribunam
2161 3099 2634 3190 ascendente,
2693 3097 3030 3174 videlicet

350 3247 585 3300 cornu
626 3226 981 3323 evangelii
1022 3235 1187 3325 post
1216 3228 1531 3325 prelatos
1576 3233 1894 3325 paratoS,
1937 3232 2010 3301 et
2053 3226 2369 3302 electum
2406 3229 2912 3299 Maranensem
2941 3247 3028 3297 ac

346 3353 930 3451 protonotarium
970 3351 1059 3426 de
1100 3355 1315 3450 Sega,
1358 3353 1516 3450 ipso
1556 3355 1990 3428 Sermoneta
2029 3352 2298 3428 seniori
2340 3353 2503 3428 loco
2551 3350 2686 3425 sibi
2717 3349 2962 3424 debito
3001 3375 3017 3424 :

348 3477 555 3554 idem
584 3486 845 3553 contra
872 3501 991 3552 me
1019 3501 1151 3576 per
1188 3478 1577 3554 inhonesta
1605 3477 1821 3552 verba
1848 3477 2200 3576 prorupit,
2245 3501 2580 3553 asserens
2599 3476 2849 3575 ipsum
2879 3497 3026 3549 non

350 3625 523 3679 esse
551 3603 1041 3703 patriarcham
1067 3603 1631 3695 Antiochenam,
1666 3604 1792 3678 sed
1831 3604 2182 3681 baronem
2225 3604 2434 3680 Urbis
2467 3611 2538 3680 et
2565 3600 3026 3678 assistentem

350 3735 581 3829 Pape,
632 3737 1021 3828 propterea
1065 3753 1213 3806 non
1258 3731 1447 3806 velle
1490 3753 1535 3804 a
1574 3753 1693 3806 me
1744 3732 1889 3829 pati
1931 3731 2128 3828 quod
2167 3731 2408 3830 ipsum
2451 3732 2542 3806 ad
2583 3730 3023 3804 voluntatem

268 3861 271 3864 ’
348 3878 601 3931 meam
633 3861 1045 3949 tractarem,
1090 3856 1221 3931 sed
1247 3856 1489 3932 locum
1520 3856 1656 3932 sibi
1701 3855 2025 3930 debitum
2059 3856 2408 3953 assignari
2438 3856 2695 3930 vellem
2728 3863 2800 3930 et
2831 3853 3029 3951 quod

350 3985 427 4057 in
450 3984 737 4082 capella
766 3988 985 4082 pape,
1016 3983 1252 4082 prima
1280 3983 1512 4058 banca
1542 3983 1633 4058 sit
1661 3981 2350 4081 protonotariorum,
2384 3989 2772 4079 propterea
2798 3981 3020 4077 quod,

349 4119 425 4184 et
452 4109 553 4184 ibi
588 4109 727 4184 sibi
762 4116 837 4184 et
864 4110 1065 4184 socio
1094 4109 1589 4208 protonotario
1631 4109 1944 4206 primam
1983 4109 2292 4183 bancam
2331 4109 2778 4206 assignarem
2816 4135 2832 4183 :
2870 4131 3024 4184 res-

346 4235 577 4335 pondi
630 4235 732 4310 ibi
782 4235 887 4310 eis
934 4257 1087 4311 non
1134 4257 1297 4310 esse
1348 4235 1590 4310 locum
1652 4231 2088 4323 assistentie,
2156 4233 2286 4306 sed
2351 4231 2544 4329 apud
2596 4235 2892 4330 Papam,
2951 4241 3023 4310 et

347 4364 595 4462 ipsum
626 4363 813 4438 scire
846 4361 1113 4437 debere
1152 4361 1350 4460 quod
1376 4361 1475 4435 ibi
1516 4365 1762 4436 manet
1803 4360 2189 4457 episcopus
2228 4359 2763 4456 protonotarius
2803 4361 3022 4435 etiam

344 4510 501 4564 non
531 4495 857 4586 paratuS,
890 4487 1107 4585 longe
1138 4485 1370 4584 magis
1400 4492 1730 4584 paratus3
1767 4487 1843 4559 in
1869 4485 2148 4584 capella
2175 4507 2473 4560 scamna
2502 4509 2546 4562 a
2573 4508 2778 4561 muro
2819 4508 3023 4561 com-

344 4613 619 4711 putari,
680 4635 891 4689 secus
939 4614 1063 4688 hic
1106 4620 1179 4688 et
1226 4612 1579 4688 similibus
1625 4611 1843 4702 locis,
1906 4617 2295 4710 propterea
2344 4610 2541 4685 hunc
2589 4611 2836 4685 locum
2889 4609 3024 4684 sibi

345 4742 777 4836 competere
822 4761 970 4811 non
1013 4737 1259 4829 alium,
1318 4761 1534 4835 quem
1584 4737 1643 4811 si
1690 4737 1886 4828 velit,
1927 4738 2042 4812 vel
2094 4758 2245 4810 non
2280 4735 2474 4828 velit,
2529 4735 2745 4813 faciat
2795 4737 2951 4835 ipse
3001 4762 3018 4812 :

343 4865 677 4938 advertat
710 4869 952 4938 tamen
980 4863 1175 4960 quod
1206 4863 1431 4938 alium
1464 4886 1612 4939 non
1641 4864 1969 4962 recipiet,
2005 4864 2081 4938 in
2111 4887 2252 4962 quo
2283 4865 2631 4963 seipsum
2663 4886 2809 4938 non
2837 4863 3022 4938 vitu-

340 4998 555 5091 peret
600 5015 619 5065 :
656 4989 1073 5088 patriarche
1106 5013 1223 5066 me
1260 4989 1529 5064 nullam
1564 4990 1902 5088 injuriam
1937 4990 2300 5088 irrogasse
2337 4990 2451 5065 vel
2487 4990 2844 5081 intulisse,
2893 4991 3022 5064 sed

334 5117 591 5192 locum
636 5113 775 5188 sibi
823 5114 1148 5190 debitum
1196 5115 1483 5226 dedisse
1537 5140 1553 5191 :
1603 5114 1797 5189 idem
1849 5124 1921 5191 et
1963 5116 2100 5213 ipsi
2142 5117 2637 5213 protonotario
2682 5115 3017 5191 fecissem

335 5241 596 5332 aliter3
632 5263 809 5316 nam
852 5263 1221 5338 nunquam
1250 5264 1489 5316 essem
1526 5242 1848 5316 facturus
1889 5242 2150 5338 cuique
2181 5243 2318 5318 nisi
2369 5241 2718 5318 debitum.
2755 5241 3017 5316 Mansit
