3625 6059
357 526 692 593 [septembre
723 527 874 589 1493]
1035 526 1290 587 RERUM
1343 526 1795 587 URBANARUM
1844 529 2371 593 COMMENTARII.
2968 547 3041 601 85

360 688 432 757 et
477 682 832 779 quosdam
885 682 1092 777 alioS,
1141 708 1231 758 ex
1279 686 1568 784 quibuS‚
1613 694 1691 762 ut
1739 689 1992 780 fertur,
2045 692 2426 790 plusquam
2478 701 2771 769 centum
2816 695 3039 772 millia

364 810 794 885 ducatorum
827 810 1160 903 extraxit,
1197 820 1269 887 et
1301 837 1339 887 a
1369 814 1610 889 multis
1636 814 1770 890 fuit
1805 823 2361 912 murmuratum,
2404 818 2501 893 ita
2531 822 2723 916 quod
2751 821 3035 918 publice

363 936 594 1012 dictus
627 936 762 1011 fuit
789 960 1044 1011 versus
1073 937 1194 1015 ille
1231 964 1246 1012 τ

729 1121 1046 1211 Quasque
1095 1118 1273 1187 male
1321 1120 1573 1205 amisit,
1625 1144 1802 1191 nunc
1845 1122 2024 1192 male
2067 1122 2286 1216 querit
2332 1146 2487 1215 opes
2536 1120 2653 1215 (1).

453 1319 543 1389 Et
565 1314 724 1388 istis
750 1317 1200 1414 temporibus
1230 1318 1362 1392 fuit
1391 1319 1764 1394 inundatio
1791 1320 2067 1396 Tiberis
2095 1326 2167 1395 et
2195 1322 2421 1396 multe
2451 1321 2688 1419 pluvie
2718 1322 2819 1397 ita
2838 1322 3034 1421 quod

347 1444 427 1519 in
475 1444 725 1519 multis
777 1443 977 1519 horis
1029 1443 1164 1519 fuit
1215 1444 1612 1518 maximum
1659 1444 2006 1519 damnum
2060 1446 2135 1520 in
2175 1446 2476 1545 campie,
2520 1446 2596 1519 in
2644 1447 2911 1536 vineis3
2960 1454 3032 1522 et

343 1650 558 1723 Alberi,
587 1652 873 1709 Relazioni
909 1652 1058 1721 deqli
1085 1652 1472 1709 ambasciatam·
1507 1653 1695 1711 Veneti
1727 1653 1783 1707 al
1809 1652 2031 1716 Senatu,
2064 1657 2104 1711 t.
2141 1653 2209 1723 II,
2241 1670 2295 1726 p.
2330 1669 2414 1721 111,
2445 1669 2575 1725 pag.
2610 1655 2733 1712 314.
2766 1657 2913 1711 Pour
2948 1656 3029 1713 les

345 1748 538 1801 autres
578 1741 879 1797 cardinaux
916 1744 1163 1797 nommes
1203 1741 1342 1797 dans
1381 1746 1523 1797 cette
1563 1741 1890 1815 promotion,
1921 1759 2049 1817 voy.
2083 1747 2237 1799 outre
2266 1740 2347 1797 les
2386 1741 2741 1817 biographies
2770 1744 2839 1800 de
2878 1743 3030 1802 Ciac-

345 1830 568 1901 conius,
618 1829 889 1899 Gardella,
941 1834 1069 1899 etcz,
1111 1829 1356 1891 Rinaldi.
1387 1832 1541 1889 Arm.
1591 1833 1819 1896 aceles..
1860 1836 1902 1891 t.
1959 1830 2136 1901 XXX,
2166 1848 2221 1904 p.
2264 1832 2389 1902 208,
2428 1841 2493 1887 n⁰
2539 1832 2627 1889 33.
2683 1835 3025 1907 Turpissima

349 1919 715 1991 quorumdum
744 1919 1115 1977 cardinalium
1136 1922 1432 1992 promotio

423 2010 477 2065 1.
519 2031 550 2061 «
581 2010 648 2065 Et
675 2009 844 2083 hujus
870 2008 900 2063 J
908 2007 1017 2065 ulie
1047 2008 1365 2083 imaginem,
1399 2016 1460 2067 ut
1481 2027 1579 2084 per
1606 2009 1955 2067 traditionem
1981 2010 2247 2084 majorum
2276 2017 2589 2067 nostrorum
2625 2011 2937 2083 didicimuS,
2967 2013 3026 2069 in

343 2093 552 2169 palatio
582 2095 906 2169 apostolico,
938 2096 996 2152 in
1024 2096 1143 2154 l'oco
1172 2096 1268 2173 qui
1306 2116 1339 2155 a
1375 2098 1668 2173 nepotibus
1709 2116 2045 2155 summorum
2084 2098 2403 2172 pontificum
2442 2100 2736 2158 inhabitari
2776 2102 2935 2175 solet,
2966 2103 3023 2159 in

342 2202 554 2257 magno
582 2185 810 2243 articulo
846 2186 1084 2259 quodam
1125 2187 1292 2243 turris
1333 2187 1534 2261 Borgie
1571 2193 1686 2245 toto
1727 2187 1946 2262 depicto
1980 2206 2044 2245 ac
2080 2188 2333 2246 inaurato
2372 2194 2427 2247 et
2465 2190 2701 2263 quodam
2842 2192 3023 2250 diviso

345 2291 516 2348 super
542 2276 778 2349 quadam
800 2275 974 2349 janua
999 2276 1184 2333 videre
1213 2276 1417 2334 liceret.
1453 2276 1722 2334 Omnibus
1755 2277 1900 2333 enim
1937 2284 2107 2353 patet,
2140 2284 2570 2352 representatum
2600 2280 2816 2337 beatam
2842 2281 3025 2356 Virgi-

342 2381 470 2419 nem
501 2382 626 2420 cum
656 2362 924 2423 infantulo
952 2365 1008 2421 in
1037 2364 1298 2437 brachiiS,
1336 2366 1594 2440 pontifice
1629 2366 1942 2424 Alexandro
1982 2374 2108 2425 ante
2146 2366 2324 2441 ipsam
2372 2370 2682 2441 genuflexo,
2717 2393 2746 2422 >›
2779 2370 2854 2427 Ce
2892 2389 3021 2443 pas-

346 2472 486 2527 sage
517 2454 613 2528 qui
651 2472 890 2529 marique
919 2456 1060 2513 dans
1100 2457 1148 2513 18
1179 2462 1325 2513 texte
1354 2457 1422 2512 de
1453 2457 1717 2515 Muratori
1749 2460 1896 2529 (Rer.
1926 2460 2051 2515 Ital.
2084 2460 2315 2530 Sor-ipa,
2345 2464 2387 2516 t.
2422 2459 2517 2531 III,
2548 2478 2603 2533 p.
2638 2478 2695 2530 11,
2725 2458 2828 2519 col.
2864 2463 3022 2534 1250)

345 2552 402 2603 et
430 2546 575 2601 dans
606 2545 688 2603 les
719 2564 856 2606 mss,
889 2548 964 2603 du
987 2547 1206 2621 journal
1238 2546 1576 2605 d’Infessura
1612 2548 1682 2604 de
1721 2546 1773 2603 la
1805 2546 2180 2620 bibliotheque
2219 2546 2493 2604 nationale
2536 2549 2604 2604 de
2643 2548 2801 2606 Paris
2842 2549 3023 2621 (fonds

339 2634 486 2703 ital„
515 2644 580 2690 n⁰
613 2636 738 2701 193,
768 2654 815 2695 s.
850 2655 904 2711 p.
939 2643 994 2693 et
1019 2638 1147 2707 671,
1179 2642 1220 2693 t.
1254 2636 1322 2705 II,
1349 2634 1388 2692 f.
1429 2636 1548 2707 ¹93,
1575 2638 1678 2709 v.),
1710 2636 1856 2692 ainsi
1874 2654 1982 2709 que
1996 2636 2137 2692 dans
2169 2635 2218 2691 le
2248 2654 2382 2695 mss,
2404 2638 2471 2693 de
2502 2638 2782 2694 Burchard
2809 2641 2953 2697 5522
2980 2640 3017 2699 f.

342 2726 450 2781 162
477 2744 531 2781 v.
567 2730 624 2782 et
651 2724 700 2781 18
732 2724 919 2799 chigi,
950 2726 1012 2783 L.
1046 2726 1090 2795 1,
1123 2725 1194 2794 11,
1224 2724 1263 2783 f.
1300 2726 1424 2794 150,
1455 2726 1600 2781 n’est
1630 2726 1810 2781 donne
1842 2744 1949 2799 que
1977 2725 2119 2781 dans
2157 2725 2207 2781 18
2236 2732 2387 2782 texte
2414 2727 2695 2797 d'Eccard,
2726 2726 2847 2785 coll.
2880 2730 3021 2785 2015

338 2820 400 2870 et
424 2814 569 2869 dans
597 2813 649 2870 le
679 2832 817 2871 mss·
849 2817 974 2885 672,
1005 2813 1168 2871 fonds
1195 2813 1336 2883 ital„
1371 2814 1514 2870 Bibl.
1549 2820 1688 2883 nat„
1721 2814 1758 2873 f.
1790 2816 1898 2871 298
1930 2832 1943 2869 :
1976 2814 2115 2870 mais
2154 2815 2291 2871 c’est
2328 2820 2609 2873 surement
2644 2835 2751 2874 une
2780 2818 3020 2893 interpo-

339 2902 513 2959 lation
543 2902 673 2959 saite
700 2902 1018 2979 longtemps
1046 2908 1232 2978 apreS‚
1261 2922 1353 2961 car
1380 2922 1452 2961 on
1483 2921 1551 2959 ne
1579 2903 1789 2962 saurait
1827 2902 2159 2977 s'expliquer
2194 2922 2302 2977 que
2328 2903 2376 2959 le
2408 2908 2814 2979 contemporain
2846 2909 3019 2965 Infes-

339 3009 476 3048 sura
501 2992 580 3049 ait
606 3010 682 3066 pu
711 2994 902 3064 ecrire,
932 3000 994 3050 ut
1014 3012 1123 3066 per
1153 2996 1508 3050 traditionem
1536 2997 1807 3065 majorum
1836 2998 2148 3048 nostrorum
2178 2995 2493 3050 didicimus,
2527 2995 2608 3049 En
2640 3002 2793 3052 outre
2823 3014 2884 3051 ce
2924 2996 3021 3053 fait

339 3083 510 3157 qu’on
540 3088 730 3139 trouve
757 3082 1096 3156 legerement
1121 3082 1340 3139 modifle
1371 3083 1510 3138 dans
1539 3081 1754 3149 Vasari,
1792 3084 1915 3139 Vite
1944 3083 2093 3152 deqli
2121 3086 2347 3154 artefici,
2381 3088 2421 3141 t.
2454 3084 2528 3154 V,
2555 3102 2610 3158 p.
2634 3086 2761 3155 269,
2792 3092 2880 3141 est
2906 3086 3022 3143 his·

335 3170 712 3243 toriquement
737 3170 958 3229 inexact
985 3172 1072 3229 s’il
1097 3172 1216 3229 faut
1243 3190 1312 3228 en
1341 3172 1514 3227 croire
1543 3170 1741 3240 Alvisi,
1771 3170 1961 3227 Gesare
1979 3172 2251 3242 Boi-qia...
2284 3189 2340 3245 p.
2377 3174 2443 3229 14
2474 3180 2529 3230 et
2554 3176 2640 3242 15,
2663 3181 2719 3231 et
2744 3176 3017 3247 Leonetti,

333 3264 496 3332 Papa
523 3260 862 3316 Alessandro
898 3262 986 3331 VI,
1020 3266 1059 3318 t.
1094 3260 1190 3331 ΙΙΙ,
1221 3278 1276 3335 p.
1309 3261 1434 3318 305.
1469 3260 1580 3315 Sur
1607 3258 1688 3315 les
1718 3259 2000 3334 peintures
2030 3278 2101 3317 au
2129 3261 2359 3319 Vatican
2388 3263 2463 3318 du
2506 3263 2857 3333 Pinturiccio,
2888 3265 3020 3321 l’au-

335 3359 462 3408 teur
489 3352 558 3406 de
587 3357 728 3408 cette
756 3353 1055 3427 pretendue
1087 3351 1234 3421 toile‚
1265 3369 1391 3427 voy.
1428 3351 1623 3408 Crowe
1655 3356 1710 3407 et
1739 3348 2128 3419 Cavalcaselle‚
2158 3353 2385 3419 Histoi-y
2415 3354 2749 3423 ospaintinq
2771 3356 2831 3409 in
2850 3356 3015 3425 Italy,

336 3448 379 3497 t.
425 3439 521 3508 111,
553 3458 606 3513 p.
647 3440 756 3496 262
794 3446 850 3497 et
887 3440 1282 3514 Gregorovius,
1312 3442 1500 3498 storia
1643 3443 1705 3497 di
1742 3442 1913 3497 Roma
2051 3443 2092 3497 t.
2125 3438 2249 3509 VII,
2281 3456 2335 3513 p.
2370 3440 2477 3496 806
2513 3446 2569 3497 et
2602 3441 2745 3498 suiv.
2789 3442 3019 3517 D’apres

335 3528 612 3601 Leonetti,
633 3546 704 3585 on
723 3546 796 3585 ne
815 3534 1034 3587 connait
1052 3528 1398 3605 auj0urd'hui
1417 3530 1587 3604 qu’un
1609 3528 1838 3604 portrait
1855 3528 2092 3603 original
2111 3535 2167 3587 et
2183 3528 2541 3604 authentique
2560 3527 2925 3589 d'Alexandre
2943 3532 3020 3590 VI

336 3622 403 3691 (t.
439 3619 536 3688 ΙΙΙ,
566 3636 622 3692 p.
655 3618 807 3691 304).
842 3618 884 3675 ll
914 3626 1001 3676 est
1027 3619 1234 3676 certain
1262 3637 1368 3694 que
1389 3636 1451 3675 ce
1480 3638 1620 3693 pape
1651 3620 1788 3676 s’est
1814 3618 1913 3676 fait
1940 3618 2166 3693 peindre
2188 3624 2441 3687 souvent,
2462 3619 2601 3675 mais
2628 3620 2709 3676 les
2738 3620 3017 3695 peintures

337 3714 540 3765 auront
583 3712 670 3767 etc
726 3709 995 3765 deti-uites
1051 3727 1122 3766 ou
1177 3709 1437 3785 perdueS.
1495 3708 1648 3765 Jules
1707 3708 1772 3778 11,
1812 3708 1906 3781 qui
1954 3708 2189 3765 haissait
2231 3707 2628 3767 mortellement
2664 3710 2716 3765 la
2760 3708 3018 3766 memoire

334 3798 702 3856 d'Alexandre
729 3798 829 3870 VI,
861 3797 1043 3855 s’etait
1066 3797 1256 3855 decide
1285 3802 1318 3855 a
1343 3796 1557 3855 habitet
1582 3798 1664 3855 les
1693 3802 1886 3871 etages
1927 3798 2241 3872 superieurs
2269 3798 2346 3854 du
2384 3798 2613 3855 Vatican
2640 3816 2779 3873 pour
2814 3799 3023 3856 n’avoir

333 3906 438 3962 pas
467 3892 504 3945 ὁ,
529 3888 744 3963 chaque
775 3888 986 3945 instant
1013 3906 1146 3945 sous
1175 3886 1258 3944 les
1287 3905 1436 3963 yeux
1465 3886 1684 3971 l’impge
1713 3889 1781 3945 de
1820 3904 1876 3945 ce
1902 3906 2177 3956 mari-ane,
2212 3890 2279 3943 de
2306 3905 2362 3944 ce
2387 3891 2527 3961 Juit',
2561 3891 2627 3945 de
2650 3904 2705 3945 ce
2732 3890 3017 3955 σίνοοπσὶε,

333 3984 391 4034 et
416 3995 560 4051 pour
586 3978 802 4033 n’avoir
837 3996 936 4051 pas
967 3982 1000 4034 a
1037 3996 1099 4035 se
1137 3977 1389 4052 rappeler
1425 3980 1480 4033 la
1515 3980 1772 4035 memoire
1815 3978 2093 4033 emeca-able
2132 3982 2187 4033 et
2223 3978 2481 4033 scelerate
2520 3978 2585 4033 de
2621 3994 2678 4033 ce
2706 3979 2926 4045 Pontife

335 4088 364 4117 t<
397 4068 586 4137 (Anno
621 4068 782 4137 1507,
808 4068 882 4123 26
909 4066 1267 4138 novembris).
1303 4067 1494 4140 Itaque
1514 4066 1620 4123 alia
1637 4066 1774 4137 vice,
1797 4073 1862 4123 ut
1880 4084 2048 4140 supra
2062 4064 2197 4136 dixi,
2216 4065 2377 4122 hodie
2398 4082 2541 4140 papa
2560 4065 2767 4139 incepit
2784 4064 2839 4120 in
2862 4082 3022 4138 supe-

333 4155 576 4213 rioribus
604 4155 988 4213 mansionibus
1017 4155 1215 4212 Palatii
1245 4155 1514 4228 habitare,
1536 4156 1668 4231 quia
1683 4173 1792 4213 non
1811 4153 2031 4213 volebat
2050 4154 2198 4212 omni
2226 4154 2365 4210 hora
2382 4153 2588 4226 videre,
2615 4160 2678 4213 ut
2702 4154 2835 4209 mihi
2857 4154 3019 4227 dixit,

331 4246 483 4302 illam
511 4246 751 4319 figuram
779 4244 1076 4301 Alexandri
1107 4244 1516 4320 predecessoris
1548 4246 1654 4315 sui,
1688 4244 1893 4300 inimici
1925 4245 2012 4301 sui
2041 4261 2202 4320 quem
2244 4260 2555 4300 marranum
2585 4250 2640 4300 et
2662 4244 2889 4317 judeum
2918 4263 3016 4320 ap-

333 4336 578 4410 pellabat
603 4342 660 4393 et
685 4334 1068 4391 circumcisum
1104 4352 1116 4391 :
1149 4336 1298 4409 quod
1327 4335 1553 4391 verbum
1582 4354 1704 4391 cum
1728 4353 1834 4408 ego
1854 4341 2048 4391 etcum
2068 4332 2255 4389 multis
2286 4332 2603 4389 domesticis
2622 4332 2875 4402 riderem,
2899 4330 3019 4407 ipse

334 4426 495 4500 quasi
527 4443 664 4498 egre
691 4423 820 4482 tulit
845 4442 880 4482 a
903 4442 992 4481 me
1023 4424 1154 4499 quia
1179 4442 1292 4481 non
1321 4426 1596 4482 crederem
1625 4424 1676 4481 ei
1706 4443 1812 4499 que
1842 4424 2048 4481 diceret
2074 4424 2142 4480 de
2191 4440 2335 4497 papa
2360 4421 2671 4479 Alexandro
2710 4421 2842 4495 quia
2869 4427 3023 4478 esset

335 4514 722 4571 circumcisus,
754 4512 968 4571 Etcum
995 4532 1102 4589 ego
1135 4514 1450 4589 replicarem
1479 4514 1627 4590 quod
1657 4514 1706 4571 si
1733 4513 1973 4589 placeret
1992 4513 2171 4588 ipsam
2186 4511 2481 4585 imaginem
2510 4510 2690 4568 delere
2718 4511 2787 4567 de
2815 4510 3023 4584 pariete

337 4622 400 4659 ac
428 4620 626 4659 omnes
657 4601 794 4658 alias
828 4602 990 4658 simul
1019 4621 1141 4658 cum
1171 4604 1337 4659 armis
1367 4604 1529 4678 pictis
1554 4623 1568 4676 ;
1601 4622 1712 4659 non
1740 4602 1930 4671 voluit,
1963 4602 2152 4658 dicens
2183 4600 2328 4674 quod
2359 4601 2463 4656 hoc
2492 4617 2602 4655 non
2643 4599 2891 4668 deceret;
2924 4599 3023 4655 sed

339 4694 458 4767 ipse
489 4690 717 4749 nolebat
743 4690 819 4747 ibi
847 4691 1096 4749 habitare
1125 4710 1194 4749 ne
1224 4693 1600 4749 recordaretur
1625 4692 1885 4749 memorie
1905 4691 2052 4747 illius
2077 4689 2317 4765 pessime
2348 4696 2403 4745 et
2433 4686 2714 4744 scelerate.
2739 4710 2769 4740 >›
2800 4686 3021 4744 Paridis

342 4783 408 4838 de
439 4782 672 4838 Grassis
702 4782 965 4847 diarium,
999 4800 1137 4841 mss,
1171 4782 1264 4840 lat.
1296 4784 1458 4853 5165,
1491 4788 1532 4841 t.
1568 4783 1610 4853 Ι,
1641 4800 1695 4855 p.
1727 4782 1853 4838 392.
1884 4783 2035 4838 Leon
2062 4780 2113 4835 X
2140 4777 2337 4855 parlait
2368 4778 2435 4835 de
2464 4776 2617 4834 Jules
2650 4777 2718 4847 ΙΙ,
2761 4794 2863 4834 son
2893 4782 3017 4852 pre-

344 4872 664 4939 decesseur,
696 4874 730 4929 a
755 4890 865 4945 peu
894 4878 1021 4947 pres
1043 4872 1184 4929 dans
1205 4871 1285 4929 les
1308 4877 1514 4929 memes
1535 4878 1736 4929 termes
1755 4890 1861 4946 que
1884 4869 2097 4928 celui-ci
2120 4868 2485 4925 d’Alexandre
2506 4867 2600 4927 VI.
2714 4890 2744 4921 «
2870 4867 3023 4942 Papa

349 4961 496 5034 (Leo)
519 4962 699 5036 jussit
725 4968 792 5017 ut
821 4962 998 5033 (ordo)
1032 4968 1363 5034 servaretur,
1403 4960 1656 5020 videlicet
1690 4963 1837 5036 quod
1875 4964 2291 5017 conservatores
2330 4976 2611 5032 nunquam
2653 4976 2714 5015 se
2751 4958 3024 5013 misceant

351 5066 466 5105 cum
505 5049 840 5107 oratoribus
876 5049 1064 5124 Itaque
1104 5050 1152 5106 si
1193 5050 1430 5107 dixisset
1465 5048 1838 5105 conservatori
1870 5048 1972 5104 hec
2010 5053 2225 5105 servata
2269 5046 2527 5117 fuissent,
2562 5048 2663 5104 sed
2699 5064 2812 5104 non
2850 5044 3021 5103 voluit

356 5139 478 5213 quia
505 5141 786 5196 decretum
819 5138 924 5197 suit
948 5140 1079 5198 Julii
1109 5159 1270 5216 pape,
1302 5141 1390 5197 cui
1420 5140 1540 5215 ipse
1569 5156 1678 5195 non
1709 5138 1990 5195 deferebat
2015 5146 2067 5196 et
2092 5156 2251 5213 quem
2274 5140 2425 5213 Papa
2442 5138 2673 5195 vocabat
2691 5153 3020 5202 marranum,

357 5230 750 5289 circumcisum.
786 5253 816 5281 »
850 5230 914 5287 P.
947 5230 1016 5286 de
1047 5230 1583 5301 GrassiS,Diarium,
1614 5236 1653 5287 t.
1687 5228 1781 5299 ΙΙΙ,
1812 5247 1867 5303 p.
1900 5229 2024 5289 364.
