3625 6059
234 542 434 605 [sanvjer
464 540 597 600 ωε]
866 496 1124 594 RERUM
1172 536 1629 595 uRaANAauM
1679 534 2205 599 COMMENTARH.
2753 540 2862 597 227

234 694 441 793 palatii
470 692 847 788 apostolici
874 692 1065 791 apud
1097 718 1155 767 s.
1193 690 1484 769 Petrum
1510 718 1641 791 pro
1668 695 1955 792 publico
1983 692 2415 769 consistorio
2445 716 2579 791 pro
2611 716 2861 791 recep-

233 823 395 895 tione
432 818 613 915 regis
652 820 959 895 Franci'e
1004 826 1077 894 et
1112 818 1527 893 obedientia
1562 842 1691 915 per
1734 842 1902 893 eum
1943 818 2357 917 prestanda,
2405 818 2726 916 pontifex
2765 819 2857 893 ad

234 943 555 1042 publicum
606 968 696 1019 ex
745 968 953 1020 more
1000 943 1728 1043 paratuS,“commisit
1774 946 1955 1019 mihi
2000 944 2195 1042 quod
2242 944 2425 1020 irem
2472 944 2564 1017 ad
2606 964 2858 1042 regem

230 1070 487 1144 Francie
534 1070 623 1143 ad
667 1069 1175 1145 instruendum
1220 1070 1455 1169 ipsum
1502 1071 1593 1142 de
1638 1069 1751 1143 his
1797 1094 1936 1167 que
1981 1078 2174 1146 esset
2217 1062 2536 1143 facturus
2585 1076 2656 1144 et
2703 1070 2856 1144 dic-

232 1204 398 1269 turus
442 1196 634 1270 circa
680 1196 1303 1271 deosculationem
1358 1195 1562 1292 pedis
1612 1199 1802 1293 Pape
1858 1204 1932 1271 et
1984 1197 2473 1272 obedientiam
2522 1205 2854 1294 prestan-

230 1323 397 1409 dam3
436 1322 523 1395 de
559 1322 727 1397 loco
772 1330 1012 1396 autem
1054 1344 1183 1396 suo
1220 1321 1412 1395 inter
1450 1320 1854 1394 cardinales
1896 1345 2026 1398 seu
2069 1318 2232 1420 post
2271 1323 2586 1420 primum
2618 1323 2854 1397 cardi-

228 1447 429 1521 nalem
471 1447 653 1521 nihil
701 1449 838 1521 sibi
884 1448 1230 1537 dicerem,
1285 1470 1451 1521 cum
1496 1470 1623 1521 rex
1664 1446 1820 1545 ipse
1867 1472 2034 1521 cum
2083 1447 2232 1521 suis
2278 1446 2712 1523 decrevisset
2755 1446 2852 1521 ibi

229 1596 349 1646 non
374 1572 651 1663 sedere,
700 1574 829 1647 sed
859 1573 1051 1670 apud
1090 1572 1519 1647 Pontificem
1562 1572 1636 1643 in
1666 1572 1847 1646 solio
1881 1581 2077 1646 stans
2109 1572 2350 1669 aliqua
2379 1597 2609 1670 pauca
2637 1572 2856 1647 verba

226 1697 639 1795 prestationis
663 1698 1078 1772 obedientie
1097 1700 1445 1796 proferre.
1468 1699 1563 1771 Ivi
1588 1722 1754 1771 cum
1776 1702 1984 1771 Rmo,
2008 1702 2095 1772 D.
2120 1697 2634 1773 Concordiensi
2651 1696 2852 1773 missi

222 1846 329 1921 per
374 1846 622 1921 papam
678 1822 1162 1921 condeputati'
1201 1825 1289 1896 ad
1346 1844 1623 1920 regem,
1676 1846 1894 1920 quem
1948 1823 2021 1895 in
2071 1846 2364 1895 camera
2410 1845 2542 1895 sua
2589 1821 2850 1896 calceis

222 1950 501 2025 nondum
544 1950 821 2023 strictis
878 1957 1193 2024 stantem
1225 1949 1657 2040 invenimuS‚
1695 1948 1810 2022 cui
1845 1949 2055 2023 nobis
2086 1947 2478 2021 commissa
2511 1946 2848 2044 exposui-

222 2098 375 2165 mus,
425 2076 779 2151 addentes
828 2080 1099 2173 Papam
1141 2078 1471 2172 paratum
1508 2095 1697 2163 esse,
1748 2079 1822 2147 et
1861 2075 2316 2171 MaJestatem
2348 2096 2551 2147 suam
2583 2096 2849 2172 expec-

222 2208 368 2275 tare.
406 2202 803 2299 Respondit
830 2225 979 2289 rex,
1016 2206 1402 2298 postquam
1430 2200 1720 2275 nescius
1754 2207 1974 2291 esset,
2012 2224 2090 2273 se
2118 2200 2300 2275 velle
2327 2200 2524 2296 prius
2552 2199 2626 2271 in
2656 2199 2848 2274 basi-

222 2326 336 2401 lica
374 2353 427 2401 s.
480 2328 671 2401 Petri
724 2328 1021 2400 missam
1069 2325 1341 2417 audire,
1392 2326 1653 2401 deinde
1702 2325 2086 2425 prandere,
2144 2331 2399 2423 postea
2441 2325 2532 2398 ad
2580 2328 2848 2422 Papam

226 2455 429 2527 venire
468 2480 482 2528 :
535 2452 739 2527 aliud
769 2452 905 2526 sibi
951 2451 1385 2549 persuadere
1430 2476 1573 2523 non
1608 2452 1974 2549 potuimus
2024 2451 2219 2547 quod
2259 2457 2455 2525 esset
2501 2449 2843 2524 facturus,

228 2579 557 2655 Relatione
616 2576 960 2653 Pontifici
1016 2600 1151 2673 per
1213 2598 1348 2649 nos
1418 2577 1627 2666 facta,
1692 2575 2178 2651 cardinalibus
2244 2576 2431 2649 intra
2487 2597 2848 2649 cameram

228 2712 539 2779 secretam
569 2702 873 2793 vocatia,
908 2701 1138 2776 tenuit
1167 2724 1336 2774 cum
1369 2702 1473 2777 eis
1516 2702 1607 2777 de
1641 2702 1856 2776 rebus
1904 2704 2453 2777 occurrentibus
2485 2708 2849 2777 secretum

227 2831 699 2905 consistorium
756 2852 889 2927 per
935 2826 1195 2901 horam
1264 2833 1337 2901 et
1406 2828 1730 2901 ulteriuS.
1802 2828 2004 2901 Tunc
2076 2829 2270 2903 venit
2340 2829 2433 2903 ad
2484 2852 2850 2903 cameram

222 2955 561 3055 papagalli,
618 2951 748 3028 ubi
798 2960 1087 3051 paratus
1142 2953 1441 3043 amictu,
1495 2953 1682 3045 alba,
1742 2954 1928 3028 stola
1975 2960 2048 3028 et
2097 2953 2384 3052 pluviali
2435 2953 2846 3029 inconsutili

222 3082 409 3156 rubeo
443 3080 781 3179 precioso
818 3102 952 3175 per
987 3078 1489 3153 Innocentium
1530 3079 1723 3153 facto
1768 3085 1843 3155 et
1885 3079 2100 3153 mitra
2140 3079 2474 3177 preciosa
2516 3079 2712 3155 venit
2755 3079 2848 3153 ad

221 3206 419 3280 aulam
459 3204 735 3305 publici
777 3204 1213 3295 consistorii,
1270 3202 1391 3276 ubi
1436 3204 1697 3278 sedens
1746 3205 1819 3277 in
1868 3210 2120 3302 parata
2169 3204 2302 3278 sibi
2355 3205 2526 3279 sede
2571 3205 2848 3303 recepit

222 3348 436 3407 omnes
466 3330 877 3407 cardinales
908 3330 1001 3404 ad
1044 3330 1521 3405 reverentiam
1566 3338 2020 3421 consuetam,
2054 3329 2541 3405 Alexandrino
2573 3336 2643 3404 et
2675 3335 2846 3405 Car-'-

223 3448 610 3554 thaginiensi
662 3456 979 3553 demptis
1021 3479 1151 3554 pro
1194 3479 1368 3554 rege
1412 3456 1643 3530 ituris.
1695 3457 2003 3531 Nolebat
2046 3457 2242 3531 enim
2289 3456 2622 3530 Pontifex
2652 3456 2846 3554 quod

218 3580 327 3657 iret
358 3584 855 3660 Maeloviensis
890 3583 1137 3681 junior
1180 3584 1588 3673 cardinalis,
1643 3606 1862 3680 quem
1905 3606 1994 3657 ex
2024 3582 2276 3658 ordine
2307 3582 2675 3681 tangebat,
2709 3606 2844 3681 pro

222 3729 289 3782 eo
314 3712 491 3806 quod
520 3718 717 3787 esset
748 3710 941 3807 regis
972 3715 1340 3799 creatura3
1386 3708 1517 3784 sed
1554 3708 1948 3783 nominavit
1980 3709 2158 3785 alios
2189 3708 2372 3783 duos
2410 3732 2542 3806 pro
2581 3708 2843 3807 majori

222 3834 377 3929 regis
402 3837 679 3910 honore
712 3835 1138 3910 mittendos
1191 3838 1411 3909 Facta
1440 3834 1774 3909 Pontifici
1804 3856 1940 3932 per
1967 3835 2371 3910 cardinales
2411 3839 2483 3909 et
2520 3834 2845 3933 perfecta

224 3960 601 4054 reverentia,
680 3964 904 4058 Papa,
971 3960 1269 4033 dimissa
1332 3961 1547 4034 mitra
1617 3960 1974 4058 preciosa,
2053 3962 2336 4058 accepit
2400 3960 2832 4058 simplicem.

223 4085 339 4182 Ego
378 4089 612 4163 vocavi
658 4085 1067 4161 cardinales
1109 4094 1181 4160 et
1219 4086 1537 4184 prelatos
1581 4110 1832 4183 regem
1876 4086 2386 4177 associaturOS‚
2435 4086 2766 4161 videlicet
2817 4110 2832 4158 ε

224 4208 772 4304 Alexandrinum,
800 4211 1474 4308 Carthaginiensem
1498 4212 1617 4310 qui
1637 4212 1964 4287 nondum
1986 4212 2467 4286 reverentiam
2485 4211 2834 4301 fecerant,

226 4356 269 4403 s.
306 4338 573 4437 Georgii
600 4344 677 4413 et
708 4364 769 4411 5.
818 4338 1139 4413 Severini
1184 4337 1627 4427 cardinales3
1674 4338 2171 4413 Florentinum
2201 4341 2270 4411 et
2297 4341 2833 4429 Patracensem,

227 4460 809 4562 archiepiscop083
849 4463 1499 4561 portugallensem,
1536 4463 2078 4555 Vulterranum,
2121 4462 2736 4537 concordiensem
2770 4469 2842 4537 et

228 4584 789 4683 segobricensem
821 4590 1230 4686 episcopos,
1276 4596 1347 4663 et
1378 4590 2004 4686 prothonotarium
2037 4589 2128 4663 de
2159 4592 2612 4679 Sermoneta,
2647 4592 2840 4686 Pape

229 4712 667 4790 assistentem.
708 4715 1059 4792 Venimus
1100 4719 1265 4787 ante
1300 4738 1664 4789 cameram
1706 4716 1898 4813 regis
1940 4714 2165 4811 quiin
2204 4714 2506 4813 prandio
2537 4721 2720 4804 erat,
2768 4723 2843 4790 et

232 4831 304 4905 ibi
339 4840 669 4916 sederunt
714 4838 1111 4915 cardinales
1158 4840 1229 4912 in
1264 4840 1555 4914 sedibus
1594 4843 1939 4932 fenestre,
1975 4841 2272 4939 prelatis
2317 4841 2658 4939 predictis
2701 4840 2842 4914 cir-

230 4966 736 5053 cumstantibuS,
777 4964 1324 5061 expectantibus
1370 4965 1562 5060 regis
1595 4965 1982 5040 adventum
2014 4966 2105 5039 ad
2143 4966 2689 5059 consistorium,
2726 4967 2842 5042 cui

231 5087 511 5160 nunciari
564 5088 706 5163 feci
758 5088 1160 5163 cardinales
1215 5096 1285 5161 et
1370 5112 1501 5161 nos
1557 5090 1654 5160 ibi
1710 5114 1872 5165 csse
1928 5091 2164 5189 ipsum
2219 5094 2700 5167 associaturos
2754 5092 2847 5166 ad

238 5204 643 5303 Pontificem,
688 5236 771 5287 ac
811 5213 884 5286 in
914 5212 1203 5311 publico
1249 5210 1679 5288 consistorio
1727 5240 1894 5290 cum
1936 5217 2422 5295 cardinalibus
2453 5220 2687 5317 ipsum
2720 5240 2848 5293 ex·-
