3625 6059
277 538 600 605 [Decembre
629 542 782 603 1492]
963 540 1232 599 RERUM.
1271 540 1720 599 URBANARUM
1766 539 2294 600 COMMENTARII.
2888 548 2963 601 25

265 695 460 792 legit
488 699 578 769 D.
621 694 1012 769 Marcellus
1057 695 1470 772 Sinibaldus
1518 699 1845 798 acolytus
1890 698 2368 796 apostolicus3
2420 698 2819 773 secundam
2866 701 2953 770 D.

273 822 716 896 Franciscus
770 821 1070 895 Brevius
1118 822 1406 897 auditor
1463 848 1596 919 pro
1665 828 1749 897 D.
1821 823 2099 898 Achille
2149 824 2237 899 de
2292 824 2572 899 Grassis
2630 824 2959 897 auditore

279 969 583 1020 camere
603 945 696 1019 ad
716 946 860 1019 hoc
881 945 1074 1019 inter
1105 970 1232 1020 eos
1265 948 1634 1039 ordinato;
1661 948 1949 1023 tertiam
1970 953 2057 1022 D.
2089 948 2579 1023 Bernardinus
2604 948 2961 1023 Gambara

279 1072 776 1145 subdiaconus
813 1072 1296 1169 apo-stolicus;
1331 1082 1660 1172 quartam
1691 1079 1941 1147 Rmus.
1980 1076 2063 1145 D.
2101 1073 2485 1149 cardinalis
2514 1074 2781 1148 Montis
2822 1074 2959 1147 Re-

271 1197 470 1293 galis
487 1198 740 1295 junior
765 1199 1182 1298 presbyten
1215 1200 1539 1295 quintam
1572 1200 1679 1272 Ill.
1705 1202 1788 1271 D.
1828 1198 2233 1273 Fridericus
2264 1198 2555 1272 indutus
2586 1197 2958 1295 superpel-

267 1322 456 1397 licio
497 1324 814 1421 pluviali,
869 1326 1237 1401 accinctus
1283 1348 1486 1416 ense,
1543 1324 1943 1399 observatis
1982 1324 2181 1421 prius
2219 1324 2449 1399 solitis
2480 1322 2951 1411 ceremoniis3

271 1455 566 1521 sextam
611 1458 866 1529 Rmus.
935 1455 1023 1525 D.
1073 1449 1458 1526 cardinalis
1509 1474 1568 1523 s.
1623 1448 2029 1538 Anastasio,
2090 1450 2451 1524 sccundus
2499 1448 2881 1547 presbyter
2914 1472 2961 1523 a

271 1572 432 1646 tine
463 1573 832 1672 incipens;
869 1577 1252 1674 septimam
1284 1578 1534 1649 Rmus.
1569 1577 1652 1647 D.
1688 1598 1749 1648 s.
1779 1576 2107 1671 Gregorii
2130 1573 2604 1661 camerarius3
2636 1579 2959 1646 octavam

281 1702 548 1772 Rmus.
585 1704 674 1773 D.
711 1701 1056 1775 Senensis
1081 1699 1361 1775 diaconi
1409 1699 1859 1789 cardinales3
1900 1724 2172 1775 nonam
2202 1702 2329 1775 SS.
2366 1703 2455 1774 D.
2491 1702 2763 1790 noster,
2808 1697 2953 1793 qui,

275 1845 385 1896 ea
409 1823 642 1915 finita,
681 1824 780 1898 Te
821 1824 1062 1900 Deum
1107 1826 1484 1899 laudamus
1535 1824 1911 1915 intonavit,
1962 1830 2051 1901 D.
2104 1825 2549 1900 Bernardino
2603 1822 2959 1899 Gambara

279 1949 746 2025 subdiacono
775 1950 1312 2047 preintonante.
1354 1954 1603 2024 Rmus.
1642 1954 1728 2023 D.
1765 1951 2149 2025 cardinalis
2180 1976 2239 2024 s.
2276 1950 2665 2025 Clementis
2698 1955 2845 2023 tam
2868 1950 2961 2023 ad

267 2073 682 2149 lectionem
716 2098 932 2171 quam
977 2075 1067 2149 ad
1107 2076 1205 2149 Te
1241 2074 1482 2149 Deum
1523 2074 1903 2149 laudamus
1940 2069 2207 2150 librum
2236 2076 2495 2151 tenuit.
2540 2079 2769 2151 Tenta
2796 2076 2957 2149 sue-

281 2204 460 2273 runt
501 2222 656 2272 xxu
711 2200 1076 2301 intorticia
1125 2199 1290 2274 alba
1324 2223 1458 2297 per
1503 2200 1883 2275 scutiferos
1926 2204 2119 2298 Papo
2160 2224 2293 2298 per
2330 2206 2559 2275 totum
2603 2199 2951 2293 officium,
2997 2208 3007 2223 '

291 2322 630 2397 videlicet
663 2348 790 2398 sex
820 2333 1017 2399 retro
1055 2324 1424 2401 hanchum
1469 2324 2061 2423 presbyterorum
2104 2324 2573 2399 cardinalium
2606 2348 2835 2421 usque
2866 2325 2958 2399 ad

286 2448 558 2545 gradus
587 2449 1020 2548 presbyterii
1057 2456 1132 2525 et
1173 2457 1484 2548 quatuor
1525 2452 1617 2525 ad
1659 2451 2024 2525 sinistram
2068 2456 2288 2550 Pape,
2330 2456 2527 2524 retro
2558 2450 2953 2525 scabellum

281 2574 695 2673 presbytcri
747 2575 1134 2649 cardinalis
1191 2577 1595 2651 assistentis
1631 2602 1672 2669 ;·
1727 2576 1989 2674 quibus
2051 2576 2405 2651 scutiferis
2460 2576 2549 2649 de
2608 2552 2951 2649 mandato

284 2698 708 2773 Sanctitatis
739 2722 870 2773 sue
897 2700 1044 2773 dixi
1075 2702 1270 2797 quod
1300 2702 1698 2777 Sanctitate
1729 2727 1861 2777 sua
1890 2708 2153 2792 stante,
2184 2702 2315 2799 ipsi
2353 2702 2947 2799 genuflecterent,

273 2846 374 2897 ac
411 2824 572 2919 ipso
603 2824 904 2899 sedente
933 2825 1070 2920 ipsi
1103 2832 1403 2917 starent,
1439 2851 1524 2900 ac
1555 2827 1923 2901 intorticia
1958 2849 2104 2901 non
2152 2848 2375 2921 super
2413 2832 2683 2901 terram
2728 2848 2953 2923 appo-

271 2948 480 3023 diata
519 2948 656 3023 'sed
715 2948 994 3023 elevata
1049 2958 1407 3027 tenerent.
1476 2958 1725 3034 RmuS.
1806 2958 1894 3027 D.
1970 2953 2235 3027 Montis
2302 2951 2587 3049 Regalis
2644 2952 2951 3047 primam

265 3072 584 3145 missam
638 3075 987 3166 dicturus,
1039 3076 1235 3149 venit
1297 3077 1388 3150 ad
1431 3076 1909 3151 faldistorium
1962 3083 2125 3175 post
2178 3076 2549 3173 inceptum
2610 3081 2945 3149 octavum

269 3201 869 3297 responsorium3
907 3204 1191 3301 accepit
1221 3203 1544 3292 sandalia
1573 3210 1645 3279 et
1671 3204 1808 3277 alia
1844 3210 2268 3300 paramenta
2304 3206 2681 3291 consueta,
2717 3205 2790 3275 et
2820 3200 2951 3275 fuit

279 3334 585 3421 paratus
627 3327 702 3399 in
749 3333 1114 3424 tempore;
1179 3329 1418 3402 omnia
1472 3328 1614 3403 alia
1661 3352 1867 3402 more
1916 3333 2269 3403 consueto
2328 3331 2493 3400 sunt
2544 3324 2945 3399 observata.

280 3453 558 3522 Ensem
591 3456 756 3524 ante
793 3452 1198 3549 principem
1239 3454 1471 3527 tenuit
1515 3453 1947 3549 magnificus
1992 3458 2078 3527 D.
2126 3452 2613 3549 Berlingarius
2642 3450 2947 3541 Caraffa,

277 3573 494 3648 miles
511 3566 1022 3672 majordomus
1037 3578 1450 3651 Sanctitatis
1473 3600 1631 3667 sue,
1650 3577 1773 3673 qui
1790 3575 2013 3650 finitis
2036 3576 2409 3649 matutinis
2430 3597 2597 3649 eum
2610 3582 2775 3647 ante
2794 3590 2953 3647 cru-

274 3701 764 3797 comportavit
790 3724 908 3776 me
927 3704 1336 3793 ordinante,
1363 3726 1492 3799 pro
1515 3725 1606 3775 eo
1637 3700 1832 3798 quod
1862 3701 2065 3774 finita
2093 3700 2318 3775 missa
2346 3700 2657 3796 majore,
2696 3721 2950 3774 ensem

277 3824 521 3921 ipsum
552 3825 842 3922 publice
873 3828 1066 3902 dicto
1097 3826 1404 3926 principi
1438 3828 1611 3901 dare
1649 3826 1921 3899 statuit.
1960 3824 2247 3898 Dimisit
2274 3824 2493 3897 etiam
2520 3822 2713 3897 idem
2742 3822 2953 3896 miles

273 3945 519 4040 ipsum
551 3970 804 4022 ensem
829 3948 904 4022 in
935 3972 1227 4025 camera
1252 3953 1612 4051 papagalli
1639 3953 1712 4025 in
1735 3952 2071 4027 manibus
2097 3954 2180 4023 D.
2210 3955 2245 4023 J
2252 3950 2561 4024 ohannis
2584 3948 2952 4022 Marrades

277 4070 706 4146 cubicularii
771 4075 1056 4149 secreti.
1129 4078 1507 4152 Associato
1573 4077 1905 4175 principe
1969 4078 2061 4151 ad
2128 4097 2494 4149 cameram
2559 4071 2945 4170 papagalli,

279 4192 598 4267 dimissis
629 4194 904 4269 ibidem
943 4200 1414 4296 paramentis,
1470 4200 1720 4275 RRmi.
1775 4204 1927 4275 DD.
1982 4200 2245 4274 Montis
2296 4197 2583 4295 Regalis
2630 4204 2704 4271 et
2730 4199 2955 4269 Asca-

275 4318 440 4393 nius
497 4322 905 4398 cardinales
975 4324 1066 4399 de
1131 4325 1476 4401 mandato
1544 4330 1738 4425 Pape
1801 4326 2253 4401 associarunt
2322 4324 2489 4398 inde
2552 4322 2955 4420 principem

277 4468 508 4543 usque
534 4446 630 4521 ad
654 4471 981 4523 cameras
1009 4474 1230 4524 novas
1263 4452 1336 4523 in
1368 4454 1626 4549 quibus
1656 4460 1728 4527 et
1756 4451 1897 4525 hac
1928 4458 2145 4527 nocte
2169 4451 2560 4547 quieverat.

371 4572 728 4648 Matutine
766 4574 1056 4671 incepto
1095 4574 1384 4650 fuerunt
1427 4576 1622 4653 inter
1669 4600 1800 4652 vm
1856 4586 1930 4654 et
1981 4601 2053 4651 1x
2090 4577 2373 4650 horam.
2420 4574 2655 4647 Finita
2698 4570 2947 4661 missa,

275 4697 404 4771 SS.
438 4700 526 4771 D.
564 4706 819 4773 noster
846 4699 937 4773 ad
967 4722 1332 4776 cameram
1385 4723 1713 4777 reversus
1753 4708 1891 4776 est.
1939 4706 2283 4775 Cantores
2314 4696 2577 4771 deinde
2612 4696 2945 4769 dixerunt

269 4819 525 4898 laudes
551 4830 626 4899 et
655 4824 958 4899 sacrista
986 4827 1297 4900 cantavit
1333 4826 1731 4901 secundam
1761 4826 2061 4901 missam
2094 4846 2299 4900 more
2334 4822 2569 4897 solito.

368 4951 580 5024 Feria
636 4950 878 5042 tertia,
944 4955 1034 5024 25
1093 4950 1530 5042 decembris,
1585 4950 1776 5025 festo
1835 4948 2221 5024 nativitatis
2278 4947 2661 5023 Salvatoris
2722 4947 2953 5020 nostri

267 5078 436 5150 Jesu
477 5074 780 5164 Christi,
823 5077 951 5148 SS.
991 5078 1078 5149 D.
1105 5078 1209 5179 ,Ν.
1253 5073 1889 5173 processionaliter
1925 5072 2117 5147 venit
2162 5071 2254 5145 ad
2293 5070 2667 5146 basilicam
2710 5070 2943 5143 sancti

273 5202 488 5293 Petri,
557 5199 686 5273 ubi
757 5197 1143 5273 celebravit
1199 5200 1497 5272 missam
1577 5199 1981 5273 solemnem
2045 5197 2413 5273 consuetis
2466 5192 2944 5279 ceremoniis3
