3625 6059
342 558 477 621 [Mai
509 559 657 622 1494]
1030 557 1283 616 RERUM
1332 558 1787 617 URBANARUM
1839 560 2360 621 COMMENTARII.
2927 573 3032 635 165

350 715 555 786 Novo
587 708 1101 786 serenissimus
1126 711 1541 810 Alphonsus
1583 713 1822 788 Sicilie
1857 740 1982 789 rex
2020 702 2227 791 'dedit
2263 719 2576 817 insignia
2605 719 3028 820 principalia

356 845 445 917 D.
476 837 797 916 Joffredo
834 837 1101 935 Borgia
1139 836 1227 911 de
1270 838 1631 936 Aragonia
1673 840 1980 938 principi
2021 842 2387 939 Squillaci,
2421 844 2752 920 videlicet
2791 845 3026 920 circu-

349 968 504 1042 lum
532 989 831 1040 aureum
873 964 1261 1039 rotundum
1294 964 1696 1062 simplicem
1728 966 1802 1038 in
1834 969 2133 1042 modum
2175 970 2270 1043 fili
2315 971 2460 1045 sive
2500 973 2717 1047 corde
2755 975 3024 1070 grossi-

352 1091 623 1166 tudinis
676 1089 977 1187 maj0ris
1020 1089 1223 1186 digiti
1270 1113 1551 1178 manUS,
1601 1115 1820 1186 quem
1879 1095 2095 1190 capiti
2141 1120 2271 1168 suo
2325 1096 2692 1194 imposuit,
2749 1106 2820 1172 et
2879 1099 3022 1174 duo

353 1217 611 1290 vexilla
645 1241 774 1290 seu
807 1215 1216 1305 stendarda,
1254 1238 1479 1288 unum
1506 1239 1668 1289 cum
1705 1218 1926 1290 armis
1966 1220 2140 1310 suis,
2177 1228 2248 1294 et
2283 1225 2700 1318 Aragonum
2737 1224 3022 1321 inquar-

353 1343 635 1431 teratiS,
688 1339 885 1437 quod
942 1339 1383 1436 assignatum
1441 1340 1575 1413 fuit
1623 1342 2056 1437 portandum
2116 1348 2202 1418 D.
2270 1347 2698 1422 Collerando
2763 1349 3026 1446 Borgia

280 1539 302 1566 Ι
350 1467 567 1541 militi
598 1466 873 1540 ordinis
908 1464 1137 1539 sancti
1170 1465 1517 1538 Johaunis
1540 1468 2182 1561 Hierosolimitani,
2212 1471 2410 1544 fratri
2439 1473 2624 1546 Rmi.
2662 1477 2749 1548 D.
2787 1474 3023 1548 cardi-

354 1594 539 1666 nalis
592 1591 860 1666 Montis
915 1589 1201 1686 Regalis
1248 1589 1497 1687 legati,
1551 1599 1623 1666 et
1689 1593 1907 1684 aliud,
1967 1617 2304 1693 campum
2348 1596 2628 1672 habens
2687 1599 3021 1695 glaucum

350 1720 501 1792 sive
530 1717 848 1815 gaudum
903 1722 975 1790 et
1024 1716 1205 1788 duos
1245 1716 1681 1790 monticulos
1710 1742 1922 1815 pares
1971 1743 2137 1792 cum
2173 1722 2384 1796 tertio
2422 1721 2521 1795 illi
2567 1724 3019 1820 superposito

351 1850 429 1918 et
473 1843 743 1918 scalam
787 1865 1085 1916 auream
1138 1865 1225 1916 ex
1276 1842 1606 1939 passibus
1663 1868 1733 1915 x1
1780 1843 2303 1941 aliquantulum
2349 1871 2480 1944 per
2532 1856 3017 1924 transversum

348 1969 777 2042 tendentem
828 1967 903 2039 in
954 1966 1206 2057 altum,
1260 1967 1451 2063 quod
1510 1967 1645 2042 fuit
1697 1970 2033 2044 traditum
2096 1975 2179 2044 D.
2237 1973 2746 2048 Bartholomeo
2807 1977 3016 2047 Serre

352 2094 566 2170 militi
598 2092 687 2166 de
717 2090 993 2165 familia
1018 2095 1169 2166 DD.
1206 2091 1501 2168 Joffredi
1534 2093 1866 2170 existenti
1898 2098 2360 2192 portandum.

451 2219 727 2309 Quibus
768 2217 1168 2314 insignibus
1196 2219 1533 2315 receptiS,
1568 2218 1761 2292 idem
1790 2223 1875 2293 D.
1912 2221 2272 2296 Joffredus
2305 2224 2644 2320 equitavit
2673 2248 2804 2323 per
2833 2230 3020 2299 Nea-

348 2349 577 2447 polim
640 2350 783 2423 hoe
839 2347 1093 2421 ordine
1147 2373 1163 2420 :
1216 2354 1728 2445 precesserunt
1783 2345 2140 2420 tubicines
2206 2355 2277 2420 et
2342 2347 2781 2423 fistulatores
2839 2373 3018 2446 quos

350 2473 847 2570 sequebantur
876 2470 1155 2547 nobiles
1188 2479 1260 2546 et
1299 2473 1609 2546 barones
1650 2481 1781 2543 suo
1829 2471 2108 2562 ordine,
2151 2473 2440 2546 mazerii
2492 2473 2712 2571 regis,
2748 2473 2845 2547 illi
2876 2475 3018 2550 duo

352 2607 764 2696 portatores
822 2597 1243 2672 vexillorum
1288 2597 1806 2696 predictorum,
1859 2595 2202 2670 heraldus
2255 2596 2442 2694 regis
2504 2621 2669 2670 cum
2723 2597 3016 2673 buffoue

350 2748 393 2796 a
433 2723 777 2813 sinistriS,
822 2731 975 2797 tum
1026 2727 1113 2796 D.
1163 2722 1523 2798 Joffredus
1571 2730 1643 2797 et
1696 2722 1787 2796 ad
1831 2723 1988 2818 ejus
2044 2721 2410 2798 sinistram
2463 2727 2550 2796 D.
2607 2725 3014 2799 Fridericus

342 2850 569 2924 frater
596 2848 821 2944 regiS,
857 2870 1041 2943 quos
1071 2848 1561 2942 sequebantur
1589 2848 1708 2920 alii
1754 2848 2064 2922 barones
2111 2848 2317 2944 regni
2361 2853 2524 2944 post
2555 2850 2820 2946 regios
2859 2855 3014 2926 Non

342 2973 654 3072 perfecit
711 2957 1063 3047 circulum
1114 2972 1433 3061 solitum,
1478 2973 1649 3068 quia
1695 2972 1976 3068 insigne
2029 2995 2361 3061 aureum,
2416 2973 2610 3068 quod
2658 2973 2728 3047 in
2778 2975 3016 3072 capite

344 3101 641 3176 detecto
691 3098 1019 3197 gerebat,
1054 3098 1267 3172 nimis
1310 3122 1485 3182 ‚eum
1534 3097 1911 3195 premebat
1955 3122 1969 3169 :
2015 3096 2228 3170 rediit
2271 3103 2664 3194 propterea
2705 3097 2799 3170 ad
2843 3102 3019 3172 Cas-

344 3231 539 3296 trum
600 3226 880 3297 Novum
942 3223 1137 3321 quod
1204 3231 1527 3297 exuerat.
1594 3227 1746 3297 Hec
1812 3246 1904 3296 ex
1963 3221 2490 3297 consuetudine
2551 3222 3024 3320 Neapolitana

344 3347 714 3424 debebant
745 3348 903 3423 heri
934 3348 1123 3426 facta
1148 3347 1397 3438 fuisse,
1434 3348 1563 3422 sed
1591 3355 1889 3445 propter
1937 3347 2486 3422 coronationem
2535 3347 2726 3443 regis
2757 3356 2831 3422 et
2866 3349 3021 3445 ejus

346 3474 905 3569 equitationem,
935 3473 1228 3548 fuerunt
1261 3473 1334 3547 in
1363 3473 1579 3548 hodie
1610 3482 2019 3571 prorogata.

449 3598 829 3672 Dominica
862 3605 940 3672 11
980 3599 1151 3674 dicti
1178 3599 1450 3673 mensis
1469 3599 1665 3687 maii,
1702 3599 1832 3673 fuit
1859 3625 1900 3674 a
1922 3624 2132 3675 mane
2155 3624 2288 3699 per
2319 3604 2555 3675 totum
2591 3599 2784 3674 diem
2815 3601 3016 3696 quasi

354 3723 804 3798 incessanter
864 3723 1101 3821 pluvia
1176 3724 1703 3822 copiosissima.
1762 3728 1843 3798 In
1905 3751 2120 3800 mane
2189 3725 2520 3822 ejusdem
2589 3725 2767 3814 diei,
2829 3725 3022 3799 circa

349 3847 607 3922 horam
654 3872 835 3939 xnu,
865 3850 1059 3923 venit
1101 3850 1192 3923 ad
1236 3849 1587 3947 capellam
1630 3851 1855 3923 Castri
1889 3852 2062 3925 Novi
2109 3856 2361 3924 RmuS.
2400 3854 2487 3924 D.
2533 3850 2812 3946 legatus
2854 3873 3018 3922 cum

350 3997 523 4069 rege
578 3973 957 4071 Alphonso
1017 3997 1061 4046 a
1117 3973 1423 4048 sinistris
1477 3975 1660 4064 suiS‚
1714 3975 2032 4049 mediam
2089 3977 2280 4048 inter
2342 3997 2418 4048 se
2479 3975 2832 4047 ducentes
2889 3997 3014 4045 seu

346 4101 707 4174 babentes
765 4103 853 4173 D.
906 4099 1240 4174 Sanciam
1284 4098 1375 4174 de
1417 4101 1777 4196 Aragonia
1826 4100 2158 4198 ejusdem
2211 4100 2405 4198 regis
2459 4099 2682 4172 filiam
2731 4097 3020 4193 illegiti-

348 4248 571 4316 mam,
604 4248 949 4323 sponsam
992 4228 1079 4298 D.
1115 4225 1439 4317 soffredi,
1480 4224 2038 4322 precedentibus
2083 4225 2477 4312 nobilibuS,
2514 4222 2906 4298 baronibus
2951 4228 3023 4295 et

348 4349 715 4446 regalibus
744 4374 875 4422 suo
906 4348 1185 4423 ordine.
1215 4352 1301 4422 D.
1332 4347 1691 4423 Joffredus
1722 4351 2080 4447 processit
2110 4348 2480 4446 proximus
2511 4346 2664 4444 regi
2689 4345 3020 4442 etlegato

348 4499 392 4548 a
428 4473 705 4550 dextris
748 4477 903 4548 Don
956 4473 1299 4548 Friderici
1347 4471 1585 4546 fratris
1634 4475 1852 4571 regis.
1895 4475 2165 4561 Quibus
2211 4479 2376 4547 ante
2418 4480 2698 4569 portam
2744 4469 3019 4568 capelle

348 4600 672 4695 predicte
714 4599 1152 4688 constitutiS,
1190 4605 1272 4673 R.
1310 4599 1383 4672 in
1428 4599 1713 4674 Christo
1747 4604 1826 4674 P.
1869 4604 1950 4674 D.
1988 4599 2376 4688 Mattheus,
2412 4597 2800 4695 episcopus
2838 4600 3020 4670 Gra-

350 4725 689 4818 vinensiS‚
724 4727 1024 4800 missam
1056 4726 1129 4798 iu
1160 4725 1354 4800 dicta
1378 4725 1655 4822 capella
1680 4725 2196 4823 pontificaliter
2225 4723 2746 4808 celebraturuS‚
2782 4722 3020 4797 omni-

350 4848 481 4925 bus
508 4849 962 4950 paramentis
996 4848 1540 4947 pontificalibus
1587 4856 1875 4945 paratus
1917 4856 1988 4922 et
2028 4848 2269 4938 mitra,
2297 4849 2504 4945 juxta
2533 4848 2800 4926 ostium
2831 4847 3020 4920 dicte

350 4979 623 5075 capelle
682 5000 871 5052 cum·
910 4974 1301 5072 capellanis
1357 4973 1504 5046 suis
1554 4972 2080 5070 superpelliciis
2139 4973 2440 5064 indutis,
2484 4997 2792 5071 quorum
2840 4996 3023 5044 unus

350 5105 683 5180 baculum
718 5100 1061 5178 deferens
1086 5099 1479 5199 pastorale,
1506 5097 1792 5197 pluviali
1811 5107 2104 5195 paratus
2137 5105 2316 5190 erat,
2347 5095 3016 5175 benedixitanulum

337 5257 547 5330 quem
595 5253 799 5306 unus
846 5226 1159 5301 militum
1200 5227 1445 5325 sponsi
1490 5249 1736 5300 coram
1764 5225 1937 5322 ipso
1984 5225 2325 5325 episcopo
2366 5225 2686 5311 tenebat,
2722 5230 2790 5294 et
2834 5245 3022 5317 aqua
