3625 6059
820 546 923 602 464
1722 540 1751 596 J
1760 538 2075 596 OHANNIS
2125 537 2567 607 BURCHARm,
3177 542 3282 601 [uni
3305 547 3392 606 uss:

823 719 1012 783 muS,
1076 718 1202 791 spe
1270 699 1517 766 nostra
1572 693 1896 768 frustrati
1955 715 2230 765 sumuS.
2285 695 2468 765 Nam
2512 691 2682 764 licet
2728 715 2870 788 per
2913 691 3150 766 literas
3195 705 3393 769 nostras

822 821 1059 917 ipsum
1092 819 1165 891 in
1204 818 1462 892 virtute
1494 824 1741 892 sancte
1772 816 2184 892 obedientie
2215 815 2710 892 monuerimus
2757 823 2842 890 ut
2875 816 2968 890 ad
3015 839 3140 890 nos
3171 817 3390 894 veniret.

822 943 1196 1018 veritatem
1246 943 1336 1018 ab
1396 966 1484 1018 eo
1542 948 1615 1017 et
1666 943 1756 1016 ab
1813 965 1940 1017 ore
1999 965 2131 1016 suo
2188 941 2707 1031 intellecturOS,
2753 947 3008 1016 tamen
3063 964 3196 1014 non
3233 942 3392 1015 solum

819 1069 1061 1144 venire
1102 1074 1175 1142 et
1212 1067 1421 1140 nobis
1453 1067 1749 1143 obedire
1792 1067 2176 1157 recusavit,
2210 1089 2462 1142 verum
2501 1067 2721 1140 etiam
2771 1067 2848 1139 in
2893 1066 3048 1140 dies
3087 1065 3222 1163 ipse
3255 1091 3394 1140 acer-

822 1194 1101 1269 biorem
1152 1193 1381 1292 magis
1432 1193 1701 1268 doloris
1750 1194 1960 1268 nobis
2017 1216 2312 1268 causam
2371 1191 2972 1281 subministravit,
3025 1192 3394 1290 impudenter

822 1320 1143 1396 fidelium
1178 1319 1403 1394 oculis
1428 1320 1737 1416 legenda
1762 1319 2128 1416 ingerens,
2165 1344 2304 1417 que
2337 1319 2490 1394 sola
2521 1320 2697 1394 alias
2727 1319 2984 1393 audita
3011 1323 3256 1392 temere
3278 1341 3392 1414 pro—

822 1450 1102 1524 fuderat
1165 1446 1587 1522 inhibenda.
1642 1449 1742 1519 Ea
1796 1453 2126 1543 propter,
2183 1444 2471 1542 quando
2531 1469 2668 1520 nos
2741 1443 3110 1519 reddende
3159 1443 3394 1515 Ecclesie

826 1575 1161 1648 universe
1202 1573 1401 1671 pacis
1440 1571 1694 1669 grandi
1734 1594 1819 1644 ac
1860 1570 2225 1645 laborioso
2267 1593 2488 1667 opere
2518 1570 3016 1660 detineamur,
3044 1567 3210 1641 hanc
3232 1567 3392 1664 ipsam

828 1723 1125 1774 causam
1163 1698 1327 1773 fatri
1368 1697 1794 1772 Sebastiano
1836 1696 1925 1770 de
1967 1694 2222 1770 Madiis
2262 1697 2350 1770 de
2399 1696 2637 1770 Brixia
2669 1693 3232 1794 congregationis
3256 1696 3396 1764 Lom-

829 1825 1080 1899 bardie
1120 1823 1393 1898 ordinis
1442 1822 1976 1920 predicatorum
2025 1822 2344 1919 generali
2393 1822 2656 1896 vicario
2704 1819 3244 1906 decernendam,
3270 1815 3394 1912 judi·

826 1950 1131 2025 caudam
1168 1947 1751 2046 puniendamque
1794 1947 2196 2020 secundum
2232 1947 2446 2020 vestri
2487 1946 2764 2020 ordinis
2813 1951 3080 2020 statuta
3121 1937 3390 2016 commisi-

828 2097 1015 2164 mus,
1061 2098 1192 2170 per
1234 2073 1482 2147 literas
1526 2079 1811 2147 nostras
1852 2072 2046 2145 brevi
2091 2071 2533 2170 Hieronymo
2581 2069 3020 2146 Savonarole
3057 2061 3388 2164 predictoin

770 2264 779 2272 .
824 2198 1086 2274 virtute
1144 2205 1393 2274 sancte
1454 2197 1868 2274 obedientie
1931 2197 2066 2271 sub
2121 2195 2900 2271 excommunicationis
2945 2194 3082 2269 late
3129 2185 3386 2265 sententie

824 2347 1013 2422 pena
1074 2324 1321 2398 stricte
1389 2322 1858 2420 precipiendo
1917 2323 2348 2398 mandantes
2405 2329 2484 2396 ut
2537 2321 2888 2396 vicarium
2945 2316 3290 2417 predictum
3329 2309 3384 2382 ad

826 2451 1409 2547 cognoscendam
1468 2448 1885 2545 hujusmodi
1947 2470 2241 2522 causam
2301 2473 2345 2522 a
2399 2447 2608 2522 nobis
2655 2447 2992 2545 judic-em
3039 2443 3381 2539 deputatum,

824 2577 1155 2670 prompta
1184 2579 1256 2646 et
1288 2572 1573 2646 sincera
1602 2571 2016 2648 obedientia
2047 2578 2547 2669 recognoscat,
2577 2572 2774 2645 illius
2808 2567 3144 2646 mandatis
3169 2561 3382 2638 ubilibet

826 2698 1151 2795 gentium
1204 2721 1281 2770 se
1333 2695 1683 2788 citaverit,
1724 2698 1922 2771 omni
1973 2699 2389 2772 evocatione
2439 2704 2511 2773 et
2557 2698 3042 2797 appellatione
3085 2685 3380 2790 postposita

826 2821 1217 2920 pariturus„
1266 2825 1551 2897 Interea
1604 2846 1809 2914 vero,
1861 2823 2032 2896 dum
2081 2825 2220 2900 hec
2273 2847 2493 2899 causa
2541 2847 2794 2898 coram
2843 2820 3148 2921 predicto
3193 2807 3379 2884 vicario

825 2947 1277 3036 discutietur,
1302 2950 1392 3026 ab
1420 2949 1614 3023 omni
1643 2949 2094 3024 declamandi
2121 2952 2193 3024 in
2227 2953 2494 3051 populo
2521 2958 2590 3028 et
2617 2955 2910 3052 publice
2935 2941 3190 3047 legendi
3209 2931 3376 3012 officio

826 3096 958 3171 per
1000 3080 1376 3171 presentes
1411 3075 1655 3150 literas
1686 3075 2092 3172 predictum
2134 3077 2654 3178 Hieronymum
2699 3093 3122 3177 suspensum
3157 3083 3282 3141 esse
3301 3056 3380 3130 de

828 3200 1218 3274 cernimus.
1256 3203 1593 3275 Ceterum
1628 3223 1718 3274 ne
1761 3201 2103 3299 cuiquam
2149 3225 2238 3277 ex
2275 3202 2616 3278 fratribus
2657 3205 2917 3306 vestris
2954 3199 3104 3275 talis
3139 3181 3379 3278 exemplo

830 3324 1161 3418 ejusdem
1212 3325 1631 3424 Hieronymi
1674 3326 2006 3401 libertate
2054 3327 2347 3425 propria
2387 3328 2751 3420 delectati,
2807 3323 3080 3405 errandi
3123 3315 3212 3390 vel
3247 3304 3380 3382 deci-

828 3445 1075 3544 piendi
1106 3447 1461 3523 tribuatur
1482 3450 1809 3542 facultaS,
1843 3452 2086 3526 locum
2127 3453 2342 3526 istum
2375 3455 2605 3529 sancti
2649 3455 2874 3529 Marci
2907 3453 2992 3526 de
3027 3435 3314 3522 Florentia
3333 3433 3378 3500 et

834 3572 1062 3646 sancti
1096 3573 1453 3648 Dominici
1485 3577 1670 3674 apud
1704 3579 2000 3653 Fesulas
2027 3578 2300 3653 ordinis
2332 3581 2898 3676 predicatorum,
2927 3577 3124 3650 domo
3149 3557 3378 3664 predic¹⁰

834 3698 1421 3795 congregationis
1486 3703 1918 3777 Lombardie
1980 3704 2390 3796 renuimus,
2455 3704 3092 3803 mmmm-avimus,
3145 3677 3377 3809 annecti·-

830 3846 1033 3912 mus3
1064 3824 1403 3898 omnibus
1427 3825 1765 3902 fratribus
1794 3829 2282 3927 predictorum
2307 3831 2636 3905 locorum
2659 3831 2889 3905 sancti
2920 3820 3120 3901 Marci
3145 3821 3200 3890 et
3223 3807 3376 3882 sancti

831 3947 1185 4022 Dominici
1238 3950 1372 4025 sub
1421 3953 2192 4029 excommunicationis
2239 3956 2380 4031 late
2431 3955 2789 4032 sententie
2835 3976 3014 4054 pena
3057 3933 3374 4020 mandantes

840 4080 919 4148 ut
961 4073 1227 4148 vicario
1268 4075 1590 4173 predicte
1635 4079 2221 4175 congregationis
2264 4080 2720 4171 Lombardie,
2754 4082 2946 4156 velut
2991 4093 3106 4149 suo
3141 4055 3374 4158 legitimo

836 4198 1132 4294 pastori,
1176 4206 1475 4296 pareant
1524 4208 1596 4276 et
1642 4201 2044 4294 intendant,
2107 4211 2531 4281 revocantes
2583 4229 2672 4280 ex
2721 4229 2916 4280 nunc
2957 4208 3024 4277 et
3067 4185 3373 4310 revocatum

830 4345 994 4396 esse
1048 4321 1527 4401 decernentes
1582 4327 1934 4423 quidquid
1993 4330 2378 4424 facultatis,
2423 4333 2870 4409 auctoritatis
2923 4331 3056 4404 sive
3093 4306 3372 4418 potestatis

838 4445 1174 4543 cuiquam
1208 4449 1415 4524 alteri
1449 4451 1669 4525 etiam
1700 4453 2098 4550 apostolica
2125 4457 2554 4534 auctoritate
2595 4467 2789 4535 esset
2819 4453 3177 4534 indultum
3205 4431 3373 4525 fffllssss'

836 4580 1239 4673 gentesque
1268 4577 1399 4650 sub
1432 4577 1759 4675 ejusdem
1788 4579 1933 4653 late
1966 4584 2325 4659 sententie
2356 4608 2550 4681 pena
2579 4586 2779 4660 fratri
2805 4573 3150 4660 Dominico
3173 4561 3243 4633 de
3263 4555 3374 4624 Pes·

842 4701 954 4774 cia
980 4707 1051 4776 et
1080 4701 1284 4776 fratri
1317 4701 1593 4776 Thome
1626 4705 1933 4780 Bussino
1963 4713 2036 4782 et
2061 4707 2263 4782 fratri
2297 4711 2658 4808 Sylvestro
2692 4710 2782 4786 de
2815 4695 3142 4785 Florentia
3165 4690 3224 4760 ut
3246 4668 3372 4750 ἱῑῑῖΐῑι

848 4823 1159 4921 spatium
1209 4849 1465 4902 novem
1515 4829 1795 4904 dierum
1842 4855 2150 4928 quorum
2197 4843 2345 4909 tres
2393 4834 2844 4932 assignamus
2889 4849 3006 4930 pro
3047 4803 3370 4936 primoter·

841 4949 1084 5040 mino,
1134 4957 1284 5025 tres
1326 4975 1459 5050 pro
1506 4955 1826 5030 secundo
1875 4964 1948 5031 et
1999 4963 2140 5032 tres
2187 4982 2320 5057 pro
2365 4959 2578 5033 tertio
2627 4984 2670 5032 a
2717 4956 2963 5034 notitia
3005 4933 3366 5058 presentlfssfh

848 5074 1250 5150 Bononiam
1279 5077 1858 5174 proficiscantur,
1895 5083 2316 5159 auctoritate
2347 5085 2650 5182 predicti
2691 5081 2924 5160 vicarii
2955 5047 3297 5180 Lombardu?
3319 5053 3364 5172 ’.Π

844 5221 990 5273 uno
1031 5200 1373 5299 quopiam
1414 5211 1898 5280 conventuum
1941 5207 2553 5305 congregationis,
2587 5215 3022 5306 preterquam
3049 5191 3110 5264 in
3137 5175 3365 5254 domimo
