3625 6059
236 550 451 612 [remor
478 549 623 611 ¹495]
872 545 1127 603 RERUM
1173 528 1629 603 URBANA'RUM
1676 543 2209 603 COMMENTARH.
2783 544 2886 635 ²42¹

240 704 665 799 paramenta,
698 698 977 773 vocavit
1028 698 1120 772 ad
1164 722 1239 772 se
1284 695 1727 773 cardinalem
1778 696 2430 797 Carthaginensem
2475 701 2549 770 et
2599 692 2666 770 ei
2696 693 2895 801 dedit

242 825 499 899 titulum
544 849 607 897 s,
658 824 907 898 Crucis
946 824 1020 897 in
1066 822 1547 913 Hierusalem,
1585 846 1717 921 per
1765 823 2044 899 obitum
2096 823 2462 922 quondam
2509 819 2892 897 cardinalis

242 949 541 1025 Toletani
557 958 931 1025 vacantem
947 1007 963 1039 ,
990 946 1276 1024 titulum
1302 972 1469 1024 vero
1492 947 1687 1047 quod
1723 948 1878 1047 ipse
1903 948 2286 1024 cardinalis
2308 946 2894 1045 Carthaginensis

244 1073 495 1171 primus
538 1074 929 1165 habuerat,
962 1072 1298 1149 videlicet
1342 1079 1755 1147 sanctorum
1803 1071 2124 1148 Marcelli
2165 1078 2239 1147 et
2285 1071 2506 1164 Petri,
2552 1079 2892 1169 tanquam

244 1222 360 1297 per
394 1200 935 1276 assecutionem
977 1198 1272 1273 alterius
1310 1198 1656 1288 vacantiS,
1692 1201 1888 1295 Papa
1923 1196 2119 1272 dedit
2157 1196 2504 1273 cardinali
2540 1200 2896 1271 Cenoma·

244 1326 427 1400 nensi
454 1328 583 1426 (1).

330 1452 593 1527 Eadem
647 1452 791 1541 die,
820 1456 983 1549 post
1026 1448 1435 1550 prandium,
1470 1448 1842 1527 redierunt
1888 1449 2032 1525 sive
2077 1454 2443 1548 reportate
2487 1448 2776 1523 fuerunt
2805 1447 2897 1523 ad

248 1578 492 1654 Urbem
523 1576 1081 1676 quatuordecim
1119 1576 1232 1651 vel
1272 1578 1468 1651 circa
1510 1576 1735 1652 salme
1773 1574 2157 1650 cardinalis
2184 1574 2548 1651 Valentini
2580 1599 2670 1649 ex
2702 1574 2899 1649 curia

246 1702 419 1801 regis
450 1700 786 1793 Francie,
825 1702 913 1775 de
946 1701 1084 1774 illis
1116 1724 1295 1798 quas
1321 1699 1516 1775 idem
1546 1700 1930 1776 cardinalis
1963 1723 2194 1799 nuper
2217 1699 2291 1774 in
2323 1723 2615 1777 recessu
2648 1724 2779 1776 suo
2810 1723 2906 1779 ex

247 1826 414 1901 Urbe
446 1851 618 1902 cum
653 1850 832 1925 rege
862 1826 1166 1900 Francie
1200 1826 1338 1900 sibi
1368 1826 1735 1925 apportari
1764 1826 2064 1903 fecerat.

328 1952 527 2027 Feria
559 1958 847 2049 quarta,
890 1956 977 2025 18
1008 1949 1285 2025 mensis
1320 1950 1687 2042 februarii,
1724 1975 1854 2026 rex
1882 1949 2184 2029 Francie
2222 1951 2508 2028 intravit
2536 1952 2899 2029 civitatem

249 2080 669 2175 Capuanam,
704 2099 919 2174 quam
959 2082 1034 2151 et
1076 2077 1235 2175 ejus
1288 2075 1643 2173 capitanei
1679 2076 2094 2151 habuerunt
2125 2101 2258 2175 per
2285 2085 2578 2176 pactum
2619 2084 2692 2153 et
2722 2101 2899 2154 con—

251 2202 576 2296 cordiam,
613 2209 829 2302 prout
877 2208 951 2277 et
998 2201 1244 2276 omnia
1286 2200 1425 2275 alia
1467 2201 1633 2276 loca
1677 2203 1878 2300 prius
1919 2202 2298 2278 habuerat.
2345 2201 2622 2279 Deinde
2669 2208 2900 2279 Rome

252 2326 419 2403 sama
444 2327 583 2403 fuit
624 2326 717 2427 (2)
742 2304 998 2425 ¹regem
1038 2327 1278 2425 ipsum
1319 2326 1393 2400 in
1430 2334 1673 2417 nocte,
1707 2328 1783 2401 in
1813 2352 2104 2404 camera
2138 2329 2401 2426 quietis
2433 2352 2564 2405 sue
2598 2328 2675 2403 in
2711 2329 2906 2404 dicta

254 2452 537 2545 civitate,
572 2450 1002 2527 horribilem
1030 2476 1284 2528 vocem
1316 2451 1487 2528 bina
1524 2454 1676 2528 vice
1712 2453 2097 2545 audivisse,
2128 2462 2202 2530 et
2237 2448 2530 2554 capsam
2562 2478 2781 2529 unam
2812 2454 2904 2529 de

254 2574 371 2650 illis
399 2601 579 2674 quas
609 2576 685 2651 in
717 2600 1011 2653 camera
1041 2588 1171 2652 s‘ua
1193 2576 1510 2652 habebat
1540 2601 1630 2652 ex
1660 2602 1739 2655 se
1765 2578 1925 2679 ipsa
1952 2586 2276 2677 apertam
2304 2578 2553 2673 fuisse,
2589 2587 2664 2656 et
2692 2580 2908 2655 vexil-

249 2701 380 2775 lum
424 2700 795 2800 quoddam
838 2702 911 2778 in
945 2726 1033 2779 ea
1062 2702 1381 2778 existens
1412 2703 1759 2796 erexisse,
1798 2728 2046 2803 regem
2079 2712 2478 2805 propterea
2517 2682 2904 2811 attonitum

253 2828 508 2901 vovisse
574 2828 667 2903 ad
720 2852 1031 2927 regnum
1085 2853 1299 2903 suum
1360 2851 1507 2903 non
1554 2852 2048 2921 reversurum,
2106 2830 2244 2905 nisi
2299 2830 2633 2906 rehabita
2686 2834 2908 2905 Terra

258 2954 500 3029 Sancta
546 2961 618 3029 et
668 2956 1005 3053 sepulcro
1059 2955 1334 3031 domini
1387 2956 1650 3032 Christi
1694 2956 2018 3033 fidelium
2076 2956 2384 3033 tuitione
2438 2956 2900 3052 reacquisito,

258 3101 455 3177 seque
498 3103 718 3155 unam
765 3080 1119 3179 capellam
1162 3082 1237 3155 in
1270 3081 1555 3157 civitate
1602 3081 2077 3179 Neapolitana
2110 3081 2184 3156 in
2211 3082 2568 3157 honorem
2600 3080 2908 3179 Spiritus
2953 3082 2959 3089 '

260 3208 466 3282 sancti
493 3206 829 3283 daturum
861 3213 933 3282 et
957 3207 1405 3282 dotaturum.

218 3380 225 3385 -
342 3334 466 3409 Die
498 3333 803 3423 sabbati,
836 3339 920 3407 21
972 3333 1345 3425 februarii,
1382 3356 1715 3407 reversus
1742 3338 1853 3409 est
1881 3332 1973 3407 ad
2013 3334 2279 3410 Urbem
2308 3357 2352 3409 a
2380 3333 2530 3409 suis
2565 3312 2907 3410 duntaxat

261 3459 635 3551 associatus
692 3462 947 3533 Rmus.
1000 3461 1097 3531 D.
1140 3456 1524 3534 cardinalis
1565 3456 1654 3531 de
1716 3460 2026 3551 Lunate,
2075 3456 2197 3555 qui
2255 3481 2511 3558 nuper,
2571 3458 2910 3533 videlicet

270 3586 343 3655 16
384 3586 649 3661 mensis
692 3582 1010 3684 januarii
1041 3582 1369 3681 proxime
1421 3582 1775 3680 preteriti,
1829 3582 2348 3679 Mediolanum,
2389 3588 2470 3660 ut
2508 3590 2676 3659 tunc
2717 3583 2910 3660 dice-

264 3704 415 3784 bant
442 3730 605 3786 cum
638 3716 849 3786 Rmo.
882 3713 973 3783 D.
1006 3707 1599 3784 vicecancellario
1626 3708 1888 3798 iturus,
1919 3707 2091 3784 inde
2123 3715 2558 3787 recesserat.

350 3836 607 3911 Eadem
657 3837 799 3929 die,
854 3834 1050 3910 venit
1095 3833 1188 3909 ad
1235 3833 1503 3910 Urbem
1541 3831 2065 3909 illustrissimus
2102 3834 2442 3934 princeps
2472 3832 2780 3927 Salerni,
2817 3858 2902 3909 ex

268 3980 466 4056 regno
503 3960 807 4035 Francie
840 3959 1215 4057 Neapolim
1248 3958 1505 4053 iturus,
1542 3983 1586 4035 a
1625 3959 2004 4059 capitaneo
2049 3959 2374 4038 custodie
2414 3959 2660 4059 palatii
2701 3981 2912 4057 apos-

272 4083 441 4158 tolici
466 4091 535 4160 et
568 4092 783 4186 gente
825 4110 955 4161 sua
994 4085 1341 4160 duntaxat
1382 4086 1815 4175 associatus;
1865 4084 2270 4183 hospitatus
2310 4084 2384 4158 in
2424 4084 2642 4159 domo
2681 4106 2914 4182 quon-

274 4204 420 4282 dam
460 4210 727 4285 domini
774 4210 1109 4287 Falconis
1154 4234 1173 4286 t
1220 4212 1524 4287 recessit
1570 4219 1818 4287 autem
1865 4232 1958 4286 ex
1999 4211 2192 4286 Urbe
2221 4210 2449 4285 iturus
2497 4207 2904 4308 Neapolim,

279 4342 305 4403 1
339 4332 441 4408 die
469 4337 738 4412 mensis
768 4338 1035 4412 martii.
2625 4340 2634 4349 ”

362 4458 747 4553 Dominica‚
774 4467 867 4535 22
896 4461 1233 4537 februarii
1260 4464 1682 4539 nunciatum
1708 4464 1839 4539 fuit
1877 4469 2104 4539 Rome
2127 4486 2218 4539 ex
2245 4462 2568 4539 venetiis
2598 4468 2914 4558 quatuor

282 4588 569 4661 oratores
624 4586 1075 4663 serenissimi
1129 4587 1602 4663 Maximiliani
1656 4595 2149 4665 Romanorum
2198 4586 2389 4686 regis
2447 4609 2738 4684 semper
2787 4608 2918 4660 au·

286 4706 465 4798 gusti,
490 4708 827 4790 videlicet
850 4714 937 4788 D.
975 4714 1291 4789 electum
1322 4715 1819 4791 Tridentinum
1850 4739 2018 4791 cum
2039 4713 2268 4790 tribus
2293 4712 2450 4787 aliis
2481 4712 2918 4789 associatum

289 4827 365 4899 ab
390 4838 735 4931 equitibus
776 4839 1153 4938 sexaginta
1172 4847 1246 4916 et
1274 4823 1638 4940 peditibus
1666 4840 1948 4939 viginti,
1984 4846 2058 4915 et
2087 4838 2549 4916 servitoribus
2575 4838 2723 4913 suis
2755 4860 2921 4915 sex-

354 5047 395 5107 1.
430 5052 667 5134 philippe
696 5059 765 5115 de
796 5060 1185 5135 Luxembourg
1212 5062 1429 5118 nomme
1458 5061 1896 5136 precedemment
1923 5076 2055 5119 avec
2083 5059 2397 5132 Briconnet.

355 5140 400 5198 2.
434 5144 568 5203 Telle
594 5155 681 5205 est
706 5147 760 5205 la
792 5148 947 5220 lecon
976 5151 1051 5207 du
1083 5152 1187 5208 149
1214 5157 1271 5208 et
1310 5150 1385 5208 du
1411 5151 1572 5208 5160.
1606 5149 1681 5208 Le
1709 5149 1893 5226 Chigi,
1933 5151 1972 5210 f.
2004 5152 2128 5223 469,
2169 5157 2226 5209 et.
2261 5153 2309 5209 le
2345 5153 2570 5227 55222,
2600 5152 2640 5213 f.
2668 5152 2759 5220 54,
2793 5159 2847 5209 et
2876 5150 2923 5207 le

310 5224 469 5302 13735,
494 5235 531 5293 f.
561 5237 681 5310 123,
713 5240 962 5299 donnent
992 5256 1007 5297 τ
1042 5262 1071 5293 «
1102 5239 1300 5297 deinde
1329 5240 1503 5298 Rome
1531 5240 1790 5297 famulum
1821 5239 1967 5315 regis
1998 5240 2176 5318 ipsius
2305 5266 2336 5296 »

552 5380 600 5420 τ.
639 5382 696 5421 u.
2579 5368 2648 5423 16
