3625 6059
273 513 516 573 [octobre
547 513 696 573 1496]
924 511 1180 569 RERUM
1230 512 1688 570 URBANARUM
1737 512 2267 571 COMMENTARII.
2828 520 2929 572 337

372 664 667 738 interim
699 662 942 739 clerici
973 687 1286 755 camere,
1326 664 1485 737 aliis
1526 665 2055 763 adjuvantibuS‚
2098 666 2487 739 infixerunt
2518 667 2658 740 alia
2681 667 2937 742 vexilla

271 789 486 863 hastis
535 790 684 863 suis
724 812 892 885 que,
927 790 1228 886 prestito
1273 791 1691 887 juramento
1736 791 2098 887 predicto,
2136 793 2333 888 Papa
2372 792 2661 864 tradidit
2706 816 2930 864 unum

272 922 426 1011 post
465 916 664 989 aliud
701 917 935 1013 primo
981 918 1316 1009 ecclesie,
1363 918 1626 991 deinde
1675 941 1883 991 suum
1928 917 2092 991 duci
2134 918 2407 991 Gandie
2457 919 2811 1015 predicte,
2852 920 2927 991 in

277 1039 722 1135 singulorum
771 1042 1158 1116 traditione
1199 1043 1448 1116 dicens
1486 1042 1800 1139 :Accipe
1843 1056 1972 1115 ete.
2018 1043 2337 1116 Tandem
2383 1043 2667 1117 tradidit
2705 1044 2771 1117 ei
2820 1044 2939 1115 ba-

275 1162 512 1235 culum
545 1163 717 1237 illud
747 1165 1015 1257 album,
1047 1166 1297 1240 dicens
1326 1168 1544 1240 verba
1573 1167 1694 1240 illa
1727 1168 1966 1263 posita
1992 1166 2065 1239 in
2097 1167 2463 1241 creatione
2504 1170 2665 1242 novi
2700 1168 2932 1257 ducis,

279 1288 606 1363 videlicet
643 1314 658 1362 ε
692 1289 956 1388 Accipe
1005 1293 1304 1388 virqam,
1341 1304 1467 1365 etc.
1511 1296 1703 1365 Loco
1752 1293 1947 1388 virqe
1994 1292 2168 1365 dixit
2212 1293 2549 1367 baculum
2596 1294 2937 1367 directio-

279 1413 382 1485 nis
421 1420 568 1487 etc.
617 1420 690 1488 et
734 1438 900 1489 eum
950 1417 1409 1513 capitaneum
1459 1418 1875 1514 generalem
1926 1440 2293 1491 armorum
2349 1424 2595 1493 sancte
2642 1443 2938 1492 romane

286 1538 606 1613 Ecclesie
637 1542 1034 1614 constituit.

379 1669 539 1751 Quo
580 1665 798 1755 facto,
837 1666 1257 1763 capitaneus
1308 1666 1768 1742 deosculatus
1818 1673 1927 1741 est
1965 1667 2227 1765 pedem
2264 1672 2484 1766 pape,
2530 1670 2833 1743 surrexit
2874 1677 2945 1743 et

291 1790 704 1886 pontificem
739 1814 962 1887 usque
989 1792 1076 1865 ad
1104 1793 1463 1890 porticum
1494 1816 1554 1864 s.
1592 1792 1782 1865 Petri
1813 1792 2231 1881 associavit3
2267 1793 2389 1866 ubi
2415 1793 2661 1866 habita
2690 1817 2732 1865 a
2755 1797 2948 1891 Papa

286 1916 602 2007 licentia,
632 1916 1006 1991 descendit
1035 1916 1126 1989 ad
1153 1918 1469 2015 plateam
1494 1940 1626 2011 per
1655 1917 1884 1991 scalas
1908 1942 1969 1989 s.
1996 1918 2189 1991 Petri
2221 1942 2387 1991 cum
2411 1918 2744 1991 omnibus
2768 1918 2944 2005 suis,

288 2040 848 2137 precedentibus
893 2042 1128 2138 ipsum
1171 2041 1390 2115 tribus
1429 2040 1991 2116 conductoribus
2031 2042 2292 2139 quibus
2334 2044 2589 2116 vexilla
2623 2042 2758 2115 tria
2799 2043 2951 2116 suc-

291 2174 441 2240 rant
487 2167 908 2255 commissa,
946 2190 1085 2262 que
1116 2167 1253 2265 ipsi
1285 2167 1630 2241 continuo
1665 2174 1732 2241 et
1764 2167 2043 2261 equites
2075 2174 2146 2241 et
2173 2168 2455 2265 pedites
2500 2167 2944 2241 deserebant.

291 2291 792 2367 Ascenderunt
831 2314 1056 2387 equos
1098 2308 1354 2366 omnes
1395 2298 1560 2365 ante
1607 2291 1872 2388 gradus
1913 2316 1971 2364 S.
2014 2292 2202 2365 Petri
2240 2300 2310 2366 et
2352 2292 2765 2366 circuerunt
2806 2291 2954 2387 pla-

295 2422 478 2490 team
513 2417 843 2514 ejusdem
871 2417 1135 2509 sancti3
1171 2417 1340 2491 inde
1373 2418 1738 2491 redierunt
1765 2417 1857 2491 ad
1886 2416 2229 2514 palatium
2261 2421 2481 2514 Pape.
2519 2417 2953 2513 Capitaneus

297 2550 443 2616 erat
480 2542 768 2616 medius
807 2544 999 2617 inter
1036 2543 1298 2617 ducem
1334 2542 1750 2616 Urbinatem
1791 2566 1835 2615 a
1871 2541 2139 2615 dextris
2173 2548 2244 2616 et
2276 2545 2361 2614 D.
2400 2541 2791 2615 Fabritium
2827 2544 2958 2614 Co-

296 2667 618 2741 lumnam
667 2692 712 2740 a
763 2667 1096 2741 sinistris.
1141 2669 1435 2741 Interim
1480 2672 1674 2764 Papa
1727 2667 2055 2741 ascendit
2110 2667 2203 2739 ad
2249 2690 2580 2742 cameras
2640 2689 2806 2738 suas
2866 2666 2957 2738 de

300 2816 353 2864 S.
381 2796 598 2866 Petro
625 2792 715 2866 ab
743 2792 1080 2866 omnibus
1107 2792 1588 2885 cardinalibus
1621 2792 2046 2881 associatuS,
2076 2792 2197 2865 ubi
2224 2792 2538 2864 dimissis
2564 2792 2638 2863 in
2665 2812 2961 2863 camera

303 2917 654 3015 papagalli
701 2918 926 2991 sacris
967 2917 1286 2991 vestibus
1332 2917 1724 2992 licentiavit
1773 2940 2055 3005 omnes,
2101 2916 2224 3010 qui
2277 2913 2749 3010 collegialiter
2791 2913 2959 2985 inde

304 3042 761 3134 accedente3‚
799 3043 1253 3117 associarunt
1282 3045 1570 3116 Rmum.
1601 3045 1688 3115 D.
1715 3040 2161 3114 cardinalem
2186 3041 2274 3115 de
2308 3043 2609 3127 Lunate,
2639 3039 2961 3135 legatum

305 3167 390 3240 de
419 3168 677 3260 latere,
711 3167 931 3243 hodie
972 3175 1296 3242 creatum
1337 3171 1404 3239 et
1443 3166 1914 3263 publicatum,
1951 3188 2179 3261 usque
2222 3173 2425 3241 extra
2455 3170 2742 3239 Portam
2772 3168 2834 3241 V
2839 3164 2965 3236 iri-

308 3292 481 3366 darii
523 3293 676 3384 ubi,
710 3294 1024 3392 peractis
1066 3317 1155 3367 ex
1192 3316 1395 3367 more
1432 3291 1704 3389 gratiis,
1741 3292 2109 3365 redierunt
2139 3291 2229 3365 ad
2260 3292 2530 3366 Urbem
2561 3290 2965 3363 cardinales

311 3442 587 3493 omnes.
623 3424 785 3515 Ipse
813 3442 981 3494 vero
1011 3418 1292 3515 legatus
1331 3416 1617 3490 intravit
1645 3416 1993 3514 palatium
2018 3442 2149 3513 per
2173 3422 2457 3514 portam
2486 3416 2743 3489 hortus
2776 3419 2965 3511 Pape

315 3551 508 3619 extra
539 3544 836 3635 Urbem,
869 3552 944 3619 et
973 3545 1145 3618 fecit
1172 3543 1556 3641 prandium
1593 3566 1760 3615 cum
1792 3548 1999 3617 Rmo.
2039 3548 2125 3615 D.
2158 3543 2524 3617 cardinale
2557 3539 2907 3615 Perusino
2945 3566 2959 3610 :

315 3669 566 3744 deinde
601 3670 812 3744 rediit
841 3670 932 3743 ad
961 3668 1409 3766 pontificem,
1437 3669 1806 3742 decretum
1840 3667 2376 3741 commissionis
2404 3690 2531 3740 sue
2554 3667 2644 3740 ab
2672 3688 2759 3740 eo
2793 3664 2970 3738 reci-

315 3795 538 3891 piens.

413 3923 616 3997 Feria
655 3921 931 4017 quinta,
969 3926 1056 3993 27
1100 3919 1443 4009 octob1·iS‚
1477 3925 1724 3992 RmuS.
1765 3924 1853 3993 D.
1890 3919 2272 3993 cardinalis
2314 3918 2402 3991 de
2440 3924 2743 4007 Lunate,
2779 3918 2974 4012 lega-

323 4056 455 4139 tuS,
483 4049 716 4123 etdux
746 4047 1050 4137 Gandie,
1077 4046 1524 4145 capitaneuS,
1552 4069 1718 4120 cum
1751 4046 1933 4118 duce
1966 4043 2216 4117 Urbini
2238 4066 2322 4116 ac
2355 4040 2690 4115 omnibus
2718 4062 2971 4112 eorum

325 4173 672 4267 gentibuS,
721 4172 970 4261 armiS‚
1019 4171 1376 4245 machinis
1424 4177 1496 4245 et
1537 4169 2047 4268 preparatoriis
2094 4168 2427 4242 exierunt
2472 4165 2763 4253 Urbem,
2804 4164 2973 4236 ituri

324 4294 414 4367 ad
445 4295 960 4393 Anguillariam
1001 4300 1073 4368 et
1112 4294 1286 4367 alias
1328 4301 1558 4367 terras
1601 4300 1674 4366 et
1709 4294 1873 4366 loca
1910 4296 1993 4365 D.
2030 4290 2332 4364 Gentilis
2356 4288 2662 4384 virginii
2705 4288 2969 4377 Ursini,

329 4414 558 4495 omnia
587 4421 994 4496 successive
1027 4418 1476 4493 debellaturi.
1513 4420 2029 4514 Expugnarunt
2064 4419 2307 4487 autem
2349 4418 2420 4485 et
2450 4411 2979 4507 acquisiverunt

335 4553 564 4620 sancte
601 4568 904 4621 romane
939 4545 1288 4635 Ecclesie,
1323 4544 1512 4616 intra
1545 4548 1618 4615 et
1656 4542 1839 4615 citra
1878 4563 2096 4613 unum
2139 4560 2496 4625 mensem,
2533 4538 2787 4609 decem
2828 4560 2981 4608 cas-

343 4676 462 4762 tra,
483 4673 808 4747 videlicet
845 4669 1430 4768 :Anguillariam,
1459 4668 1820 4756 Galeram,
1850 4668 2271 4754 Bassanum,
2312 4662 2657 4751 Sutrium,
2684 4664 2981 4759 Campa-

343 4818 662 4889 gnanum,
707 4796 1177 4887 Formellum‚
1229 4792 1686 4881 Scrofanum,
1737 4794 2118 4879 Cescnam,
2169 4789 2511 4879 Vianum,
2565 4787 2861 4861 Biedam
2912 4794 2981 4859 et

343 4919 778 5018 Trivignano.
812 4926 1010 4994 Inter
1051 4919 1299 4993 omnia
1329 4918 1495 5008 hec,
1532 4917 2043 5011 Trivignanum
2074 4920 2351 4987 tantum
2396 4913 2975 4986 combusserunt.

349 5044 592 5121 lterum
642 5054 898 5146 gentes
932 5045 1168 5121 Ursini
1215 5044 1770 5118 combusserunt
1815 5064 2070 5114 omnes
2115 5040 2449 5114 tabernas
2494 5038 2879 5111 Braeciani
2912 5042 2983 5108 et

355 5168 690 5265 vicar-elli,
726 5198 820 5249 ne
855 5180 1109 5271 gentes
1149 5170 1470 5245 Ecclesie
1513 5168 1780 5241 ibidem
1822 5174 2117 5264 possent
2156 5163 2533 5263 hospitari,
2571 5170 2641 5235 et
2687 5187 2773 5234 ex
2814 5167 2985 5233 tunc

609 5346 658 5384 τ.
701 5346 756 5385 ιι.
2635 5315 2706 5367 22
