3625 6059
764 573 869 628 172
1682 561 2030 622 JOHANNIS
2082 558 2527 630 BURCHARDI,
2713 614 2720 620 ,
3135 565 3260 626 [³¹01
3291 568 3406 630 ¹⁴⁹³]

764 726 961 798 circa
997 719 1223 797 locari
1266 724 1610 817 possunt3
1664 723 1830 791 sunt
1871 715 2066 792 enim
2107 714 2506 791 testudines
2549 713 2704 812 ipse
2749 713 2840 790 ad
2869 715 2946 790 id
2987 739 3160 790 cum
3187 742 3406 815 prese·

764 849 1001 947 pibuS‚
1057 853 1129 921 et
1180 843 1489 919 rastellis
1540 849 1814 942 parate.
1871 846 1996 916 Est
2047 865 2212 916 vero
2260 842 2476 937 longe
2521 841 2747 917 altero
2794 841 2960 917 loco
3011 849 3256 940 grutta
3293 845 3408 918 alia

767 997 1033 1070 magna
1062 973 1561 1061 subterranea,
1608 994 1827 1067 supra
1870 969 2074 1065 cujus
2116 967 2683 1058 testitudinibuS‚
2724 968 2918 1042 horti
2963 993 3130 1042 cum
3161 970 3408 1044 arbori-

765 1101 901 1174 bus
942 1106 1015 1174 et
1054 1098 1353 1174 diversis
1395 1096 1719 1192 frugibus
1768 1094 2220 1169 seminantur
2263 1100 2335 1167 et
2380 1092 2740 1167 coluntur.
2795 1095 3015 1170 Venit
3053 1095 3404 1170 nobiscum

768 1221 1294 1320 Bellaguardia,
1330 1220 1737 1296 balistarius
1768 1220 1859 1295 de
1895 1220 2220 1294 custodia
2263 1218 2480 1314 regis,
2519 1218 2803 1316 singula
2831 1219 3011 1292 mihi
3043 1221 3406 1296 ostendens

768 1349 912 1448 (qui
945 1348 1167 1423 etiam
1204 1347 1461 1420 domus
1494 1369 1657 1420 mee
1691 1344 1838 1420 sive
1875 1342 2168 1441 hospitii
2207 1342 2504 1439 Neapoli
2553 1365 2800 1416 curam
2831 1342 3106 1442 habuit)
3139 1369 3235 1420 ne
3263 1345 3404 1442 quid

761 1474 970 1549 nobis
1003 1497 1089 1546 ex
1122 1473 1635 1547 commissione
1668 1470 1870 1567 regia
1901 1469 2035 1544 sibi
2066 1468 2258 1542 sacta
2287 1467 2602 1542 deesset.

865 1599 1253 1675 Prandium
1286 1600 1357 1672 in
1392 1596 1784 1673 Puteolano
1812 1595 1960 1670 sive
1988 1594 2307 1667 Pozzuoli
2336 1595 2675 1686 fecimus;
2711 1619 2854 1693 quo
2886 1598 3106 1687 facto,
3142 1597 3404 1672 barcam

765 1728 1115 1800 intrantes
1172 1748 1421 1798 versus
1480 1722 1843 1797 civitatem
1898 1724 2300 1819 Bayensem
2361 1743 2502 1817 que
2560 1725 2754 1820 Baya
2813 1721 3248 1818 appellatur,
3303 1745 3408 1819 per

762 1875 961 1925 mare
1007 1851 1098 1926 ad
1146 1851 1425 1925 miliare
1474 1873 1640 1923 cum
1684 1847 1980 1921 dimidio
2029 1847 2544 1942 navigavimuS,
2598 1845 2717 1921 uhi
2768 1847 3172 1943 reperimus
3219 1871 3404 1945 quam

766 1977 973 2073 plura
1017 1975 1278 2050 balnea
1322 1999 1337 2050 ε
1384 1975 1583 2066 inde,'
1629 1972 1721 2048 ad
1768 1972 1906 2046 tria
1950 1971 2254 2046 miliaria
2298 1973 2429 2044 suh
2478 1978 2672 2047 terra
2720 1980 2831 2075 est
2862 1972 3232 2069 quoddam
3273 1975 3408 2072 pul-

763 2100 1210 2176 cherrimum
1253 2123 1437 2199 opus
1484 2098 2030 2188 testudinatum,
2063 2102 2302 2193 grutta
2332 2094 2680 2170 mirabilis
2727 2105 3256 2194 nuncupatum,
3301 2098 3410 2170 ha-

766 2228 945 2302 bens
974 2237 1110 2324 per
1132 2226 1662 2323 longitudinem
1692 2222 2072 2300 testudinis
2101 2246 2312 2296 arcus
2339 2221 2910 2318 quatuordecim,
2943 2207 3014 2297 et
3043 2246 3178 2320 per
3198 2223 3410 2298 latitu-

767 2353 1012 2427 din'em
1046 2352 1423 2427 testudinis
1463 2353 1807 2449 quinque,
1845 2372 2149 2447 quarum
2187 2347 2509 2445 quelibet
2551 2355 2663 2422 est
2696 2347 3094 2422 latitudinis
3133 2348 3408 2423 duarum

764 2501 1160 2554 cannarum
1191 2477 1303 2551 vel
1334 2477 1547 2552 circa.

861 2607 941 2677 ln
967 2605 1108 2680 alia
1132 2610 1363 2701 parte,
1383 2604 1589 2700 juxta
1614 2626 1843 2691 mare,
1871 2602 1948 2674 in
1973 2607 2220 2675 monte
2247 2605 2356 2674 est
2383 2626 2608 2677 unum
2635 2621 3030 2676 concavum
3057 2623 3404 2698 magnum,

770 2730 846 2802 in
879 2730 1083 2826 cnjus
1114 2728 1355 2802 medio
1388 2736 1497 2801 est
1528 2751 1751 2802 unum
1786 2727 2127 2800 balneum
2157 2725 2491 2816 incisum,
2524 2725 2804 2801 habens
2831 2727 3038 2822 juxta
3073 2749 3154 2798 se
3185 2749 3228 2800 a
3255 2749 3410 2821 qua-

763 2863 929 2929 tuor
984 2854 1265 2950 angulis
1315 2861 1625 2949 quatuor
1673 2853 1807 2927 alia
1858 2853 2118 2927 balnea
2167 2852 2421 2941 incisa,
2478 2875 2780 2949 quarum
2831 2851 3118 2948 singula
3162 2851 3406 2926 habent

764 2977 1165 3074 singulares
1194 2979 1673 3076 proprietates
1718 2985 1789 3052 et
1830 2978 2126 3052 virtutes
2163 2984 2416 3050 contra
2452 2976 2771 3051 diversos
2816 2977 3149 3066 morbos3
3191 2979 3406 3073 itaque

759 3104 1033 3180 circum
1080 3103 1271 3177 circa
1312 3103 1574 3179 balnea
1614 3104 2034 3200 hujusmodi
2080 3105 2315 3202 posite
2366 3110 2570 3179 erant
2610 3103 2851 3178 tabule
2893 3127 3256 3178 marmore
3293 3127 3406 3200 pro

760 3251 1013 3300 eorum
1044 3227 1483 3317 diversitate,
1530 3229 1605 3301 in
1635 3229 1893 3325 quibus
1933 3229 2240 3304 incisum
2281 3234 2464 3318 erat,
2509 3228 2601 3302 ad
2639 3228 2811 3325 quid
2852 3229 3140 3326 singula
3175 3228 3406 3302 balnea

768 3351 1235 3449 prodessent3
1312 3375 1487 3448 quas
1546 3352 1822 3427 tabulas
1879 3360 2044 3428 ante
2106 3354 2328 3451 longa
2401 3361 2728 3453 tempora
2794 3354 3120 3430 medicos
3196 3353 3408 3427 Saler-

760 3475 1046 3548 nitanos
1090 3474 1469 3551 abstulisse
1520 3478 1730 3574 vulgo
1782 3478 2066 3569 dicitur,
2119 3502 2248 3576 pro
2297 3503 2385 3553 eo
2433 3479 2626 3576 quod
2676 3487 2842 3552 ante
2893 3480 3000 3552 eis
3037 3479 3404 3576 plurimum

762 3598 1293 3696 prejudicarent
1360 3601 1487 3692 (1).
1561 3605 1791 3701 Prope
1861 3602 2122 3678 balnea
2181 3602 2601 3700 hujusmodi
2663 3628 2795 3701 per
2859 3604 3106 3702 plures
3167 3603 3406 3701 gradus

762 3725 1179 3799 ascenditur
1206 3726 1298 3800 ad
1330 3728 1695 3823 quondam
1722 3752 2115 3804 concavum
2143 3729 2469 3826 longum,
2507 3730 2874 3804 sudatoria
2901 3737 3403 3828 nuncupatum,

763 3857 1003 3925 certos
1056 3858 1337 3926 meatus
1392 3851 1667 3927 hahens
1729 3878 1817 3927 ex
1873 3855 2030 3952 ipso
2089 3860 2335 3928 monte
2393 3855 2902 3946 calidissimOS,
2959 3856 3221 3952 quibus
3269 3854 3404 3926 sino

759 4059 973 4132 corrige
1003 4076 1104 4133 par
1125 4065 1356 4116 centum.
1393 4083 1421 4110 «
1450 4057 1479 4112 J
1487 4077 1515 4114 e
1546 4058 1613 4114 lis
1644 4066 1874 4117 centum.
1900 4060 1975 4115 Le
2000 4066 2114 4116 mot
2143 4066 2230 4116 est.
2256 4060 2422 4117 altere
2451 4060 2592 4116 dans
2622 4060 2702 4116 les
2727 4060 3078 4128 manuscrits,
3110 4065 3248 4116 cette
3273 4059 3404 4124 locon

764 4167 851 4206 me
880 4153 1058 4223 parcit
1086 4147 1138 4204 la
1164 4147 1291 4222 plus
1322 4148 1599 4222 probable.
1636 4173 1665 4200 »
1700 4151 1846 4219 (Not.
1879 4151 1971 4204 des
1995 4166 2124 4207 mss.
2159 4152 2234 4206 du
2261 4152 2381 4215 Boi,
2415 4156 2454 4208 t.
2489 4151 2530 4219 Ι,
2562 4168 2617 4224 p.
2653 4151 2778 4220 107,
2813 4155 2942 4207 note
2973 4150 3049 4218 b.)

832 4240 883 4296 1.
928 4262 955 4288 «
982 4237 1045 4294 Si
1073 4236 1233 4294 vuole
1261 4239 1363 4293 che
1395 4255 1504 4294 una
1540 4238 1688 4294 volta
1717 4238 1734 4293 i
1764 4237 1959 4294 medici
1998 4237 2349 4310 Salernitani,
2381 4240 2749 4308 conoscendo,
2775 4239 2878 4294 che
2918 4238 2935 4292 i
2969 4237 3086 4296 loro
3125 4235 3406 4313 guadagni.

766 4347 796 4384 e
825 4327 879 4383 la
905 4325 1019 4383 loro
1048 4327 1304 4401 opinione
1332 4327 1617 4384 andavano
1646 4345 1679 4383 a
1705 4327 1862 4383 finire
1890 4346 1988 4402 per
2018 4326 2054 4383 il
2074 4346 2210 4401 gran
2231 4346 2516 4398 concor-sc,
2549 4329 2649 4386 che
2683 4328 2726 4384 si
2759 4345 3003 4384 avevano
3029 4327 3227 4384 attimti
3248 4323 3404 4398 questi

763 4414 953 4490 bagni,
987 4415 1125 4472 dove
1163 4433 1390 4490 ognuno
1431 4433 1595 4473 senza
1631 4417 1899 4490 consiglio
1928 4417 1982 4472 di
2029 4417 2223 4474 medici
2263 4418 2311 4474 si
2353 4437 2552 4476 curava
2589 4420 2662 4475 da
2700 4423 2783 4486 se,
2815 4435 2925 4474 una
2963 4424 3116 4476 notte
3153 4415 3406 4472 audax-ono

766 4523 929 4582 sopra
959 4523 1031 4561 un
1060 4504 1392 4563 bastimento
1416 4524 1449 4563 a
1481 4509 1693 4572 Tmoli,
1728 4525 1757 4562 e
1788 4525 1855 4562 ne
1885 4506 2219 4564 distrussero
2250 4507 2298 4564 le
2321 4515 2500 4565 statue
2530 4525 2559 4564 e
2590 4508 2639 4564 le
2663 4507 2956 4576 iscrizioni,
2991 4523 3080 4562 ma
3109 4506 3198 4562 nel
3223 4505 3406 4561 ritornn

766 4613 1046 4670 pagarono
1076 4595 1114 4650 il
1141 4595 1213 4652 flo
1252 4597 1490 4653 essendo
1524 4596 1832 4670 naufragati
1867 4595 2044 4652 vicino
2073 4595 2160 4651 all’
2191 4597 2330 4654 isola
2367 4597 2420 4653 di
2453 4597 2632 4671 Capri.
2669 4598 2735 4654 Di
2778 4604 2976 4671 questo
3011 4597 3146 4654 fatto
3183 4591 3408 4651 Dioni-<io

768 4685 824 4740 di
854 4685 1020 4741 Samo
1040 4692 1296 4760 rapporta
1324 4684 1376 4742 la
1406 4693 1672 4758 seguente
1702 4684 1984 4742 iscrizione
2016 4691 2225 4743 trovata
2253 4686 2342 4742 nel
2371 4685 2537 4760 luogo
2566 4687 2719 4744 detto
2749 4695 2830 4744 tre
2859 4687 3110 4745 colonne.

766 4827 790 4852 ιι
828 4808 914 4866 Sin
948 4810 1205 4862 Ais-tomus
1250 4811 1515 4872 Somnum,
1553 4813 1639 4863 Sin
1680 4813 1939 4863 Pmmrrns
1970 4813 2343 4874 CArooaassus,
2380 4814 2465 4864 Sin
2507 4814 2710 4864 Huc-ron
2753 4827 2817 4864 οι
2862 4815 3078 4864 Pnocrm
3121 4821 3406 4863 usiosis-sm

838 4903 1005 4938 nannet
1049 4903 1382 4953 suanum-Am,
1418 4908 1577 4944 sumu
1610 4908 1815 4944 mauu
1853 4907 2004 4944 mvn·
2038 4908 2102 4944 ΑΒ
2131 4909 2244 4944 :rsa
2285 4908 2503 4944 civi-rus
2547 4909 2750 4944 sunnam
2793 4907 3052 4944 personas
3091 4901 3412 4944 mussan-«-

836 4983 1045 5030 venum,
1080 4983 1179 5020 cun
1214 4987 1417 5024 rennuis
1458 4989 1808 5024 memmimus
1849 4989 2212 5024 luscam-nonas
2243 4987 2538 5024 naumann
2574 4989 2828 5024 vim-urm·
2863 4987 3202 5024 usturam-m.
3233 4983 3286 5019 m·
3315 4981 3408 5016 cru

838 5064 1210 5112 Ravennam-r,
1247 5065 1471 5103 romum·
1502 5067 1603 5103 ουκ
1637 5069 1755 5105 xAvt
1788 5069 2096 5106 mammosa
2135 5069 2385 5104 scanzam.
2412 5074 2434 5098 u

728 5213 733 5216 .
834 5165 1095 5240 (Pauvini
1134 5167 1429 5240 Pasquale,
1468 5171 1515 5225 Il
1552 5173 1836 5240 forestiere
1875 5175 2100 5230 istruito
2139 5174 2246 5228 alle
2283 5173 2551 5229 amic-hita
2577 5191 2606 5228 e
2633 5173 2899 5228 cur-iusim
2929 5172 3175 5226 naturali
3205 5169 3261 5222 αι’
3285 5167 3404 5221 Pu:-

760 5258 923 5324 zuoli‚
955 5259 1141 5324 Cunna,
1176 5259 1311 5330 Baja
1341 5277 1369 5314 c.-
1398 5261 1623 5328 Mis-ene,
1654 5277 1708 5332 p.
1743 5262 1946 5330 101-2.)
