3625 6059
286 491 389 556 [ttai
415 490 549 550 1494]
925 489 1199 548 RERUM·
1232 489 1683 548 URBANARUM
1732 491 2254 551 COMMENTARII.
2823 499 2918 554 1431

288 643 471 720 Sedet
512 655 639 718 rex
684 643 761 716 in
800 641 1198 720 faldistorio
1240 643 1311 716 in
1352 641 1771 740 plano‘ante
1815 643 2147 717 ultimum
2178 644 2480 743 gradum
2513 645 2758 720 altaris
2789 646 2922 719 sibi

287 773 525 868 parato,
568 767 643 842 in
688 775 1207 858 transversum,
1256 767 1361 842 ita
1397 769 1594 864 quod
1632 768 1924 843 sinistra
1969 769 2158 866 regis
2208 769 2298 843 sit
2349 775 2556 844 versa
2599 769 2804 844 altari
2854 778 2925 845 et

290 895 507 968 dextra
545 894 775 968 choro
820 893 1385 984 canonicorum;
1442 900 1515 968 et
1563 894 2040 968 faldistorium
2099 894 2522 992 hujusmodi
2571 895 2789 969 stabit
2835 895 2926 968 ad

286 1022 579 1097 dextram
620 1020 869 1116 legati,
906 1019 1027 1117 qui
1060 1018 1343 1094 sedebit
1390 1019 1464 1091 in
1508 1019 1649 1094 alio
1695 1019 1927 1092 simili.
1951 1019 2350 1094 faldistorio
2397 1026 2566 1095 ante
2603 1020 2926 1095 medium

284 1146 497 1222 altaris
547 1145 624 1217 in
678 1145 889 1218 tertio
938 1144 1165 1242 ‘gradu
1222 1151 1295 1218 et
1354 1146 1570 1242 plano
1624 1145 1813 1218 illius
1870 1145 2004 1218 sibi
2051 1153 2332 1242 parato,
2383 1145 2676 1220 renibus
2719 1145 2923 1224 altari

288 1271 497 1348 versis.
537 1269 988 1367 Neapolitani
1022 1294 1189 1345 vero
1235 1270 1308 1343 in
1338 1271 1569 1368 capite
1605 1270 1838 1366 prime
1863 1270 2146 1346 banche
2181 1271 2271 1344 ad
2306 1270 2670 1345 sinistram
2707 1271 2924 1368 legati

285 1423 351 1471 se
377 1396 741 1485 locabunt,
778 1402 852 1471 et
881 1395 1141 1493 prelati
1172 1419 1428 1470 omnes
1458 1396 1533 1470 in
1565 1395 1713 1470 suis
1744 1395 1924 1468 locis
1956 1404 2188 1469 erunt.
2601 1389 2610 1396 ’

370 1520 709 1596 Omnibus
738 1521 843 1594 sic
870 1520 1314 1612 sedentibus,
1344 1527 1593 1617 surget
1614 1524 1699 1594 D.
1731 1520 2144 1619 Stephanus
2172 1521 2260 1595 de
2285 1522 2574 1614 Narnia,
2605 1522 2926 1598 notarius

282 1673 547 1726 camere
588 1646 1014 1746 apostolice,
1046 1671 1213 1721 cum
1249 1647 1489 1744 legato
1531 1670 1621 1722 ex
1668 1647 1856 1721 Urbe
1897 1647 1989 1721 ad
2025 1645 2222 1721 hunc
2266 1647 2488 1722 finem
2529 1648 2792 1722 missus
2823 1655 2920 1739 et,

278 1773 495 1850 habita
520 1799 570 1846 a
599 1773 841 1871 legato
872 1772 1189 1864 licentia,
1231 1779 1429 1846 stans
1454 1772 1527 1847 in
1556 1797 1782 1846 cornu
1817 1773 2164 1870 evangelii
2197 1773 2289 1849 ad
2313 1773 2681 1848 sinistram
2704 1773 2926 1870 legati

277 1901 342 1974 in
374 1900 603 1996 primo
647 1898 764 1973 vel
806 1897 1127 1972 secundo
1174 1897 1397 1995 gradu
1444 1897 1719 1988 altariS,
1760 1899 1909 1973 alta
1956 1921 2127 1974 voce
2165 1899 2345 1996 legit
2388 1898 2664 1974 bullam
2695 1899 2925 1972 facul-

278 2024 421 2098 tatis
448 2022 841 2098 cardinalis
870 2047 914 2096 a
938 2021 1293 2119 principio
1321 2020 1415 2094 ad
1442 2021 1691 2113 finem,
1728 2026 1938 2122 cujus
1970 2030 2182 2099 tenor
2211 2024 2370 2100 talis
2403 2031 2513 2100 est
2548 2050 2564 2097 ε

360 2181 389 2216 α
430 2147 847 2222 Alexander
866 2147 1249 2245 episcopus
1277 2169 1524 2222 servus
1548 2173 1918 2224 servorum
1947 2151 2108 2241 Dei,
2144 2150 2409 2225 dilecto
2438 2151 2586 2225 filio
2614 2151 2926 2227 Johanni

273 2273 439 2348 tituli
468 2279 725 2348 sancte
757 2276 1089 2347 Susaune
1127 2269 1552 2370 presbytero
1584 2274 1956 2364 cardinali,
1993 2276 2083 2349 ad
2119 2298 2429 2372 regnum
2470 2273 2708 2350 Sicilie
2749 2276 2930 2350 citra

270 2399 567 2474 Pharum
626 2406 877 2472 nostro
918 2405 989 2471 et
1034 2394 1225 2470 sedis
1270 2397 1665 2491 apostolice
1706 2399 1970 2497 legato,
2018 2401 2322 2475 salutem
2353 2403 2426 2474 et
2455 2399 2927 2498 apostolicam

268 2523 872 2600 benedictionem.
1506 2601 1509 2606 ,

350 2650 541 2726 Licet
590 2648 969 2746 potestatis
1010 2646 1385 2746 plenitudo
1424 2649 1737 2746 desuper
1783 2649 1992 2724 nobis
2055 2651 2448 2724 commissa
2475 2650 2604 2742 sit,
2650 2658 2723 2727 et
2765 2651 2926 2726 uni-

260 2777 425 2850 versi
462 2776 719 2875 gregis
750 2773 1120 2862 dominici,
1156 2772 1395 2848 divina
1423 2773 1850 2872 disponente
1897 2775 2310 2866 clementia,
2357 2799 2608 2850 curam
2650 2776 2926 2850 habea-

260 2925 433 2994 mus,
459 2903 695 2976 finem
718 2907 960 2974 tamen
981 2898 1297 2975 humane
1320 2897 1817 2994 possibilitatis
1839 2899 2191 2972 excedere
2215 2923 2362 2974 non
2383 2900 2729 2978 valentes,
2752 2923 2927 2973 con-

263 3027 792 3122 siderandoque
820 3022 1016 3122 quod
1040 3023 1235 3097 circa
1259 3021 1567 3119 singula,
1598 3045 1728 3120 per
1752 3025 2268 3121 nosmetipsoS,
2305 3024 2702 3122 apostolice
2735 3024 2926 3098 sedis

260 3152 577 3229 debitum
638 3151 1017 3226 absolvere
1076 3171 1221 3222 non
1280 3169 1693 3244 possumus,
1754 3171 2272 3244 nonnunquam
2327 3152 2573 3223 sancte
2629 3171 2926 3222 romane

256 3277 574 3357 Ecclesie
628 3275 1039 3352 cardinales
1089 3273 1163 3346 in
1208 3279 1489 3369 partem
1522 3271 2027 3360 sollicitudinis
2076 3274 2538 3364 assumimuS,
2594 3280 2696 3362 ut,
2751 3273 2926 3370 ipsis

258 3403 439 3477 vices
458 3409 758 3478 nostras
784 3397 1314 3498 supplentibus,
1340 3395 1824 3470 ministerium
1850 3397 2058 3471 nobis
2080 3398 2577 3490 commissum,
2607 3398 2929 3472 secunda

256 3529 509 3622 pietate
552 3550 903 3626 superna,
954 3522 1258 3614 facilius,
1304 3521 1671 3597 efficacius
1712 3523 2182 3600 et'salubrius
2224 3549 2691 3623 exequamur.
2739 3529 2925 3599 Sane

252 3660 633 3750 postquam
694 3651 889 3725 clare
946 3647 1297 3724 memorie
1348 3646 1842 3722 Ferdinandus
1900 3649 1990 3723 de
2048 3651 2412 3749 Aragonia
2459 3650 2698 3725 Sicilie
2748 3649 2928 3724 citra

254 3778 561 3852 Pharum
595 3801 757 3868 rex,
796 3775 981 3848 sicut
1022 3777 1172 3847 Deo
1204 3772 1497 3870 placuit,
1542 3773 1759 3847 rebus
1790 3773 1922 3848 fuit
1957 3774 2296 3850 humanis
2331 3781 2734 3872 exemptuS,
2780 3776 2925 3847 Nos

252 3904 805 3980 considerantes
831 3899 1026 3996 quod
1051 3896 1464 3971 carissimus
1494 3897 1564 3970 in
1592 3897 1877 3973 Christo
1903 3897 2124 3989 filius,
2151 3898 2482 3973 videlicet
2510 3897 2924 3995 Alphonsus

252 4026 691 4104 Ferdinandi
736 4025 929 4122 regis
972 4022 1522 4120 primogenituS,
1572 4028 1742 4095 tunc
1788 4020 2116 4096 Calabrie
2157 4021 2326 4111 dux,
2370 4023 2464 4096 ad
2505 4045 2806 4119 presens
2851 4020 2924 4092 in

254 4153 431 4228 dicto
464 4165 709 4253 regno
740 4155 813 4225 et
843 4155 996 4223 tota
1025 4155 1215 4222 terra
1244 4169 1383 4242 que
1420 4152 1531 4220 est
1570 4146 1765 4222 cirea
1797 4148 2138 4238 Pharum,
2174 4171 2314 4243 que
2347 4146 2436 4221 de
2460 4149 2620 4245 jure
2653 4155 2724 4222 et
2747 4147 2926 4246 'pros

250 4279 550 4374 prietate
580 4283 839 4354 sancte
873 4295 1171 4348 romane
1206 4270 1524 4346 Ecclesie
1566 4280 1992 4366 noscuntur,
2041 4298 2270 4370 usque
2311 4274 2404 4348 ad
2431 4272 2748 4347 confinia
2777 4278 2924 4345 ter-

252 4423 481 4479 rarum
530 4403 777 4502 ipsius
825 4397 1177 4487 Ecclesia,
1228 4404 1531 4495 excepta
1578 4378 1862 4473 civitate
1913 4407 2162 4473 nostra
2208 4402 2710 4475 Beneventana
2759 4421 2922 4472 cum

252 4529 395 4624 ejus
448 4526 857 4616 territorio,
913 4522 1353 4599 districtibus
1410 4528 1479 4594 et
1516 4522 2002 4620 pertinentiis,
2065 4524 2197 4622 ipsi
2249 4521 2705 4598 Ferdinando
2739 4521 2917 4618 regi,

246 4654 477 4750 vigore
531 4651 969 4728 investitura
1018 4656 1092 4724 et
1138 4647 1635 4725 concessionis
1684 4672 1818 4746 per
1861 4650 2092 4726 felicis
2136 4649 2658 4724 recordationis
2708 4652 2924 4721 Inno-

248 4781 559 4855 centium
608 4799 882 4876 papam
924 4781 1254 4850 octavum
1298 4772 1898 4871 predecessorem
1937 4783 2266 4850 nostrum
2297 4774 2429 4848 sub
2461 4773 2676 4849 certis
2707 4773 2924 4847 modo

245 4913 309 4979 et
338 4907 575 5000 forma
604 4905 973 5007 factarum
1004 4897 1380 4989 successit,
1420 4898 1753 4994 quodque
1784 4900 2342 4997 predecessores
2373 4900 2601 4976 nostri
2645 4898 2923 4973 romani

238 5033 655 5128 pontificeS,
720 5026 891 5102 dicti
941 5023 1143 5124 regni
1186 5045 1399 5122 reges
1447 5023 1566 5120 qui
1620 5047 1753 5121 pro
1808 5031 2136 5124 tempore
2191 5029 2507 5114 suerunt,
2565 5021 2810 5118 inungi
2855 5023 2924 5093 et

242 5156 568 5235 coronari
618 5155 879 5229 facere·
914 5155 1467 5238 consueverunt,
1508 5163 1592 5222 ac
1630 5147 2086 5230 intendentes
2127 5159 2204 5227 ut
2242 5151 2476 5226 dictus
2515 5148 2924 5244 Alphonsus
