3625 6059
268 543 538 607 [naum]
624 614 631 620 .
887 545 1139 602 RERUM
1191 523 1645 606 URBANARUM
1694 549 2217 608 COMMENTARH.
2799 558 2905 613 147

344 699 674 794 LegatuS,
729 698 1045 776 dimissis
1088 703 1163 776 in
1216 702 1423 778 altari
1469 706 1994 804 corporalibus,
2047 707 2240 780 vadit
2288 706 2380 780 ad
2426 708 2900 782 faldistorium

255 847 441 896 suum
482 822 555 896 in
602 824 821 922 plano
869 827 943 900 in
992 851 1218 902 cornu
1268 828 1571 927 epistole
1621 831 1755 905 sibi
1805 833 1881 906 in
1923 833 2088 908 loco
2132 841 2484 908 consueto
2539 839 2896 932 paratum,

251 947 523 1046 deponit
575 959 1001 1047 paramenta
1050 953 1297 1028 omnia
1353 959 1425 1028 et
1476 956 1826 1048 zandalia,
1885 965 1960 1032 et
2009 957 2270 1055 accipit
2323 982 2653 1058 cappam.
2717 963 2898 1033 Tum

252 1073 713 1149 faldistorium
764 1076 1003 1174 ipsum
1054 1084 1219 1176 post
1270 1080 1592 1155 medium
1646 1083 1892 1158 altaris
1945 1083 2020 1157 in
2073 1107 2299 1158 cornu
2353 1085 2704 1182 evangelii
2762 1086 2898 1160 sibi

246 1199 535 1294 ponitur,
578 1200 697 1275 ubi
730 1203 1057 1278 sedet-ad
1084 1205 1658 1305 dextram-regis

338 1327 476 1400 Rex
516 1333 724 1401 creat
765 1327 1067 1420 milites3
1104 1337 1176 1405 et
1214 1331 1380 1423 alia,
1414 1356 1556 1429 que
1589 1357 1679 1408 ex
1716 1336 2241 1413 consuetudine
2287 1336 2396 1409 vel
2435 1336 2614 1410 alias
2655 1336 2896 1412 facere

244 1459 762 1528 consueverunt
820 1453 1064 1531 Sicilie
1124 1480 1333 1555 reges
1397 1457 1475 1531 in
1536 1482 1789 1533 eorum
1851 1462 2340 1536 coronationis
2403 1462 2887 1554 solemnitate,

243 1577 461 1653 faciet.
2167 1655 2172 1660 ,

326 1705 671 1782 perfectis
702 1707 1065 1796 omnibus,
1099 1706 1381 1804 legatus
1410 1731 1454 1781 a
1484 1708 1754 1782 dextris
1784 1709 1976 1808 regis
2012 1710 2398 1785 associabit
2430 1734 2625 1802 eum,
2663 1735 2891 1809 usque

238 1831 317 1904 ad
344 1838 627 1928 portam
657 1831 995 1924 ecclesie,
1030 1831 1325 1929 prelatis
1352 1833 1687 1908 omnibus
1716 1834 1914 1933 ipsos
1947 1837 2453 1932 sequentibus3
2489 1837 2610 1910 ubi
2637 1861 2891 1935 perac-

238 1957 315 2030 tis
342 1981 467 2054 per
490 1981 753 2055 regem
787 1958 961 2056 ipsis
990 1958 1239 2056 gratiis
1278 1963 1353 2032 et
1385 1957 1801 2050 licentiatiS,
1849 1983 1974 2034 rex
2013 1968 2218 2035 extra
2255 1969 2539 2059 portam
2579 1962 2890 2038 ecclesie

233 2082 536 2156 ascendit
564 2107 843 2180 equum
886 2082 1021 2156 sibi
1053 2087 1419 2180 paratum3
1469 2089 1545 2156 et
1586 2089 2000 2177 coronatus,
2037 2111 2203 2160 cum
2250 2083 2641 2185 sceptro'et
2670 2111 2888 2186 pomo

231 2207 294 2281 in
340 2207 699 2301 manibus,
758 2208 1153 2284 baronibus
1202 2233 1419 2308 super
1464 2207 1701 2306 ipsum
1749 2209 2260 2286 baldachinum
2309 2207 2763 2310 portantibus
2817 2220 2891 2290 et

232 2333 371 2408 aliis
400 2359 675 2432 equum
706 2335 991 2432 regium
1027 2334 1523 2410 dextrantibus
1554 2333 2061 2434 (1),'Jequitabit
2087 2339 2202 2412 via
2231 2339 2563 2414 ordinata
2592 2338 2684 2412 ad
2715 2343 2886 2414 Cas-

235 2466 403 2536 trum
444 2465 759 2536 Novum.
808 2463 1121 2560 Legatus
1166 2459 1494 2534 ascendit
1536 2460 1880 2558 palatium
1922 2487 2160 2553 suum,
2203 2469 2274 2536 et
2331 2464 2587 2561 prelati
2635 2464 2888 2562 [ibunt]

233 2582 311 2656 ad
337 2585 721 2682 prandium
751 2609 893 2683 quo
922 2585 1309 2660 voluerint.

314 2711 697 2786 premissis
729 2711 969 2808 itaque
998 2735 1131 2811 per
1158 2735 1277 2786 me
1310 2710 1681 2810 conceptis
1722 2716 1794 2786 et
1828 2711 2220 2802 annotatiS,
2267 2711 2656 2786 ecclesiam
2699 2715 2885 2788 Nea—

232 2833 599 2931 politanam
640 2835 943 2934 singulis
974 2835 1258 2928 diebuS,
1290 2836 1509 2911 etiam
1543 2836 1702 2934 plus
1738 2836 1996 2926 semel,
2034 2836 2329 2927 visitavi,
2369 2843 2440 2910 et
2477 2843 2886 2935 opportuna

226 2958 395 3036 ineo
420 2967 489 3037 et
512 2961 718 3060 apud
744 2961 1128 3060 magistros
1166 2961 1575 3060 deputatoS‚
1606 2960 1727 3036 ubi
1756 2967 1914 3035 erat
1943 2984 2152 3058 opus„
2185 2960 2564 3035 sollicitavi
2601 2988 2616 3034 :
2653 2961 2884 3034 infor-

223 3086 385 3157 mavi
419 3084 997 3158 illustrissimum
1028 3089 1115 3160 D.
1149 3086 1473 3183 legatum
1507 3084 1597 3158 de
1626 3083 1742 3158 his
1782 3108 1922 3181 que
1957 3109 2088 3183 per
2117 3108 2287 3160 eum
2332 3092 2541 3158 erant
2575 3084 2886 3161 dicenda

221 3215 283 3282 et
326 3209 689 3300 facienda,
748 3211 1085 3287 similiter
1134 3219 1209 3286 et
1256 3209 1463 3301 alios,
1522 3210 1643 3306 qui
1691 3211 1763 3283 in
1808 3209 2050 3307 aliquo
2096 3211 2339 3286 officio
2393 3210 2883 3286 coronationis

218 3336 617 3436 hujusmodi
660 3338 1023 3415 debebant
1053 3339 1433 3414 interesse.

303 3466 711 3556 Dominica,
760 3455 1117 3540 4”mensis
1154 3463 1356 3553 maii,
1394 3463 1469 3535 in
1508 3460 2082 3560 parrochialibus
2123 3461 2479 3551 ecclesiis,
2513 3466 2882 3536 monaste-

214 3589 321 3664 riis
350 3598 421 3666 et
450 3589 939 3667 conventibus
978 3589 1279 3664 civitatis
1318 3587 1817 3686 Neapolitana,
1863 3586 2226 3685 publicata
2267 3587 2398 3661 fuit
2428 3586 2628 3662 bulla
2654 3586 2882 3660 facul-

216 3716 367 3790 tatis
396 3741 751 3793 concesse
798 3721 1008 3791 Rmo.
1054 3719 1142 3789 D.
1178 3715 1418 3812 legato
1460 3713 1866 3812 elargiendi'
1897 3712 2258 3810 plenarias
2292 3714 2368 3787 in
2413 3712 2530 3788 die
2574 3737 2880 3788 corona-

214 3840 409 3916 tionis
436 3845 637 3942 regis
672 3849 747 3918 et
788 3842 945 3916 aliis
987 3841 1437 3938 temporibus
1476 3837 1961 3936 indulgentias
1992 3839 2226 3930 altari,
2278 3839 2352 3913 in
2391 3838 2508 3914 die
2542 3838 2873 3936 ejusdem

208 3970 689 4046 coronationis
732 3967 1123 4068 affigende,
1161 3968 1371 4065 cujus
1402 3973 1615 4040 tenor
1658 3964 1815 4038 talis
1851 3971 1990 4055 est,
2026 3965 2358 4040 videlicet
2395 3988 2410 4038 ε

294 4129 327 4164 α
364 4096 791 4174 Alexander
810 4095 1223 4194 episcopuS,
1248 4115 1495 4168 servus
1514 4112 1887 4164 servorum
1909 4090 2072 4181 Dei,
2102 4089 2366 4164 dilecto
2389 4091 2540 4165 filio
2562 4096 2597 4164 J
2605 4090 2875 4164 ohanni

212 4222 375 4296 tituli
412 4230 677 4299 sancte
716 4226 1046 4297 Susanne
1083 4219 1507 4319 presbytero
1548 4215 1896 4292 cardinali
1937 4215 2032 4290 ad
2071 4238 2376 4313 reguum
2415 4216 2656 4292 Sicilie
2700 4215 2879 4290 citra

211 4348 509 4425 Pharum
548 4355 813 4425 nostro
858 4356 931 4424 et
968 4345 1367 4446 apostolice
1414 4342 1605 4418 sedis
1648 4341 1894 4440 legato
1937 4340 2247 4416 salutem
2287 4346 2361 4416 et
2403 4342 2876 4440 apostolicam

210 4471 815 4553 benedictionem.

293 4611 465 4682 Cum
516 4627 667 4678 nos
714 4608 785 4678 te
830 4601 903 4675 in
953 4597 1482 4699 presentiarum
1532 4593 1623 4672 ad
1668 4619 1974 4694 regnum
2021 4594 2266 4670 Sicilie
2311 4594 2490 4670 citra
2528 4595 2869 4686 Pharum,

207 4734 285 4806 ad
332 4731 805 4809 carissimum
866 4726 940 4801 in
998 4725 1281 4802 Christo
1355 4723 1585 4799 filium
1640 4728 1975 4798 nostrum
2031 4720 2488 4820 Alphonsum
2545 4720 2874 4819 ejusdem

206 4855 389 4954 regni
452 4875 721 4954 regem
786 4875 919 4951 pro
986 4848 1353 4924 nonnullis
1418 4847 1681 4922 nostris
1756 4853 1829 4923 et
1885 4853 2137 4921 sancte
2195 4869 2492 4921 romane
2551 4845 2874 4922 Ecclesie

206 4982 495 5079 negotiis
562 4975 1037 5079 peragendiS,
1113 4980 1444 5050 nostrum
1506 4979 1581 5047 et
1664 4971 2064 5070 apostolice
2135 4971 2327 5049 sedis
2391 4972 2714 5070 legatum
2786 4971 2874 5046 de

268 5261 313 5319 1.
351 5259 579 5322 Riualdi
621 5259 811 5316 donne
838 5257 890 5310 et
918 5251 1047 5308 aliis
1088 5250 1244 5320 ream·
1272 5246 1583 5319 destinatis,
1620 5263 1675 5322 p.
1708 5246 1850 5320 2173
1895 5246 1963 5305 de
2007 5252 2180 5307 meme
2224 5246 2273 5305 le
2313 5263 2448 5304 mss.
2481 5247 2642 5316 5160,
2677 5246 2713 5304 Γ.
2749 5247 2892 5310 137.-
