3625 6059
751 574 860 630 524
1660 571 1690 628 J
1695 570 1939 628 OHANN
1944 571 2009 628 Is
2055 569 2498 640 BURCHARDI,
3075 575 3225 637 [Avi-it
3252 579 3356 642 1499]

757 751 972 826 quam
1017 728 1171 802 sine
1218 727 1724 815 existentibus3
1771 725 2005 802 noluit
2051 732 2295 800 tamen
2334 725 2530 822 quod
2572 750 2705 824 pro
2750 727 2875 800 illa
2920 726 3039 802 die
3082 730 3354 826 cuiquam

756 854 1338 942 restituerentur,
1395 875 1532 926 nec
1584 860 1752 926 ante
1810 852 2003 926 diem
2064 850 2369 942 sabbati,
2430 852 2663 926 donec
2721 853 3258 946 exsiccarentur,
3304 867 3355 932 et

756 978 1020 1055 deinde
1055 979 1615 1053 restituerentur
1652 977 2000 1075 patroniS.
2047 976 2445 1051 Cardinalis
2485 977 2879 1051 Gurcensis
2907 977 3153 1053 habuit
3188 1005 3355 1054 unam

756 1123 1050 1203 capsam
1081 1127 1249 1179 cum
1287 1104 1488 1179 libris
1531 1104 2007 1201 quadraginta
2042 1103 2385 1201 quinque,
2431 1127 2740 1200 quorum
2771 1113 2984 1178 erant
3024 1113 3283 1180 centum
3304 1117 3355 1182 et

757 1230 945 1305 ultra
976 1230 1243 1327 magni,
1281 1230 1370 1303 de
1408 1229 1663 1326 majori
1695 1229 1961 1332 forma;
2008 1252 2313 1325 quarum
2354 1229 2819 1304 medietatem
2860 1228 3135 1326 recepit
3170 1233 3355 1305 Ponti-

754 1356 898 1446 fex,
954 1361 1024 1428 et
1071 1355 1163 1429 de
1216 1355 1374 1444 aliis
1425 1377 1763 1452 magnam
1813 1362 2119 1453 partem.
2176 1358 2326 1452 Ego
2376 1355 2595 1428 habui
2646 1355 2789 1428 duo
2838 1355 3054 1445 retia,
3104 1378 3353 1450 quorum

753 1503 981 1554 unum
1013 1486 1164 1554 erat
1203 1503 1448 1554 meum
1490 1504 1659 1553 cum
1685 1479 1892 1577 agnis
1932 1479 2007 1552 in
2044 1503 2236 1553 anno
2272 1478 2527 1577 jubilei
2567 1479 2902 1577 proxime
2931 1481 3233 1576 preteriti
3256 1505 3353 1578 pro
3487 1535 3488 1540 ,

755 1629 874 1681 me
921 1606 1157 1695 factiS,
1209 1627 1518 1701 quorum
1567 1627 1714 1678 non
1762 1605 1966 1702 potui
2012 1629 2241 1702 usque
2289 1604 2508 1679 modo
2558 1605 3179 1678 consecrationem
3218 1606 3353 1680 obti-
3487 1581 3488 1660 3

753 1754 952 1806 nere.
1005 1733 1226 1804 Erant
1263 1730 1335 1802 in
1383 1751 1472 1803 eo
1515 1730 1681 1826 agni
1723 1729 2010 1804 circiter
2044 1743 2167 1803 11¹².
2212 1729 2427 1803 Aliud
2464 1736 2620 1804 erat
2654 1729 2961 1802 Ioannis
2999 1729 3211 1819 Aude,
3245 1753 3349 1825 quo

753 1857 969 1930 ambo
1020 1856 1307 1929 fuerunt
1355 1853 1534 1927 mibi
1582 1854 1698 1929 die
1743 1855 2021 1928 sabbati
2068 1854 2393 1950 predicta
2440 1855 2720 1951 integre
2769 1854 3105 1948 restituta
3145 1877 3347 1928 conse-

752 1987 972 2054 crata.

851 2107 1200 2181 Omnibus
1244 2106 1616 2204 depositis,
1661 2111 1857 2205 Papa
1890 2107 2068 2204 legit
2110 2131 2329 2205 super
2370 2130 2496 2181 eos
2542 2106 2757 2181 aliam
2799 2107 3343 2192 benedictionem,

752 2242 971 2334 prout
1015 2235 1086 2307 in
1130 2233 1618 2308 ceremoniali.
1663 2236 1821 2307 Non
1871 2233 2163 2307 fuerunt
2200 2233 2544 2306 incensati
2592 2257 2723 2330 per
2772 2237 3047 2331 Papam
3090 2234 3237 2329 quia
3264 2256 3347 2304 sa-

753 2359 972 2434 crista
1021 2381 1170 2432 non
1226 2359 1497 2432 fecerat
1554 2359 1820 2455 portari
1882 2357 2327 2431 thuribulum
2380 2380 2616 2454 neque
2673 2357 3092 2447 incensum,
3140 2363 3201 2431 et
3246 2379 3345 2451 ego

752 2483 953 2558 nolui
997 2507 1164 2559 eum
1196 2506 1516 2580 gravare.
1553 2487 1758 2580 Aqua
1780 2482 2209 2580 [supradicta
2245 2481 2781 2557 fuit-reservata
2818 2506 3049 2579 usque
3091 2481 3174 2554 ad
3202 2479 3343 2554 diem

751 2609 1036 2683 veneris
1083 2616 1538 2705 sequentem,
1593 2608 1665 2682 in
1718 2629 1863 2704 qua
1911 2612 2142 2706 Papa,
2190 2607 2396 2682 finita
2436 2608 2683 2696 missa,
2736 2609 3007 2684 iterum
3048 2608 3343 2683 benedixit

754 2734 931 2809 alios
962 2758 1188 2833 agnos
1219 2735 1487 2836 familie
1519 2759 1648 2809 sue
1679 2743 1753 2810 et
1781 2734 2227 2833 prelatorum
2255 2741 2330 2808 et
2365 2735 2669 2809 aliorum
2704 2735 3083 2810 curialium
3106 2735 3185 2808 de
3206 2753 3341 2806 novo

755 2871 927 2936 tunc
979 2870 1430 2960 apportatoS,
1485 2867 1558 2936 et
1605 2863 1680 2934 in
1727 2861 1921 2936 dicta
1966 2883 2155 2956 aqua
2205 2859 2376 2935 fecit
2427 2883 2553 2935 eos
2600 2862 2970 2960 immergi,
3014 2871 3085 2935 et
3126 2867 3191 2934 ut
3224 2857 3339 2930 heri

753 2987 1191 3061 consecrari.
1221 2990 1369 3084 Ego
1395 3010 1538 3059 non
1570 2986 1859 3059 interfui
1881 2986 2052 3060 huic
2078 2985 2397 3060 secunde
2426 2986 2992 3076 consecrationi,
3022 2985 3141 3060 sed
3160 2983 3341 3058 socius

751 3135 958 3186 meus
1001 3114 1367 3202 duntaxat,
1413 3111 1533 3206 qui
1577 3109 1874 3184 missam
1924 3133 2169 3184 coram
2214 3114 2409 3208 Papa
2450 3111 2970 3205 celebraverat,
3006 3110 3265 3186 sacrista
3294 3111 3343 3178 et

747 3236 866 3310 alii
895 3236 1150 3334 prelati
1177 3236 1583 3310 domestici.
1707 3265 1712 3272 ·
3487 3311 3488 3334 ,

847 3359 1160 3435 Sabbato
1197 3361 1270 3433 in
1308 3359 1516 3452 albis,
1557 3362 1600 3430 6
1640 3359 1912 3434 mensis
1946 3360 2217 3458 apriliS,
2254 3365 2501 3435 RmuS.
2548 3366 2636 3435 D.
2676 3361 3063 3436 cardinalis
3096 3358 3343 3432 Alexan·

749 3486 995 3559 drinus
1027 3484 1411 3561 celebravit
1441 3486 1740 3559 missam
1772 3485 2175 3560 solemnem
2207 3487 2280 3559 in
2310 3486 2589 3583 capella
2615 3495 2995 3578 consueta,
3030 3490 3201 3583 Papa
3220 3503 3343 3580 pre-
3487 3497 3488 3548 f

750 3615 992 3699 sente;
1030 3616 1104 3684 et
1141 3610 1213 3682 in
1254 3610 1503 3700 missa,
1541 3611 2055 3685 communione
2093 3611 2286 3685 facta
2323 3633 2455 3708 per
2490 3610 3015 3706 celebrantem,
3047 3617 3339 3690 cantoreS,

751 3734 1156 3810 cardinales
1199 3741 1274 3808 et
1321 3756 1577 3808 omnes
1628 3734 1886 3831 prelati
1938 3743 2381 3832 acceperunt
2434 3744 2860 3832 paramenta
2924 3741 3258 3819 consueta,
3288 3735 3340 3800 et

752 3860 1100 3936 officiales
1125 3858 1660 3957 superpellicia.
1693 3865 1780 3933 D.
1817 3859 2231 3934 Bonisacius
2275 3860 2365 3935 de
2405 3863 2657 3936 Castro
2688 3863 2980 3937 Lotario
3017 3853 3339 3960 apportavit

752 3986 1083 4061 Pontifici
1117 4009 1344 4060 unum
1380 3983 1685 4082 plattum
1721 4008 2067 4082 magnum
2110 4007 2279 4059 cum
2310 3987 2515 4082 agnis
2557 3987 2688 4061 Dei
2723 3986 2813 4061 de
2852 4011 3069 4085 parva
3102 3979 3336 4079 capella,

750 4134 953 4186 more
985 4111 1196 4186 solito
1227 4108 1437 4184 tertio
1468 4108 1717 4184 dicens
1754 4136 1771 4184 ε
1809 4141 1845 4178 «
1880 4113 2094 4184 Pater
2122 4118 2398 4199 sancte,
2433 4109 2554 4185 isti
2580 4119 2747 4186 sunt
2770 4113 2939 4209 agni
2974 4139 3048 4201 »3
3080 4115 3147 4184 et
3170 4111 3334 4199 Papa,

750 4245 1050 4333 accepto
1093 4238 1448 4335 gremiali.
1479 4236 1842 4310 distribuit
1874 4236 2173 4335 singulis
2214 4237 2728 4312 cardinalibus
2767 4238 2981 4311 Dedit
3006 4254 3203 4309 unum
3226 4247 3339 4300 ma-

750 4385 973 4459 gnum
1016 4360 1308 4436 cuilibet
1351 4385 1520 4436 cum
1569 4361 1810 4435 multis
1855 4361 2013 4436 aliis
2061 4362 2376 4462 desuper
2417 4362 2697 4461 positiS,
2743 4359 3235 4458 quinquaginta
3260 4345 3337 4421 vel

751 4487 942 4563 circa
1001 4488 1398 4562 camerario
1434 4513 1450 4579 3
1510 4495 1583 4563 et
1640 4487 2230 4562 vicecancellario
2288 4488 2486 4563 dedit
2541 4487 2951 4585 portionem
3014 4479 3331 4581 duplicem,

750 4611 1050 4709 singulis
1091 4612 1250 4686 aliis
1296 4613 1726 4712 simplicem,
1768 4613 1938 4687 licet
1972 4612 2216 4710 plures
2253 4619 2584 4710 peterent
2624 4636 2756 4710 pro
2796 4607 3213 4686 absentibus.
3236 4602 3335 4672 Ce-

746 4734 1038 4810 lebrans
1067 4736 1323 4811 habuit
1358 4737 1767 4834 portionem
1808 4737 1885 4809 in
1922 4737 2085 4812 loco
2124 4737 2630 4834 promotionis,
2666 4737 2944 4812 scilicet
2979 4738 3127 4833 post
3154 4719 3333 4802 cardi-

747 4862 990 4936 nalem
1057 4887 1116 4936 S.
1178 4862 1534 4962 Dionysii,
1591 4869 1665 4935 et
1717 4867 1884 4936 ante
1942 4859 2381 4934 cardinalem
2446 4884 2506 4932 S.
2562 4860 2831 4935 Crucis.
2886 4860 3041 4933 Fuit
3094 4863 3333 4946 magnus

751 4986 1100 5060 tumultus
1131 4994 1205 5061 et
1235 4987 1598 5082 strepitus,
1637 4987 1916 5060 scilicet
1952 4985 2145 5082 quod
2189 4989 2384 5083 Papa
2420 5008 2563 5060 non
2596 4986 2829 5084 potuit
2872 4985 3037 5059 dare
3064 4973 3333 5054 omnibus

747 5111 1100 5185 ordinate.
1140 5111 1312 5184 lnde
1337 5109 1503 5184 lavit
1537 5135 1798 5185 manus
1830 5120 1903 5187 et
1938 5110 2140 5186 finita
2176 5119 2286 5185 est
2316 5112 2562 5186 missa.
2599 5115 2741 5186 Per
2772 5116 3029 5209 Papam
3062 5097 3330 5179 benedic-

754 5236 946 5308 tione
991 5236 1183 5322 data‚
1223 5242 1294 5306 et
1322 5233 1769 5332 indulgentia
1799 5261 1896 5311 vn
1937 5259 2291 5310 annorum
2335 5244 2408 5312 et
2452 5236 2755 5312 totidem
2785 5235 3325 5332 quadragenarum
