3625 6059
224 552 552 615 [Aout14961
875 549 1131 609 RERUM
1179 549 1636 610 URBANARUM
1681 552 2205 613 COMMENTARII.
2774 563 2883 619 319

223 705 356 779 dixi
394 703 826 780 abusionem
857 727 902 779 a
936 706 1188 803 paucis
1215 708 1420 781 annis
1463 708 1640 783 Sixti
1672 709 1909 805 quarti
1954 708 2395 807 temporibus
2436 710 2618 785 citra
2650 711 2887 789 intro-

225 835 540 909 ductam.

311 966 383 1034 In
415 961 718 1035 nomine
750 952 951 1035 sante
985 970 1056 1037 et
1085 961 1448 1035 individue
1479 961 1873 1053 Trinitatis,
1910 960 2140 1037 Patris
2174 968 2249 1035 et
2276 962 2433 1035 Filii
2466 969 2539 1037 et
2567 964 2883 1061 Spiritus

223 1088 482 1163 Sancti.
508 1086 620 1161 Ad
642 1086 935 1161 laudem
961 1094 1033 1161 et
1053 1088 1357 1185 gloriam
1389 1112 1517 1162 sue
1536 1088 1770 1163 divine
1793 1088 2195 1185 majestatis
2218 1096 2290 1161 et
2314 1111 2614 1163 romane
2639 1091 2889 1167 Eccle-

227 1214 317 1287 sie
341 1213 636 1287 felicem
669 1220 742 1287 et
773 1236 1202 1310 prosperum
1231 1237 1678 1303 successum,
1715 1218 1965 1287 RmuS.
1994 1213 2068 1289 in
2098 1212 2381 1287 Christo
2416 1217 2493 1286 P.
2532 1220 2606 1287 et
2634 1217 2720 1287 D.
2752 1239 2888 1287 sua

221 1339 446 1413 divina
473 1339 945 1413 miseratIOne
966 1340 1152 1415 tituli
1177 1348 1425 1437 sancte
1450 1341 1694 1414 Crucis
1717 1340 1792 1413 in
1813 1340 2295 1430 Hierusalem,
2321 1340 2705 1438 presbyter
2728 1365 2885 1414 car-

223 1465 472 1539 dinalis
501 1465 974 1563 SaguntinuS‚
1009 1466 1442 1541 sanctissimi
1469 1468 1545 1540 in
1572 1465 1859 1541 Christo
1888 1470 1964 1539 P.
2003 1472 2077 1539 et
2100 1469 2186 1539 D.
2220 1468 2307 1539 N.
2345 1468 2431 1538 D.
2461 1466 2881 1555 Alexandri,

223 1590 452 1665 divina
484 1590 940 1688 providentia
963 1616 1148 1690 pape
1177 1595 1304 1684 Vl,
1337 1616 1421 1666 ac
1453 1618 1511 1666 s.
1551 1592 1757 1665 Sedis
1790 1590 2188 1687 apostolice
2216 1591 2308 1665 ad
2333 1590 2886 1665 serenissimum

225 1739 466 1812 regem
509 1720 1004 1791 Romanorum
1032 1740 1164 1813 per
1195 1718 1501 1807 Italiam,
1549 1716 2015 1791 Germaniam
2046 1721 2118 1789 et
2148 1738 2574 1813 quecunque
2604 1716 2768 1791 loca
2796 1718 2887 1791 ad

224 1864 347 1937 que
399 1840 792 1915 declinavit
835 1842 1116 1941 legatus
1165 1842 1255 1919 de
1300 1843 1557 1932 latere,
1614 1868 1744 1941 pro
1795 1842 2081 1932 ordine,
2138 1841 2357 1915 modo
2406 1847 2480 1915 et
2530 1842 2766 1916 forma
2811 1843 2886 1916 in

227 1969 690 2064 expediendis
727 1968 1320 2043 concessionibus
1353 1975 1423 2043 et
1458 1968 1708 2066 gratiis
1747 1993 1880 2066 per
1917 1966 2601 2043 reverendissimam
2646 1968 2886 2041 Domi-

225 2096 590 2169 nationem
623 2118 829 2169 suam
867 2096 1382 2187 concedendiS,
1425 2096 1518 2169 ad
1559 2094 2091 2193 beneplacitum
2124 2115 2334 2166 suum
2380 2092 2579 2184 fecit,
2617 2094 2887 2167 creavit

225 2225 289 2291 et
336 2218 693 2292 ordinavit
742 2218 1090 2293 officiales
1139 2219 1633 2316 infrascriptos
1681 2219 1756 2291 in
1813 2218 2097 2293 civitate
2151 2216 2717 2314 Fulgineatensi,
2766 2218 2883 2293 die

223 2344 586 2435 mercurii,
615 2350 656 2419 3
680 2346 956 2419 mensis
981 2346 1294 2444 augusti,
1321 2368 1510 2420 anno
1545 2345 1618 2418 in
1654 2344 2023 2419 nativitate
2052 2347 2137 2417 D.
2169 2347 2253 2418 N.
2279 2348 2343 2417 J.
2376 2342 2637 2417 Christi
2668 2349 2878 2435 1496,

225 2470 682 2563 pontificatus
710 2470 975 2567 prefati
1008 2472 1134 2545 SS.
1172 2473 1258 2544 D.
1297 2474 1380 2544 N.
1417 2494 1601 2569 pape
1632 2494 1823 2545 anno
1856 2477 2137 2567 quarto.

309 2595 622 2671 Nomina
647 2574 820 2669 vero
852 2596 1274 2670 officialium
1303 2596 1794 2693 predictorum
1828 2600 2252 2692 sequuntur,
2290 2601 2362 2669 et
2392 2600 2558 2669 sunt
2587 2595 2725 2670 hec
2764 2618 2777 2668 :

309 2725 390 2793 ln
433 2720 690 2817 primis
739 2720 1030 2816 quidem
1067 2709 1451 2797 'constituit
1494 2729 1568 2798 et
1611 2722 1974 2819 deputavit
2022 2728 2303 2819 septem
2346 2721 2883 2797 referendarios

224 2844 332 2941 qui
395 2843 711 2919 habeant
770 2845 1046 2921 referre
1109 2848 1598 2921 Dominationi
1665 2872 1790 2922 sue
1852 2846 2459 2923 reverendissime
2528 2847 2885 2944 supplica-

224 2970 472 3061 tioneS,
511 2992 652 3066 que
689 2971 1086 3068 peripsum
1121 2973 1806 3048 reverendissimum
1848 2976 1937 3046 D.
1983 2973 2337 3068 Legatum
2374 2970 2884 3067 significabun-

230 3105 362 3190 tur,
405 3100 740 3175 videlicet
787 3127 800 3171 :
851 3103 996 3173 RR.
1042 3099 1117 3173 in
1157 3099 1612 3197 Christo-PF.
1661 3103 1931 3173 Lucam
1965 3100 2018 3171 F
2024 3095 2551 3193 ulginatensem
2598 3102 2670 3171 et
2718 3096 2883 3169 Hie-

227 3226 512 3299 remiam
563 3225 1174 3300 Assisinatensem
1221 3225 1603 3322 episcopos
1644 3248 1727 3298 ac
1781 3229 1865 3297 R.
1914 3226 2000 3296 D.
2056 3220 2413 3295 Achillem
2461 3221 2551 3295 de
2601 3220 2879 3297 Grassis

228 3351 468 3447 prefati
511 3354 640 3425 SS.
691 3356 776 3425 D.
825 3354 911 3424 N.
959 3354 1152 3448 Pape
1203 3351 1656 3448 capellanum
1697 3358 1769 3425 et
1808 3349 1990 3425 sacri
2020 3346 2266 3445 palatii
2305 3346 2679 3445 apostolici
2717 3371 2882 3422 cau-

229 3499 456 3549 sarum
482 3476 916 3567 auditorem,
952 3482 1024 3549 et
1055 3476 1500 3551 venerabiles
1547 3486 1619 3551 et
1661 3472 2229 3574 circumspectos
2271 3474 2457 3548 viros
2486 3473 2879 3547 Antonium

228 3600 308 3675 de
337 3600 722 3691 LeonibuS,
763 3600 1192 3676 advocatum
1224 3602 1833 3692 consistorialem,
1869 3625 1957 3675 ac
1986 3600 2455 3674 Franciscum
2486 3597 2575 3671 de
2619 3602 2879 3673 Parma

233 3726 310 3800 de
363 3728 618 3825 majori
679 3726 1148 3824 presidentia,
1207 3727 1582 3803 literarum
1641 3728 2200 3826 apostolicarum
2266 3724 2867 3815 abbreviatorem,

231 3854 668 3930 decretorum
698 3857 1104 3946 doctorem,
1141 3862 1214 3931 et
1243 3854 1674 3930 Rodericum
1711 3854 1800 3927 de
1832 3852 2155 3943 Ciochia,
2192 3851 2622 3926 canonicum
2652 3853 2877 3947 Sego-

229 3978 564 4074 biensem,
601 3988 674 4056 et
702 3982 923 4056 etiam
954 3981 1331 4056 doctorem
1363 3982 1855 4055 decretorum.

313 4110 479 4183 Item
513 4105 873 4181 ordinavit
913 4111 998 4180 R.
1043 4110 1132 4181 D.
1177 4106 1562 4185 Martinum
1597 4106 1686 4181 de
1714 4103 1999 4202 Apulia,
2037 4102 2617 4201 protonotarium
2662 4124 2874 4199 apos-

235 4228 498 4307 tolicum
548 4240 622 4309 et
679 4255 884 4308 sacre
931 4233 1296 4330 theologie
1345 4233 1798 4331 magistrum,
1849 4228 2205 4303 datarium
2260 4224 2870 4323 supplicationum

237 4378 346 4449 per
383 4360 619 4457 ipsum
661 4363 950 4431 Rmum.
989 4363 1075 4433 D.
1116 4358 1440 4455 legatum
1477 4359 1552 4432 in
1593 4357 1836 4433 officio
1872 4352 2254 4452 legationis
2300 4349 2728 4448 hujusmodi
2772 4350 2870 4424 si-

243 4480 688 4570 guandarum.

321 4608 484 4679 Item
515 4608 892 4683 constituit
921 4607 1274 4682 tredecim
1319 4605 1891 4694 abbreviatores;
1938 4626 2191 4695 unum,
2240 4601 2572 4677 videlicet
2602 4602 2689 4675 de
2720 4624 2871 4673 ma-

233 4723 350 4820 jori
400 4734 868 4829 presidentia,
928 4732 1204 4806 scilicet
1256 4732 1612 4830 prefatum
1668 4734 1754 4803 D.
1809 4729 2276 4803 Franciscum
2331 4728 2420 4801 de
2473 4732 2733 4801 Parma
2778 4726 2867 4799 de

244 4874 428 4945 parco
485 4860 768 4957 majori,
833 4883 918 4933 ac
974 4859 1208 4957 prima
1261 4855 1534 4931 visione
1594 4854 2008 4943 duodecim,
2068 4853 2404 4927 videlicet
2458 4851 2867 4950 predictum

243 4976 590 5059 Antonium
651 4985 742 5059 de
801 4984 1188 5074 Leonibus,
1257 4988 1343 5057 D.
1403 4982 1851 5057 Clementem
1910 4979 1999 5052 de
2063 4978 2263 5051 Frias
2330 4977 2865 5053 thesaurarium

251 5104 518 5184 ecclesie
563 5110 932 5200 Pacensis,
985 5108 1377 5185 Sancinum
1408 5108 1498 5183 de
1538 5110 1788 5197 Azara,
1836 5103 2271 5178 canonicum
2312 5108 2862 5189 Granatensem,

251 5223 330 5301 de
354 5234 646 5336 CarvaJ'al
673 5244 750 5312 et
790 5235 1245 5335 Alphousum
1275 5235 1490 5311 etiam
1527 5234 1615 5307 de
1649 5230 1993 5328 Carvajal‚
2030 5230 2334 5305 clericos
2380 5227 2861 5316 Placentinos,
