3625 6059
1381 540 1420 594 A
1431 540 1802 597 PPENDJCE.
2820 558 2928 612 655-

250 686 499 751 derunt
529 708 544 749 :
577 687 742 767 ipsis
767 692 990 753 tamen
1019 688 1285 753 domino
1317 691 1630 755 cardinali
1656 697 1721 755 et
1747 692 2005 757 ¹Iuliano
2034 696 2531 759 remanentibus
2567 698 2637 761 in
2668 702 2927 783 relega·

260 784 442 850 tione
472 804 591 865 per
619 792 884 851 centum
925 786 1206 851 miliaria
1242 789 1328 851 ab
1368 791 1530 853 urbe
1569 790 1938 865 florentina,
1981 791 2049 853 in
2091 793 2401 855 omnibus
2440 799 2507 857 et
2544 812 2667 875 per
2702 802 2925 865 omnia

251 889 456 963 prout
487 884 569 947 de
599 887 786 949 Petro
817 902 1048 949 eorum
1074 885 1277 950 fratre
1308 887 1704 967 dispositum
1733 894 1856 953 est.

344 1007 374 1039 α
419 984 750 1064 vigesimo
794 986 1006 1063 primo
1046 991 1495 1049 convenerunt
1537 988 1718 1066 quod
1761 988 1845 1050 sit
1884 987 2135 1051 licitum
2179 989 2445 1053 domine
2488 993 2919 1072 Alpllonsine.

249 1082 447 1145 uxori
475 1082 636 1146 dicti
664 1084 838 1146 Petri
864 1084 946 1147 de
973 1084 1262 1159 MediciS,
1295 1084 1508 1148 redire
1531 1085 1599 1147 in
1624 1086 1894 1149 domum
1925 1086 2350 1151 habitationis
2380 1089 2535 1155 dicti
2569 1092 2736 1155 Petri
2764 1096 2923 1157 etin

249 1181 365 1244 illa
409 1180 732 1255 habitare,
786 1183 1042 1262 absque
1081 1186 1304 1245 tamen
1344 1183 1703 1262 preiudicio
1743 1185 1965 1264 aliquo
2008 1187 2404 1252 creditorum
2454 1189 2606 1251 dicti
2638 1190 2808 1253 Petri
2839 1192 2921 1254 dc

254 1278 544 1343 Medicis.

337 1401 369 1433 «
411 1378 744 1459 Vigesimo
787 1381 1076 1443 secundo
1115 1386 1566 1446 convenerunt
1591 1381 1775 1462 quod
1809 1383 1893 1446 de
1934 1383 2127 1446 bonis
2157 1383 2309 1447 dicti
2348 1386 2515 1448 Petri
2549 1386 2631 1449 de
2659 1387 2922 1451 Medicis

263 1478 506 1541 debeat
534 1477 616 1540 de
649 1479 945 1557 presenti
991 1478 1302 1543 satisfieri
1343 1480 1512 1544 dicte
1541 1480 1806 1543 domine
1845 1481 2274 1561 Alphonsine,
2318 1482 2504 1546 uxori
2546 1484 2697 1547 dicti
2732 1485 2922 1562 Petri,

261 1576 344 1639 de
375 1576 530 1640 dote
557 1576 770 1655 ipsius
801 1578 1067 1642 domine
1095 1579 1521 1660 Alphonsine.

341 1698 370 1730 α
416 1675 751 1756 vigesimo
779 1676 970 1739 tertio
1001 1682 1453 1741 convenerunt
1487 1678 1665 1757 quod
1695 1677 1812 1742 fiat
1842 1684 1907 1743 et
1936 1678 2078 1742 fieri
2107 1679 2347 1744 debeat
2376 1680 2812 1744 inventarium
2838 1682 2919 1745 dc

253 1772 450 1837 bonis
487 1774 848 1838 mobilibus
879 1776 1032 1838 dicti
1068 1776 1266 1853 Petri,
1317 1782 1383 1839 et
1425 1775 1604 1855 quod
1645 1778 1791 1856 ipsa
1832 1778 2008 1841 bona
2051 1777 2469 1857 deponantur
2506 1796 2713 1858 penes
2756 1780 2926 1843 duos

245 1876 648 1937 mercatores
679 1872 990 1949 idoneos3
1033 1891 1242 1961 unum
1286 1868 1584 1939 videlicet
1615 1874 1998 1955 eligendum
2041 1892 2161 1955 per
2196 1875 2412 1955 ipsam
2444 1876 2780 1940 dominam
2809 1878 2917 1939 Al-

247 1971 675 2051 pbonsiuam,
705 1976 769 2033 et
801 1971 1003 2034 alium
1033 1990 1152 2051 per
1178 1972 1482 2038 dominos
1511 1973 1764 2051 priores
1793 1973 2214 2048 florentinos3
2243 1975 2359 2053 qui
2382 1974 2573 2037 electi
2598 1975 2925 2039 retineant

247 2068 634 2133 huiusmodi
675 2069 852 2133 bona
895 2070 964 2132 in
1007 2072 1248 2150 capsis,
1291 2072 1350 2135 si
1389 2071 1636 2135 ibidem
1680 2072 1911 2151 reponi
1950 2076 2286 2151 poterunt,
2326 2072 2433 2135 vel
2470 2072 2629 2135 alibi
2664 2074 2734 2136 in
2776 2074 2921 2135 loco

250 2170 403 2229 tuto
433 2170 501 2229 et
529 2166 920 2232 claudantur
948 2167 1072 2232 sub
1111 2168 1404 2232 clavibus
1444 2186 1728 2248 quarum
1767 2186 1971 2231 unam
1999 2171 2281 2232 retineat
2312 2168 2481 2232 dicta
2514 2169 2781 2233 domina
2812 2170 2920 2232 Al-

247 2264 606 2343 phonsina,
653 2265 852 2328 aliam
891 2282 1042 2330 vero
1074 2266 1224 2329 dicti
1255 2267 1502 2331 domini
1541 2268 1793 2347 priores
1839 2288 1852 2328 :
1896 2268 2017 2330 hoc
2056 2274 2245 2349 pacto
2285 2269 2466 2347 quod
2506 2268 2563 2330 si
2605 2268 2774 2331 infra
2806 2269 2917 2331 tri-

245 2370 500 2429 mestre
548 2364 904 2429 creditores
948 2366 1312 2429 existentes
1358 2365 1427 2428 in
1478 2366 1802 2429 territorio
1846 2365 2222 2443 florentinO,
2274 2372 2340 2429 et
2384 2367 2555 2429 infra
2599 2372 2918 2431 semestre

245 2465 612 2528 creditores
641 2465 1002 2527 existentes
1032 2469 1214 2527 extra
1243 2464 1640 2544 territorium
1670 2464 2119 2540 florentinum,
2155 2482 2386 2555 eorum
2420 2465 2616 2528 iudici
2653 2482 2919 2545 compe·

247 2563 416 2626 tenti
452 2562 864 2641 porrexerint
905 2562 1255 2640 petitiones
1300 2578 1526 2625 eorum
1565 2579 1684 2641 per
1724 2579 1895 2643 quas
1934 2568 2249 2641 appareat
2291 2564 2647 2641 petitiones
2688 2580 2919 2627 eorum

245 2660 720 2727 transcendere
767 2661 1056 2726 valorem
1099 2660 1478 2724 huiusmodi
1525 2662 1855 2724 bonorum
1895 2660 2261 2737 mobilium,
2318 2665 2479 2723 tunc
2502 2660 2693 2724 ·dicta
2744 2661 2919 2725 bona

243 2764 638 2826 remaneant
666 2776 874 2839 penes
903 2758 1112 2825 dictos
1141 2758 1579 2838 depositarios
1610 2776 1728 2837 pro
1760 2757 2222 2823 satisfaciendo
2254 2758 2445 2821 dictis
2478 2758 2922 2822 creditoribus⁴

244 2858 332 2923 de
373 2874 606 2923 eorum
643 2857 906 2921 creditis
945 2857 1236 2939 legitime
1279 2857 1636 2937 probandis
1675 2875 1692 2917 ι
1735 2857 1791 2921 si
1830 2873 1987 2920 vero
2021 2872 2154 2919 non
2198 2856 2589 2921 excederent
2630 2857 2923 2919 valorem

245 2956 581 3041 dictorum
609 2958 962 3031 bonorum,
1005 2961 1161 3019 tunc
1198 2961 1455 3021 tantum
1500 2971 1621 3035 pro
1659 2961 1803 3019 rata
1842 2954 2230 3035 hujusmodi
2268 2954 2663 3018 creditorum
2702 2970 2931 3016 rema-2

242 3059 453 3118 neant
499 3072 706 3134 penes
751 3055 960 3119 dictos
1008 3054 1446 3135 depositarios
1495 3071 1615 3133 pro
1661 3052 2125 3117 satisfaciendo
2174 3056 2246 3113 ut
2290 3068 2529 3131 supra;
2573 3051 2915 3113 residuum

243 3168 404 3215 vero
433 3153 828 3219 restituatur
856 3153 1026 3216 dicte
1055 3153 1268 3229 uxori,
1303 3152 1576 3217 habenti
1605 3151 1997 3217 mandatum
2034 3150 2405 3231 legitimum
2435 3149 2519 3211 ab
2550 3148 2698 3227 ipso
2724 3150 2913 3211 Petro

241 3256 314 3314 et
345 3268 386 3313 a
419 3250 730 3315 fratribus
761 3253 901 3315 suis
937 3273 951 3313 :
981 3252 1166 3317 salvo
1201 3258 1426 3317 tamen
1454 3252 1598 3315 iure
1628 3251 1907 3315 aliorum
1938 3249 2335 3313 creditorum
2372 3263 2505 3311 non
2544 3247 2928 3326 petentium.

244 3347 420 3411 infra
451 3350 658 3413 dictos
695 3352 1033 3414 terminos,
2504 3403 2512 3409 .

337 3473 364 3502 ι
413 3449 746 3529 vigesimo
776 3454 1014 3529 quarto
1055 3455 1502 3515 convenerunt
1539 3452 1720 3531 quod
1756 3450 1951 3512 liceat
1989 3448 2157 3512 dicto
2188 3446 2455 3510 domino
2486 3443 2800 3509 cardinali
2830 3444 2911 3507 de

249 3546 517 3610 Medicis
547 3548 882 3627 percipere
913 3547 1164 3613 fructus
1192 3564 1762 3629 quorumcumque
1790 3544 2263 3611 beneficiorum
2293 3560 2587 3607 suorum.

341 3672 370 3701 «
417 3644 758 3727 vigesimo
804 3648 1036 3728 quinto
1079 3653 1530 3711 convenerunt
1575 3647 1756 3727 quod
1803 3645 2017 3709 dictus
2066 3645 2297 3706 Petrus
2342 3644 2424 3706 de
2470 3640 2756 3718 MediciS,
2810 3640 2914 3703 vel

251 3744 406 3806 dicti
436 3744 543 3807 sui
571 3742 809 3808 fratres
831 3761 964 3807 non
993 3746 1254 3825 possint
1283 3745 1600 3809 declarari
1630 3744 1964 3808 debitores
1995 3741 2271 3803 alicuius
2297 3756 2604 3820 persone,
2632 3738 2911 3821 collegii,

245 3844 606 3921 societatis,
655 3845 1084 3926 magistratus
1131 3844 1236 3909 vel
1273 3843 1752 3919 universitatiS,
1796 3842 1926 3904 nisi
1964 3838 2133 3903 facta
2170 3838 2481 3902 citatione
2522 3838 2606 3901 ad
2646 3836 2915 3900 domum

243 3950 482 4005 eorum
507 3943 702 4007 solite
726 3942 1154 4006 habitationis
1185 3944 1252 4005 in
1281 3943 1538 4006 civitate
1569 3942 1923 4017 Florentie;
1952 3938 2069 4020 qui
2101 3938 2361 4016 possint
2390 3953 2509 4015 per
2536 3938 2914 4015 procurato·
3024 4016 3035 4025 .

242 4058 388 4103 rem
413 4058 795 4121 comparare
826 4047 890 4104 et
915 4058 988 4104 se
1013 4040 1367 4104 defendere
1393 4046 1458 4105 et
1482 4042 1702 4105 omnia
1729 4056 1960 4103 eorum
1984 4038 2128 4099 iura
2155 4035 2483 4098 deducere
2510 4037 2575 4096 et
2598 4032 2909 4113 allegare.

331 4162 363 4197 α
407 4139 743 4221 Vigesimo
793 4144 979 4203 sexto
1009 4145 1458 4203 convenerunt
1498 4139 1676 4220 quod
1708 4137 1883 4203 filius
1913 4136 2251 4201 masculus
2286 4133 2439 4196 dicti
2475 4132 2647 4195 Petri
2677 4132 2758 4195 de
2788 4134 2916 4195 Me-

245 4237 412 4300 dicis
437 4238 652 4315 possit
677 4239 1070 4301 Florentiam
1094 4238 1308 4303 redire
1335 4241 1400 4302 et
1423 4256 1576 4301 cum
1600 4237 1772 4301 dicta
1797 4236 2207 4315 Alphonsina
2234 4234 2377 4295 eius
2409 4236 2617 4294 matre
2642 4229 2909 4303 morari,

245 4340 430 4399 stare
459 4342 525 4399 et
553 4336 948 4427 aliment'ari,
982 4338 1238 4416 absque
1269 4337 1491 4415 aliquo
1530 4334 1913 4414 preiudIcio.

331 4458 362 4489 «
409 4435 742 4516 Vigesimo
775 4434 1052 4513 septimo
1083 4441 1532 4499 convenerunt
1558 4433 1739 4514 quod
1767 4432 1937 4495 dicta
1969 4431 2235 4495 domina
2266 4429 2669 4509 Alphonsina
2700 4425 2911 4507 possit

239 4534 530 4598 retinere
577 4550 1032 4615 quoscumque
1081 4550 1242 4597 suos
1285 4538 1640 4597 consuetos
1683 4533 2060 4607 servitores,
2112 4527 2473 4592 dummodo
2517 4542 2649 4589 non
2697 4523 2913 4604 possit

239 4633 504 4697 mittere
545 4632 631 4695 ad
671 4633 934 4696 Petrum
973 4632 1116 4694 eius
1149 4632 1359 4693 virum
1401 4632 1528 4693 nisi
1573 4632 1743 4694 duos
1788 4645 1959 4709 quos
2000 4633 2222 4713 tamen
2254 4626 2493 4689 debeat
2538 4623 2906 4697 nominare.

239 4733 403 4808 Quae
442 4731 662 4795 omnia
705 4736 770 4793 et
807 4730 1070 4813 singula
1111 4747 1312 4809 supra
1352 4730 1611 4809 scripta,
1661 4728 1916 4809 prefata
1957 4724 2499 4789 christianissima
2542 4720 2743 4801 regia,
2769 4736 2907 4783 ma·

239 4828 470 4905 iestaS,
505 4830 632 4893 sub
658 4831 860 4894 verbo
885 4834 952 4893 et
975 4829 1106 4893 fide
1137 4830 1342 4911 regia,
1371 4828 1715 4893 attendere
1747 4832 1812 4890 et
1844 4828 2197 4890 observare
2226 4820 2549 4903 promisit,
2586 4819 2713 4883 sub
2744 4816 2906 4881 obli-

238 4928 510 5007 gatione
541 4929 645 4991 sui
675 4932 742 4990 et
775 4944 1050 4991 suerum
1088 4927 1410 4992 heredum
1449 4932 1516 4991 et
1553 4941 2037 5001 successorum,
2060 4928 2127 4987 et
2143 4923 2471 4986 bonorum
2496 4917 2905 4999 presentium

242 5030 307 5087 et
353 5025 726 5089 futurorum
773 5020 898 5089 (et
940 5024 1174 5105 prefati
1221 5025 1476 5108 syndici
1517 5026 1965 5105 promiserunt
2004 5041 2081 5086 ac
2124 5020 2324 5085 etiam
2366 5019 2452 5082 ad
2498 5016 2905 5081 delationem

240 5124 368 5187 mei
399 5126 720 5188 l·'rancisci
751 5126 986 5189 notarii
1022 5124 1268 5204 publici
1308 5122 1726 5203 infrascripti,
1759 5123 2143 5186 iuraverunt
2170 5122 2257 5185 ad
2296 5124 2521 5184 sancta
2552 5117 2671 5181 Dei
2701 5134 2897 5179 evan·

237 5222 434 5301 gelia,
480 5221 821 5301 scripturis
866 5224 1290 5302 corporaliter
1333 5240 1537 5288 manu
1577 5221 1788 5299 tactiS,
1835 5221 2127 5303 predicta
2170 5220 2387 5284 omnia
2442 5223 2507 5281 et
2548 5215 2812 5297 singula
2844 5221 2910 5280 et
