3625 6059
177 569 317 634 [Mai
356 569 519 630 1498]
880 564 1135 621 RERUM
1186 563 1639 622 unssANAauM
1679 565 2204 622 COMMENTARII.
2607 547 2620 556 ’
2777 573 2880 627 463

294 755 331 790 «
380 719 653 796 Dilecti
686 717 815 806 fili,
850 718 1158 792 salutem
1188 724 1261 792 et
1289 720 1763 815 apostolicam
1796 720 2408 794 benedictionem.
2448 720 2630 806 Quia
2660 721 2876 794 divini

190 848 497 924 consilii
560 844 1042 918 inscrutabilis
1091 844 1392 919 altitudo
1454 845 1836 918 universali
1893 844 2460 920 administrande
2525 845 2875 936 Ecclesie,

192 999 329 1050 nos
368 971 580 1048 Petri
610 991 1074 1044 successores
1102 968 1273 1043 licet
1302 969 1745 1044 immeritum
1775 971 1916 1044 hoc
1949 977 2276 1069 tempore
2308 995 2602 1069 preesse
2635 973 2882 1069 dispo-

195 1100 369 1191 suit,
415 1099 611 1196 jugi,
648 1104 998 1194 quantum
1046 1095 1256 1170 nobis
1311 1096 1551 1170 divino
1606 1099 1903 1172 numine
1952 1098 2187 1190 datur,
2244 1098 2610 1195 diligentie
2643 1099 2880 1173 studio

194 1222 691 1323 procurandis
716 1222 805 1294 iis
836 1221 1055 1295 rebus
1080 1221 1549 1313 intendimuS,
1577 1222 1838 1320 quibus
1867 1223 2146 1320 religiO,
2176 1224 2368 1297 salus
2395 1232 2466 1297 et
2492 1247 2630 1320 pax
2661 1224 2883 1298 chris-

198 1351 399 1424 tiano
430 1347 713 1447 populo
753 1353 1245 1438 conservetur,
1300 1347 1553 1420 floreat
1594 1358 1665 1421 et
1702 1347 2225 1445 amplificatum
2262 1349 2682 1446 dogmatum
2716 1374 2884 1425 vero

204 1475 493 1549 novitas
544 1473 713 1548 ficte
754 1471 1235 1568 simplicitatis
1272 1473 1698 1546 adumbrata
1725 1474 2104 1565 velamine,
2141 1474 2310 1570 quia
2340 1473 2411 1547 in
2441 1474 2710 1572 populo
2741 1477 2886 1549 fre-

206 1609 527 1697 quenter
560 1603 637 1672 et
664 1598 864 1672 clero
895 1597 1313 1688 schismata,
1348 1597 1651 1672 hereses
1691 1604 1764 1673 et
1798 1622 2087 1673 morum
2127 1599 2496 1674 subversio
2529 1600 2880 1692 oriuntur,

207 1727 296 1800 de
332 1723 675 1799 Ecclesia
702 1722 1034 1820 pellatur,
1070 1746 1162 1796 ne
1208 1722 1534 1819 quietum
1579 1725 1904 1822 corporis
1949 1730 2216 1799 statum
2257 1724 2578 1799 Ecclesia
2621 1725 2888 1799 sollici-

214 1858 361 1924 tare
410 1850 489 1922 in
540 1848 916 1947 presentia
961 1847 1212 1945 possit,
1258 1871 1497 1944 neque
1541 1850 1805 1923 ceteris
1857 1850 2320 1947 delinquendi
2370 1851 2702 1946 exemplo
2752 1852 2886 1925 isto

214 1977 403 2050 malo
434 1979 769 2072 potestas
798 1973 923 2047 fiat
953 1974 1025 2045 in
1052 1979 1447 2070 posterum.
1487 1977 1673 2050 Sane
1708 1977 2231 2074 Hieronymum
2263 1975 2650 2072 quemdam
2679 1980 2890 2050 Savo-

217 2102 545 2176 narolam
582 2101 671 2175 de
703 2099 1058 2189 Ferraria,
1088 2099 1357 2172 ordinis
1388 2100 1926 2197 predicatorum
1957 2101 2270 2176 novitate
2301 2101 2498 2198 pravi
2528 2102 2886 2198 dogmatis

220 2229 665 2303 delectatum
691 2225 1109 2324 accepimus
1136 2225 1304 2300 etin
1338 2249 1500 2299 eam
1525 2229 1790 2302 mentis
1818 2229 2174 2302 insaniam
2203 2227 2615 2300 Italicarum
2640 2250 2919 2300 rerum.

221 2353 790 2428 commutatione
831 2352 1254 2442 deductum,
1292 2358 1369 2424 ut
1412 2375 1491 2427 se
1535 2354 1838 2427 missum
1887 2376 1930 2428 a
1971 2357 2125 2428 Deo
2171 2360 2246 2428 et
2291 2375 2459 2427 cum
2499 2356 2652 2425 Deo
2691 2351 2886 2449 loqui

226 2478 373 2553 sine
396 2477 545 2552 ulla
588 2477 941 2552 canonica
966 2477 1427 2552 attestatione
1459 2475 1770 2554 fateatur
1807 2479 1880 2553 in
1913 2478 2180 2578 populo
2211 2484 2468 2552 contra
2500 2477 2886 2553 canonicas

230 2605 663 2680 sanctiones,
698 2609 857 2680 Non
898 2603 1162 2678 sufficit
1204 2605 1541 2702 cuiquam
1581 2607 1771 2681 nude
1817 2614 2094 2681 tantum
2137 2628 2462 2680 asserere
2505 2604 2700 2702 quod
2729 2604 2885 2700 ipse

230 2731 312 2804 sit
346 2730 619 2804 missus
648 2753 691 2803 a
722 2733 901 2821 De0,
937 2752 1103 2802 cum
1147 2729 1291 2804 hoc
1334 2731 1633 2826 quilibet
1675 2733 2044 2807 hereticus
2088 2738 2389 2825 asserat,
2429 2733 2557 2806 sed
2601 2737 2888 2829 oportet

233 2855 411 2950 quod
437 2853 781 2930 ostendat
804 2854 998 2928 illam
1026 2853 1381 2927 visibilem
1417 2856 1842 2929 missionem
1872 2881 2004 2954 per
2033 2857 2532 2954 operationem
2561 2853 2886 2928 miraculi

236 2981 337 3054 vel
366 2982 723 3080 scripture
755 2979 1255 3054 testimonium
1288 2981 1628 3078 speciale.
1666 2982 2029 3056 Christum
2068 2992 2404 3078 preterea
2433 2985 2681 3055 Jesum
2721 3002 2888 3052 cru-

240 3107 514 3181 cifixum
560 3115 639 3181 et
686 3111 921 3180 Deum
968 3105 1286 3196 mentiri,
1324 3106 1381 3177 si
1428 3106 1582 3203 ipse
1628 3107 2041 3198 mentiatur,
2087 3106 2532 3180 horrendum
2573 3111 2768 3179 certe
2814 3110 2886 3179 ct

246 3233 633 3308 execrabile
676 3231 1150 3330 adjurationis
1190 3253 1420 3329 genus
1456 3257 1471 3304 ε
1518 3241 1721 3307 extra
1762 3233 2010 3307 salutis
2047 3238 2310 3306 statum
2356 3255 2522 3304 eum
2563 3253 2724 3303 esse
2763 3228 2884 3325 qui

245 3358 423 3432 vanis
460 3359 657 3433 illius
698 3355 1221 3432 assertionibus
1258 3382 1407 3431 non
1446 3359 1733 3451 credat;
1774 3359 1916 3434 alia
1959 3358 2302 3456 deinceps
2333 3358 2530 3431 illum
2571 3380 2718 3431 non
2747 3356 2886 3428 mi-

248 3505 365 3556 nus
394 3485 639 3582 inepta
672 3484 935 3573 facere,
972 3479 1216 3556 dicere
1246 3491 1322 3558 et
1349 3485 1705 3574 scribere3
1740 3507 1909 3582 que,
1947 3485 2005 3558 si
2029 3490 2534 3583 pretereantur
2559 3483 2881 3579 impune,

251 3607 403 3682 nihil
442 3617 548 3685 est
583 3609 782 3707 quod
818 3631 965 3680 non
1004 3631 1267 3684 ausura
1306 3611 1649 3684 falsorum
1698 3611 2204 3708 religiosorum
2245 3609 2610 3684 temeritas
2655 3607 2770 3699 sit,
2815 3615 2888 3682 et

254 3731 317 3803 in
342 3757 589 3834 corpus
634 3734 984 3824 Ecclesie,
1020 3736 1213 3831 quod
1257 3737 1650 3811 verendum
1697 3748 1832 3829 est,
1866 3737 2035 3812 vitia
2077 3737 2211 3810 sub
2258 3735 2598 3809 virtutum
2643 3733 2886 3830 specie

256 3857 735 3937 subintrarent.
782 3862 1265 3961 Cogitavimus
1304 3863 1524 3960 longa
1566 3863 2024 3937 cunctatione
2070 3866 2141 3937 et
2177 3860 2525 3958 patientia
2553 3859 2889 3932 diuturna

262 3989 471 4059 nostra
514 3987 814 4062 efficere
862 3995 943 4061 ut
984 3989 1257 4062 fatuam
1304 3988 1501 4062 illam
1551 4011 1753 4062 suam
1806 3987 2308 4086 propheticam
2359 3983 2885 4082 professionem

264 4119 809 4208 recognosceret,
854 4113 948 4187 ad
995 4112 1223 4187 solide
1272 4114 1589 4189 veritatis
1632 4115 1817 4188 viam
1863 4114 2311 4202 deflecteret,
2349 4110 2566 4184 verba
2610 4115 2886 4182 temere

264 4239 323 4303 ot
344 4233 565 4334 inique
596 4240 675 4312 in
710 4239 1035 4314 Ecclesia
1057 4239 1339 4336 prolata
1367 4240 1635 4316 ibidem
1669 4239 1999 4313 consulte
2031 4246 2102 4313 et
2141 4236 2455 4312 fideliter
2483 4239 2880 4309 revocaret.

266 4355 713 4437 Credebamus
742 4371 909 4462 post
947 4363 1236 4463 aliquod
1267 4372 1552 4464 tempus
1582 4369 1735 4464 jam
1776 4365 2156 4440 advenisse
2195 4363 2388 4436 diem
2420 4385 2563 4458 quo
2604 4360 2692 4434 de
2729 4360 2886 4458 ipso

268 4483 528 4562 meliora
558 4491 947 4589 concipere
981 4491 1439 4585 deberemuS,
1460 4517 1543 4568 ac
1570 4492 1896 4567 dolorem
1928 4514 2147 4589 quem
2177 4509 2372 4561 nunc
2403 4508 2632 4581 usque
2670 4507 2757 4559 ex
2792 4485 2890 4557 ef-

272 4601 428 4682 freni
457 4616 861 4713 arrogantia
883 4623 957 4690 et
988 4618 1415 4694 scandalosa
1446 4617 1904 4714 separatione
1931 4639 1973 4689 a
2000 4613 2328 4714 patribus
2367 4609 2514 4683 suis
2545 4608 2892 4683 Lombar-

276 4725 370 4802 die
407 4740 719 4836 perpessi
760 4741 1156 4834 fueramuS,
1188 4765 1329 4838 que
1368 4741 1672 4814 subdola
1696 4740 2111 4828 calliditate,
2146 4737 2332 4811 sicut
2356 4741 2518 4833 post
2553 4735 2892 4833 cognovi-

278 4873 434 4948 muS,
455 4885 949 4958 perversorum
970 4867 1447 4963 quorumdam
1482 4867 1783 4940 fratrum
1808 4866 2190 4963 impetrata
2216 4870 2351 4953 est,
2369 4885 2458 4936 ex
2485 4885 2614 4935 sua
2638 4860 2888 4934 humili

282 4979 659 5066 adherentia
698 4993 771 5066 in
819 4992 1123 5068 letitiam
1158 5001 1773 5068 commutaremus
1808 5019 1822 5064 :
1861 4992 1992 5066 scd
2028 4989 2225 5088 quod
2266 4988 2598 5062 dolenter
2640 4985 2892 5060 referi-

282 5168 493 5234 trouvent
517 5179 647 5238 dans
679 5191 801 5240 tous
840 5182 920 5239 les
961 5201 1095 5240 mss.
1130 5191 1186 5240 et
1213 5183 1295 5239 les
1334 5179 1611 5256 imprimes
1652 5183 1685 5236 a
1711 5177 1763 5236 la
1792 5179 1866 5234 sin
1897 5179 1964 5235 de
2005 5179 2216 5235 l’annee
2255 5179 2410 5235 1502.
2447 5175 2489 5232 ll
2526 5193 2560 5231 a
2597 5189 2734 5248 paru
2771 5176 2894 5248 pre-

280 5254 448 5321 ferable
477 5269 539 5327 de
566 5271 645 5331 les
672 5276 855 5349 placer
882 5275 975 5345 ici,
1006 5291 1212 5333 comme
1242 5272 1425 5347 pieccs
1454 5270 1961 5344 complementaires
1990 5273 2024 5326 a
2052 5287 2114 5326 ce
2144 5269 2236 5343 qui
2265 5268 2518 5342 precede.
