3625 6059
735 559 841 616 418
1402 613 1414 626 ,
1642 555 1992 613 JOHANNIS
2045 556 2488 632 BURCHARDI,
2906 558 3232 619 [Decembre
3261 557 3384 618 ¹4⁹³]

738 706 1103 804 utriusque
1150 707 1284 780 suit
1327 709 1537 805 juxta
1585 709 1960 783 introitum
2008 717 2082 784 et
2111 710 2414 807 angulos
2459 709 2916 784 banchorum
2947 715 3383 784 transversa·
3514 683 3515 706 ¹

736 832 915 906 lium
976 856 991 904 :
1050 832 1223 906 alias
1276 832 1417 906 hec
1472 843 2002 910 consueverunt
2055 835 2216 909 fieri
2269 836 2339 908 in
2399 835 2676 933 capella
2724 857 2944 932 parva
2991 833 3190 908 intra
3241 833 3380 908 dic·
3513 889 3515 936 Ξ

739 963 891 1030 tum
922 957 1317 1053 capitulum
1349 957 1730 1047 existente,
1781 983 1998 1056 quam
2030 959 2289 1035 fratres
2329 959 2549 1034 modo
2593 958 2930 1034 dicebam
2962 981 3126 1033 esse
3178 957 3386 1032 nimis

738 1081 1149 1172 humidam3
1204 1090 1277 1157 et
1334 1090 1487 1156 tum
1548 1085 1794 1176 etiam,
1841 1108 1972 1182 pro
2021 1109 2325 1160 numero
2383 1084 2880 1174 cardinalium,
2926 1083 3146 1156 nimis
3191 1105 3390 1179 parva

740 1217 959 1282 esset.
1008 1209 1138 1282 Hic
1180 1209 1739 1306 permansimuS,
1777 1212 2237 1308 congregatis
2279 1211 2567 1287 circiter
2605 1207 3384 1306 quindecimcardina-

734 1333 959 1424 libus;
1014 1334 1497 1409 ascenderunt
1540 1358 1809 1431 equum
1855 1358 2110 1410 omnes
2159 1336 2251 1410 ad
2291 1336 2632 1434 palatium
2677 1336 3154 1435 apostolicum
3200 1336 3380 1410 ituri.

739 1460 1033 1535 Interim
1062 1470 1416 1536 venerunt
1455 1461 1671 1536 etiam
1715 1461 1833 1535 alii
1879 1463 2282 1537 cardinales
2328 1485 2634 1559 quorum
2675 1462 2892 1559 aliqui
2939 1462 3220 1538 dictum
3261 1485 3380 1534 no-

734 1609 901 1659 vum
935 1586 1378 1660 cardinalem
1420 1587 1613 1662 mule
1654 1586 2088 1663 insidentem
2130 1588 2526 1664 exosculati
2573 1594 2740 1662 sunt
2783 1595 2854 1663 et
2887 1587 3127 1663 verbis
3169 1586 3376 1660 solitis

738 1717 1195 1808 receperunt.
1236 1711 1434 1785 Idem
1466 1736 1691 1786 novus
1724 1713 2062 1810 equitavit
2092 1713 2168 1787 in
2196 1714 2448 1789 ultimo
2478 1714 2639 1788 loco
2670 1713 2860 1787 inter
2887 1717 3201 1786 RRmos.
3241 1713 3374 1783 DD.

740 1842 1139 1913 Senensem
1176 1845 1337 1912 ets.
1387 1839 1701 1935 Georgii,
1749 1839 2074 1915 seniores
2115 1838 2458 1913 diaconos
2506 1837 2908 1912 cardinales
2947 1859 3180 1933 usque
3215 1834 3382 1908 ultra

738 1969 1032 2061 pontem
1065 1988 1125 2036 s.
1176 1963 1430 2061 Angeli
1474 1963 1621 2049 ubi,
1666 1987 1754 2038 eo
1794 1963 1982 2039 inter
2014 1965 2381 2038 Sabellum
2426 1971 2498 2038 et
2537 1964 2962 2048 Columnam
2991 1961 3378 2036 cardinales

740 2085 813 2160 in
854 2089 1117 2163 eodem
1154 2089 1317 2163 loco
1360 2089 1687 2180 dimisso,
1731 2089 1867 2188 ipsi
1901 2091 2042 2164 duo
2090 2089 2414 2164 seniores
2454 2113 2585 2187 per
2625 2089 2840 2164 aliam
2883 2087 3072 2162 viam
3101 2109 3377 2185 proces-

744 2218 994 2287 serunt
1034 2213 1125 2286 ad
1155 2213 1526 2310 palatium.
1563 2219 1643 2288 In
1675 2239 1892 2312 parva
1931 2215 2206 2313 capella
2243 2213 2506 2288 mansit
2535 2237 2764 2288 novus
2793 2211 3178 2287 cardinalis
3211 2212 3376 2286 inter

742 2337 1167 2412 Grimanum
1214 2345 1287 2413 et
1330 2340 1693 2437 Borgiam,
1735 2340 2064 2436 juniores
2109 2341 2456 2414 diaconos
2500 2339 2929 2414 cardinales.
2977 2343 3172 2435 Papa
3205 2335 3376 2410 venit

742 2464 832 2537 ad
862 2464 1236 2560 publicum
1268 2464 1807 2555 consistorium,
1843 2464 1934 2538 ad
1963 2467 2248 2540 tertiam
2279 2465 2512 2541 aulam
2547 2465 2971 2562 predictam.
3010 2466 3095 2537 D.
3137 2462 3372 2536 Paulus

742 2586 831 2661 de
867 2587 1123 2662 Planca
1151 2590 1524 2685 proposuit
1558 2614 1773 2664 unam
1808 2590 2428 2682 commissionem,
2460 2613 2604 2686 qua
2629 2613 2762 2689 per
2786 2594 3056 2687 Papam
3085 2587 3368 2686 signata,

740 2713 997 2789 ivimus
1032 2739 1165 2813 pro
1201 2738 1389 2790 novo
1420 2716 1765 2791 cardinali
1796 2719 1916 2815 qui
1948 2724 2282 2815 receptus
2319 2723 2427 2790 est
2457 2741 2500 2790 a
2530 2720 2723 2813 Papa
2752 2722 2826 2788 et
2857 2714 3191 2788 omnibus
3230 2735 3370 2785 car-

740 2839 1101 2915 dinalibus
1138 2864 1342 2916 more
1374 2842 1619 2932 solito;
1657 2851 1728 2916 et
1764 2843 1972 2918 datus
2003 2851 2114 2918 est
2143 2844 2210 2918 ei
2247 2844 2452 2916 locus
2492 2848 2657 2940 post
2697 2847 2988 2916 Rmum.
3027 2844 3113 2914 D.
3161 2836 3368 2912 cardi-

742 2966 981 3041 nalem
1023 2991 1081 3039 s.
1130 2966 1449 3041 Severini
1488 2975 1653 3042 ante
1694 2969 2137 3044 cardinalem
2179 2967 2674 3057 Valentinum,
2713 2966 2888 3040 licet
2936 2970 3132 3062 Papa
3175 2983 3366 3059 super

736 3091 881 3164 hoc
911 3091 1437 3188 aliquantulum
1479 3091 1842 3183 titubavit3
1887 3117 2057 3168 nam
2097 3117 2264 3169 cum
2303 3093 2369 3168 ei
2407 3092 2810 3168 reverentia
2839 3091 3054 3166 solita
3087 3114 3131 3164 a
3159 3086 3364 3194 cardi-

737 3215 1018 3290 nalibus
1050 3217 1285 3308 fieret,
1319 3216 1787 3316 interrogavit
1825 3224 2111 3293 Rmum.
2149 3224 2236 3292 D.
2276 3219 2667 3293 Ascanium
2699 3224 2771 3292 et
2799 3217 3080 3314 aliquos
3108 3214 3360 3289 deloco

734 3338 1154 3435 hujusmodi
1203 3348 1276 3415 et
1326 3341 1657 3417 similiter
1703 3367 1838 3418 nos
1879 3351 1952 3419 et
1991 3343 2429 3418 cardinalem
2476 3343 2972 3432 Valentinum,
3019 3340 3139 3438 qui
3168 3339 3356 3416 etiam

736 3487 957 3561 super
993 3464 1136 3539 hoc
1180 3489 1295 3540 me
1329 3466 1824 3565 interrogavit.
1873 3469 2238 3572 Respondi
2269 3492 2312 3542 a
2339 3467 2568 3542 felicis
2609 3465 3135 3543 recordationis
3171 3467 3358 3538 Inno-

734 3589 973 3662 centio
1026 3612 1213 3688 papa
1261 3594 1421 3668 VIII
1476 3593 1862 3668 ecclesiam
1919 3593 2468 3690 Strigonensem
2525 3593 3114 3674 commendatam
3163 3586 3354 3664 fuisse

732 3721 803 3790 et
856 3715 1315 3791 Valentinam
1370 3719 1459 3792 ab
1511 3718 1919 3793 Alexandro
1974 3717 2111 3815 ipsi
2161 3717 2584 3807 Valentino;
2638 3725 3029 3815 propterea
3083 3714 3155 3788 in
3205 3734 3350 3810 per·-

726 3840 1122 3915 mutatione
1155 3843 1643 3917 'cardinalium
1687 3843 2098 3940 predictum
2145 3847 2526 3919 Estensem
2579 3842 2777 3938 prius
2822 3837 3347 3938 pronunciatum

725 3965 973 4060 fuisse,
1009 3967 1269 4042 deinde
1296 3969 1790 4062 Valentinum,
1821 3977 1896 4044 et
1923 3994 2012 4044 ex
2039 3969 2183 4044 hoc
2209 3968 2448 4043 eidem
2478 3967 2764 4042 Estensi
2795 3967 3112 4064 primum
3139 3966 3348 4039 locum

730 4092 1014 4182 deberi;
1063 4095 1260 4192 quod
1295 4095 1738 4191 intelligenS,
1782 4094 2208 4172 Valentinus
2247 4093 2604 4192 acquievit
2633 4092 3058 4184 illi-cedere,
3095 4095 3164 4164 et
3189 4093 3356 4182 Papa

728 4221 1045 4295 sentiens
1096 4222 1565 4299 Valentinum
1611 4229 1867 4319 sponte
1917 4223 2178 4297 cedere
2208 4222 2417 4314 velle,
2453 4219 2668 4318 jussit
2696 4219 2946 4294 locum
2977 4217 3352 4318 predictum

727 4341 864 4442 ipsi
896 4347 1177 4421 Estensi
1210 4347 1589 4446 assignari.

828 4463 1202 4570 Proposita
1246 4481 1413 4549 sunt
1441 4479 1607 4572 post
1648 4473 1988 4572 primam,
2027 4474 2428 4550 successive
2463 4480 2613 4547 tres
2657 4470 2797 4549 alie
2827 4468 3344 4549 commissiones

725 4617 1031 4694 quarum
1061 4600 1367 4697 primam
1400 4600 1822 4699 [proposuit]
1856 4606 1941 4677 D.
1975 4607 2038 4674 J.
2071 4601 2159 4676 de
2186 4602 2512 4692 Velletri‚
2546 4603 2946 4678 secundam
2973 4606 3058 4677 D.
3091 4607 3340 4676 [sonus

596 4723 601 4730 ’
724 4723 815 4796 de
874 4724 1083 4815 Pisis,
1145 4727 1430 4801 tertiam
1481 4729 1569 4799 D.
1624 4725 1980 4799 Antonius
2034 4725 2124 4799 de
2184 4725 2574 4817 LeonibuS‚
2636 4726 2964 4802 advocati
3023 4722 3342 4802 consisto-

725 4848 981 4924 riales.·
1024 4854 1203 4924 Tum
1252 4875 1441 4950 papa
1490 4850 1767 4950 recepit
1811 4852 1902 4925 ad
1951 4850 2281 4942 osculum
2329 4850 2534 4948 pedis
2581 4851 2900 4948 prelatos
2949 4875 3033 4927 ac
3083 4851 3340 4924 fratrem

719 4975 1140 5066 cardinalis;
1190 4979 1733 5053 associaverunt
1774 4999 2038 5052 novum
2083 4977 2175 5051 ad
2217 4977 2514 5051 domum
2557 4976 3026 5053 habitationis
3065 4998 3186 5051 sue
3221 4987 3340 5066 que

718 5106 827 5173 est
862 5101 1123 5177 domus
1153 5101 1656 5200 Christophori
1698 5103 1789 5179 de
1823 5103 2114 5178 Bubalis
2145 5101 2216 5175 in
2248 5102 2623 5193 Columna,
2668 5104 2923 5180 ordine
2967 5103 3286 5179 consueto
3318 5114 3332 5161 t

715 5247 858 5320 quo
902 5235 1275 5324 pervento,
1314 5227 1460 5325 egit
1491 5227 1756 5326 gratias
1803 5227 1968 5318 illis,
2005 5235 2079 5304 et
2122 5235 2582 5306 recesserunt
2611 5253 2896 5308 omneS.
2931 5233 3036 5306 Ex
3073 5217 3326 5327 prelatis
