<?xml version="1.0" encoding="UTF-8"?>
<!DOCTYPE html PUBLIC "-//W3C//DTD XHTML 1.0 Transitional//EN"
    "http://www.w3.org/TR/xhtml1/DTD/xhtml1-transitional.dtd">
<html xmlns="http://www.w3.org/1999/xhtml" xml:lang="en" lang="en">
 <head>
  <title>
</title>
<meta http-equiv="Content-Type" content="text/html;charset=utf-8" />
  <meta name='ocr-system' content='tesseract 3.04.00' />
  <meta name='ocr-capabilities' content='ocr_page ocr_carea ocr_par ocr_line ocrx_word'/>
</head>
<body>
  <div class='ocr_page' id='page_1' title='image "./johannisburchar00unkngoog_0276.png"; bbox 0 0 3625 6059; ppageno 0'>
   <div class='ocr_carea' id='block_1_1' title="bbox 704 516 3344 589">
    <p class='ocr_par' dir='ltr' id='par_1_1' title="bbox 704 516 3344 589">
     <span class='ocr_line' id='line_1_1' title="bbox 704 516 3344 589; baseline -0.006 0"><span class='ocrx_word' id='word_1_1' title='bbox 704 531 815 589; x_wconf 76' lang='lat'>264</span> <span class='ocrx_word' id='word_1_2' title='bbox 1612 518 1964 579; x_wconf 79' lang='lat' dir='ltr'>JOHANNIS</span> <span class='ocrx_word' id='word_1_3' title='bbox 2013 516 2454 588; x_wconf 56' lang='lat' dir='ltr'>nunculiam,</span> <span class='ocrx_word' id='word_1_4' title='bbox 2971 517 3202 583; x_wconf 64' lang='lat' dir='ltr'>trevae.-</span> <span class='ocrx_word' id='word_1_5' title='bbox 3223 524 3344 585; x_wconf 68' lang='lat' dir='ltr'>non</span> 
     </span>
    </p>
   </div>
   <div class='ocr_carea' id='block_1_2' title="bbox 701 673 3358 4670">
    <p class='ocr_par' dir='ltr' id='par_1_2' title="bbox 705 673 3356 1763">
     <span class='ocr_line' id='line_1_2' title="bbox 812 673 3346 773; baseline -0.002 -15"><span class='ocrx_word' id='word_1_6' title='bbox 812 682 1047 759; x_wconf 91' lang='lat' dir='ltr'>Finita</span> <span class='ocrx_word' id='word_1_7' title='bbox 1085 679 1333 769; x_wconf 88' lang='lat' dir='ltr'>missa,</span> <span class='ocrx_word' id='word_1_8' title='bbox 1382 681 1511 753; x_wconf 90' lang='lat' dir='ltr'>SS.</span> <span class='ocrx_word' id='word_1_9' title='bbox 1556 681 1646 753; x_wconf 91' lang='lat' dir='ltr'>D.</span> <span class='ocrx_word' id='word_1_10' title='bbox 1680 680 1932 751; x_wconf 91' lang='lat' dir='ltr'>noster</span> <span class='ocrx_word' id='word_1_11' title='bbox 1969 674 2060 749; x_wconf 89' lang='lat' dir='ltr'>ad</span> <span class='ocrx_word' id='word_1_12' title='bbox 2103 673 2702 773; x_wconf 70' lang='lat' dir='ltr'>supplicationem</span> <span class='ocrx_word' id='word_1_13' title='bbox 2729 697 2968 751; x_wconf 89' lang='lat' dir='ltr'>meam</span> <span class='ocrx_word' id='word_1_14' title='bbox 3015 678 3346 753; x_wconf 78' lang='lat' dir='ltr'><strong>concessit</strong></span> 
     </span>
     <span class='ocr_line' id='line_1_3' title="bbox 710 800 3348 899; baseline -0.003 -13"><span class='ocrx_word' id='word_1_15' title='bbox 710 810 921 886; x_wconf 89' lang='lat' dir='ltr'>nobis</span> <span class='ocrx_word' id='word_1_16' title='bbox 968 807 1248 883; x_wconf 82' lang='lat' dir='ltr'>clericis</span> <span class='ocrx_word' id='word_1_17' title='bbox 1305 802 1917 893; x_wconf 81' lang='lat' dir='ltr'>ceremoniarum,</span> <span class='ocrx_word' id='word_1_18' title='bbox 1959 801 2378 877; x_wconf 88' lang='lat' dir='ltr'>cantoribus</span> <span class='ocrx_word' id='word_1_19' title='bbox 2421 809 2496 877; x_wconf 91' lang='lat' dir='ltr'>et</span> <span class='ocrx_word' id='word_1_20' title='bbox 2527 800 2686 875; x_wconf 89' lang='lat' dir='ltr'>aliis</span> <span class='ocrx_word' id='word_1_21' title='bbox 2713 801 2805 877; x_wconf 87' lang='lat' dir='ltr'>de</span> <span class='ocrx_word' id='word_1_22' title='bbox 2840 800 3124 899; x_wconf 89' lang='lat' dir='ltr'>capella</span> <span class='ocrx_word' id='word_1_23' title='bbox 3157 804 3348 877; x_wconf 88' lang='lat' dir='ltr'>Sanc-</span> 
     </span>
     <span class='ocr_line' id='line_1_4' title="bbox 716 925 3350 1026; baseline -0.004 -15"><span class='ocrx_word' id='word_1_24' title='bbox 716 935 939 1011; x_wconf 89' lang='lat' dir='ltr'>titatis</span> <span class='ocrx_word' id='word_1_25' title='bbox 1002 958 1130 1009; x_wconf 87' lang='lat' dir='ltr'>sue</span> <span class='ocrx_word' id='word_1_26' title='bbox 1186 929 1659 1007; x_wconf 80' lang='lat' dir='ltr'>existentibus</span> <span class='ocrx_word' id='word_1_27' title='bbox 1708 927 1906 1025; x_wconf 91' lang='lat' dir='ltr'>quod</span> <span class='ocrx_word' id='word_1_28' title='bbox 1961 926 2220 1025; x_wconf 83' lang='lat' dir='ltr'>singuli</span> <span class='ocrx_word' id='word_1_29' title='bbox 2266 926 2630 1026; x_wconf 89' lang='lat' dir='ltr'>possimus</span> <span class='ocrx_word' id='word_1_30' title='bbox 2678 926 2948 1023; x_wconf 83' lang='lat' dir='ltr'>eligere</span> <span class='ocrx_word' id='word_1_31' title='bbox 3002 925 3350 1001; x_wconf 76' lang='lat' dir='ltr'>contesso-</span> 
     </span>
     <span class='ocr_line' id='line_1_5' title="bbox 714 1050 3347 1157; baseline -0.004 -22"><span class='ocrx_word' id='word_1_32' title='bbox 714 1084 893 1152; x_wconf 89' lang='lat' dir='ltr'>rem,</span> <span class='ocrx_word' id='word_1_33' title='bbox 949 1059 1069 1157; x_wconf 91' lang='lat' dir='ltr'>qui</span> <span class='ocrx_word' id='word_1_34' title='bbox 1120 1080 1254 1132; x_wconf 92' lang='lat' dir='ltr'>nos</span> <span class='ocrx_word' id='word_1_35' title='bbox 1304 1057 1394 1131; x_wconf 89' lang='lat' dir='ltr'>ab</span> <span class='ocrx_word' id='word_1_36' title='bbox 1448 1054 1785 1129; x_wconf 91' lang='lat' dir='ltr'>omnibus</span> <span class='ocrx_word' id='word_1_37' title='bbox 1845 1053 2160 1144; x_wconf 80' lang='lat' dir='ltr'>casibuS,</span> <span class='ocrx_word' id='word_1_38' title='bbox 2211 1053 2429 1129; x_wconf 88' lang='lat' dir='ltr'>etiam</span> <span class='ocrx_word' id='word_1_39' title='bbox 2485 1053 2898 1152; x_wconf 73' lang='lat' dir='ltr'>specialiter</span> <span class='ocrx_word' id='word_1_40' title='bbox 2951 1050 3110 1129; x_wconf 88' lang='lat' dir='ltr'>sedi</span> <span class='ocrx_word' id='word_1_41' title='bbox 3161 1074 3347 1149; x_wconf 86' lang='lat' dir='ltr'>apos-</span> 
     </span>
     <span class='ocr_line' id='line_1_6' title="bbox 715 1176 3348 1280; baseline -0.003 -19"><span class='ocrx_word' id='word_1_42' title='bbox 715 1186 927 1261; x_wconf 88' lang='lat' dir='ltr'>tolice</span> <span class='ocrx_word' id='word_1_43' title='bbox 1024 1182 1409 1259; x_wconf 87' lang='lat' dir='ltr'>reservatis</span> <span class='ocrx_word' id='word_1_44' title='bbox 1493 1186 1565 1255; x_wconf 94' lang='lat' dir='ltr'>et</span> <span class='ocrx_word' id='word_1_45' title='bbox 1653 1178 2050 1280; x_wconf 88' lang='lat' dir='ltr'>plenariam</span> <span class='ocrx_word' id='word_1_46' title='bbox 2131 1177 2654 1277; x_wconf 84' lang='lat' dir='ltr'>indulgentiam</span> <span class='ocrx_word' id='word_1_47' title='bbox 2723 1185 2796 1253; x_wconf 86' lang='lat' dir='ltr'>et</span> <span class='ocrx_word' id='word_1_48' title='bbox 2869 1176 3348 1253; x_wconf 80' lang='lat' dir='ltr'>remissionem</span> 
     </span>
     <span class='ocr_line' id='line_1_7' title="bbox 710 1301 3350 1406; baseline -0.004 -21"><span class='ocrx_word' id='word_1_49' title='bbox 710 1311 1037 1386; x_wconf 90' lang='lat' dir='ltr'>omnium</span> <span class='ocrx_word' id='word_1_50' title='bbox 1088 1315 1554 1406; x_wconf 86' lang='lat' dir='ltr'>peccatorum</span> <span class='ocrx_word' id='word_1_51' title='bbox 1608 1312 2028 1379; x_wconf 90' lang='lat' dir='ltr'>nostrorum</span> <span class='ocrx_word' id='word_1_52' title='bbox 2076 1303 2396 1393; x_wconf 88' lang='lat' dir='ltr'>indulsit,</span> <span class='ocrx_word' id='word_1_53' title='bbox 2439 1311 2513 1377; x_wconf 89' lang='lat' dir='ltr'>et</span> <span class='ocrx_word' id='word_1_54' title='bbox 2560 1302 2756 1401; x_wconf 92' lang='lat' dir='ltr'>quod</span> <span class='ocrx_word' id='word_1_55' title='bbox 2810 1302 3171 1377; x_wconf 85' lang='lat' dir='ltr'>visitando</span> <span class='ocrx_word' id='word_1_56' title='bbox 3223 1301 3350 1375; x_wconf 86' lang='lat' dir='ltr'>sin-</span> 
     </span>
     <span class='ocr_line' id='line_1_8' title="bbox 708 1426 3354 1537; baseline -0.004 -26"><span class='ocrx_word' id='word_1_57' title='bbox 708 1436 895 1537; x_wconf 89' lang='lat' dir='ltr'>gulis</span> <span class='ocrx_word' id='word_1_58' title='bbox 926 1434 1183 1511; x_wconf 91' lang='lat' dir='ltr'>diebus</span> <span class='ocrx_word' id='word_1_59' title='bbox 1216 1433 1441 1507; x_wconf 85' lang='lat' dir='ltr'>altare</span> <span class='ocrx_word' id='word_1_60' title='bbox 1485 1432 1721 1529; x_wconf 87' lang='lat' dir='ltr'>majus</span> <span class='ocrx_word' id='word_1_61' title='bbox 1765 1429 2062 1506; x_wconf 84' lang='lat' dir='ltr'>basilice</span> <span class='ocrx_word' id='word_1_62' title='bbox 2099 1454 2162 1505; x_wconf 80' lang='lat' dir='ltr'>S.</span> <span class='ocrx_word' id='word_1_63' title='bbox 2193 1430 2388 1506; x_wconf 86' lang='lat' dir='ltr'>Petri</span> <span class='ocrx_word' id='word_1_64' title='bbox 2431 1452 2969 1528; x_wconf 87' lang='lat' dir='ltr'>consequamur</span> <span class='ocrx_word' id='word_1_65' title='bbox 3007 1426 3354 1527; x_wconf 83' lang='lat' dir='ltr'>indulgen-</span> 
     </span>
     <span class='ocr_line' id='line_1_9' title="bbox 708 1544 3356 1661; baseline -0.003 -26"><span class='ocrx_word' id='word_1_66' title='bbox 708 1563 843 1637; x_wconf 84' lang='lat' dir='ltr'>tias</span> <span class='ocrx_word' id='word_1_67' title='bbox 873 1544 1321 1661; x_wconf 83' lang='lat' dir='ltr'>singularum</span> <span class='ocrx_word' id='word_1_68' title='bbox 1354 1557 1747 1634; x_wconf 89' lang='lat' dir='ltr'>stationum</span> <span class='ocrx_word' id='word_1_69' title='bbox 1782 1554 2109 1632; x_wconf 89' lang='lat' dir='ltr'>omnium</span> <span class='ocrx_word' id='word_1_70' title='bbox 2153 1556 2624 1633; x_wconf 88' lang='lat' dir='ltr'>ecclesiarum</span> <span class='ocrx_word' id='word_1_71' title='bbox 2665 1556 2903 1633; x_wconf 79' lang='lat' dir='ltr'>Urbis,</span> <span class='ocrx_word' id='word_1_72' title='bbox 2935 1554 3104 1633; x_wconf 86' lang='lat' dir='ltr'>Alia</span> <span class='ocrx_word' id='word_1_73' title='bbox 3137 1552 3356 1629; x_wconf 86' lang='lat' dir='ltr'>obser-</span> 
     </span>
     <span class='ocr_line' id='line_1_10' title="bbox 705 1684 1564 1763; baseline -0.007 0"><span class='ocrx_word' id='word_1_74' title='bbox 705 1694 869 1763; x_wconf 88' lang='lat' dir='ltr'>vata</span> <span class='ocrx_word' id='word_1_75' title='bbox 895 1692 1062 1761; x_wconf 89' lang='lat' dir='ltr'>sunt</span> <span class='ocrx_word' id='word_1_76' title='bbox 1086 1708 1291 1761; x_wconf 92' lang='lat' dir='ltr'>more</span> <span class='ocrx_word' id='word_1_77' title='bbox 1324 1684 1564 1759; x_wconf 78' lang='lat' dir='ltr'>solito,</span> 
     </span>
    </p>

    <p class='ocr_par' dir='ltr' id='par_1_3' title="bbox 701 1806 3358 4299">
     <span class='ocr_line' id='line_1_11' title="bbox 800 1806 3352 1901; baseline -0.002 -13"><span class='ocrx_word' id='word_1_78' title='bbox 800 1811 1007 1888; x_wconf 89' lang='lat' dir='ltr'>Feria</span> <span class='ocrx_word' id='word_1_79' title='bbox 1038 1820 1266 1901; x_wconf 81' lang='lat' dir='ltr'>sexta,</span> <span class='ocrx_word' id='word_1_80' title='bbox 1308 1816 1393 1885; x_wconf 86' lang='lat'>19</span> <span class='ocrx_word' id='word_1_81' title='bbox 1426 1808 1699 1883; x_wconf 82' lang='lat' dir='ltr'>mensis</span> <span class='ocrx_word' id='word_1_82' title='bbox 1731 1806 2100 1900; x_wconf 74' lang='lat' dir='ltr'>februarii,</span> <span class='ocrx_word' id='word_1_83' title='bbox 2135 1811 2265 1883; x_wconf 90' lang='lat' dir='ltr'>SS.</span> <span class='ocrx_word' id='word_1_84' title='bbox 2299 1812 2385 1883; x_wconf 89' lang='lat' dir='ltr'>D.</span> <span class='ocrx_word' id='word_1_85' title='bbox 2407 1813 2655 1884; x_wconf 86' lang='lat' dir='ltr'>noster</span> <span class='ocrx_word' id='word_1_86' title='bbox 2677 1808 2752 1881; x_wconf 89' lang='lat' dir='ltr'>in</span> <span class='ocrx_word' id='word_1_87' title='bbox 2771 1814 3066 1883; x_wconf 89' lang='lat' dir='ltr'>secreto</span> <span class='ocrx_word' id='word_1_88' title='bbox 3097 1808 3352 1884; x_wconf 83' lang='lat' dir='ltr'>consis-</span> 
     </span>
     <span class='ocr_line' id='line_1_12' title="bbox 701 1932 3352 2034; baseline -0.002 -23"><span class='ocrx_word' id='word_1_89' title='bbox 701 1937 888 2013; x_wconf 87' lang='lat' dir='ltr'>torio</span> <span class='ocrx_word' id='word_1_90' title='bbox 930 1936 1031 2032; x_wconf 87' lang='lat'>(1)</span> <span class='ocrx_word' id='word_1_91' title='bbox 1074 1936 1340 2011; x_wconf 84' lang='lat' dir='ltr'>creavit</span> <span class='ocrx_word' id='word_1_92' title='bbox 1378 1942 1451 2011; x_wconf 86' lang='lat' dir='ltr'>et</span> <span class='ocrx_word' id='word_1_93' title='bbox 1495 1934 1884 2034; x_wconf 76' lang='lat' dir='ltr'>publicavit</span> <span class='ocrx_word' id='word_1_94' title='bbox 1923 1941 2236 2032; x_wconf 87' lang='lat' dir='ltr'>quatuor</span> <span class='ocrx_word' id='word_1_95' title='bbox 2271 1944 2494 2008; x_wconf 88' lang='lat' dir='ltr'>novos</span> <span class='ocrx_word' id='word_1_96' title='bbox 2549 1932 2986 2025; x_wconf 77' lang='lat' dir='ltr'>cardinaleS,</span> <span class='ocrx_word' id='word_1_97' title='bbox 3045 1932 3352 2009; x_wconf 82' lang='lat' dir='ltr'>videlicet</span> 
     </span>
     <span class='ocr_line' id='line_1_13' title="bbox 705 2058 3356 2159; baseline -0.001 -23"><span class='ocrx_word' id='word_1_98' title='bbox 705 2065 853 2136; x_wconf 87' lang='lat' dir='ltr'>RR.</span> <span class='ocrx_word' id='word_1_99' title='bbox 881 2065 1021 2137; x_wconf 90' lang='grc' dir='ltr'>ΡΡ.</span> <span class='ocrx_word' id='word_1_100' title='bbox 1050 2066 1205 2137; x_wconf 91' lang='lat' dir='ltr'>DD.</span> <span class='ocrx_word' id='word_1_101' title='bbox 1234 2060 1828 2137; x_wconf 89' lang='lat' dir='ltr'>Bartholomeum</span> <span class='ocrx_word' id='word_1_102' title='bbox 1852 2061 2276 2159; x_wconf 90' lang='lat' dir='ltr'>episcopum</span> <span class='ocrx_word' id='word_1_103' title='bbox 2317 2058 2919 2158; x_wconf 88' lang='lat' dir='ltr'>Segobricensem</span> <span class='ocrx_word' id='word_1_104' title='bbox 2947 2058 3356 2158; x_wconf 87' lang='lat' dir='ltr'>magistrum</span> 
     </span>
     <span class='ocr_line' id='line_1_14' title="bbox 703 2185 3356 2286; baseline -0 -25"><span class='ocrx_word' id='word_1_105' title='bbox 703 2186 962 2261; x_wconf 91' lang='lat' dir='ltr'>domus</span> <span class='ocrx_word' id='word_1_106' title='bbox 992 2187 1235 2286; x_wconf 90' lang='lat' dir='ltr'>palatii</span> <span class='ocrx_word' id='word_1_107' title='bbox 1270 2185 1672 2285; x_wconf 85' lang='lat' dir='ltr'>apostolici,</span> <span class='ocrx_word' id='word_1_108' title='bbox 1711 2186 2118 2261; x_wconf 71' lang='lat' dir='ltr'>Iohannem</span> <span class='ocrx_word' id='word_1_109' title='bbox 2141 2186 2564 2285; x_wconf 91' lang='lat' dir='ltr'>episcopum</span> <span class='ocrx_word' id='word_1_110' title='bbox 2588 2185 3178 2285; x_wconf 82' lang='lat' dir='ltr'>Agrigentinum,</span> <span class='ocrx_word' id='word_1_111' title='bbox 3223 2208 3356 2260; x_wconf 85' lang='lat' dir='ltr'>cas·</span> 
     </span>
     <span class='ocr_line' id='line_1_15' title="bbox 704 2310 3358 2411; baseline -0.001 -24"><span class='ocrx_word' id='word_1_112' title='bbox 704 2312 1050 2388; x_wconf 87' lang='lat' dir='ltr'>tellanum</span> <span class='ocrx_word' id='word_1_113' title='bbox 1084 2338 1143 2389; x_wconf 90' lang='lat' dir='ltr'>s.</span> <span class='ocrx_word' id='word_1_114' title='bbox 1178 2312 1442 2411; x_wconf 86' lang='lat' dir='ltr'>Angeli</span> <span class='ocrx_word' id='word_1_115' title='bbox 1470 2312 1561 2387; x_wconf 91' lang='lat' dir='ltr'>de</span> <span class='ocrx_word' id='word_1_116' title='bbox 1595 2311 1866 2403; x_wconf 82' lang='lat' dir='ltr'>Urbe,.t</span> <span class='ocrx_word' id='word_1_117' title='bbox 1876 2312 2242 2387; x_wconf 87' lang='lat' dir='ltr'>ohannem</span> <span class='ocrx_word' id='word_1_118' title='bbox 2271 2312 2694 2411; x_wconf 90' lang='lat' dir='ltr'>episcopum</span> <span class='ocrx_word' id='word_1_119' title='bbox 2727 2312 3166 2387; x_wconf 86' lang='lat' dir='ltr'>Perusinum</span> <span class='ocrx_word' id='word_1_120' title='bbox 3185 2310 3358 2386; x_wconf 86' lang='lat' dir='ltr'>data·</span> 
     </span>
     <span class='ocr_line' id='line_1_16' title="bbox 704 2436 3354 2537; baseline -0.001 -25"><span class='ocrx_word' id='word_1_121' title='bbox 704 2438 921 2529; x_wconf 88' lang='lat' dir='ltr'>rium,</span> <span class='ocrx_word' id='word_1_122' title='bbox 952 2444 1023 2514; x_wconf 92' lang='lat' dir='ltr'>et</span> <span class='ocrx_word' id='word_1_123' title='bbox 1049 2439 1463 2513; x_wconf 72' lang='lat' dir='ltr'>Iohannem</span> <span class='ocrx_word' id='word_1_124' title='bbox 1485 2438 1575 2513; x_wconf 91' lang='lat' dir='ltr'>de</span> <span class='ocrx_word' id='word_1_125' title='bbox 1608 2438 1899 2536; x_wconf 87' lang='lat' dir='ltr'>Borgia‚</span> <span class='ocrx_word' id='word_1_126' title='bbox 1923 2436 2556 2537; x_wconf 89' lang='lat' dir='ltr'>prothonotarium</span> <span class='ocrx_word' id='word_1_127' title='bbox 2575 2436 3088 2536; x_wconf 89' lang='lat' dir='ltr'>apostolicum,</span> <span class='ocrx_word' id='word_1_128' title='bbox 3115 2436 3354 2513; x_wconf 79' lang='lat' dir='ltr'>sororis</span> 
     </span>
     <span class='ocr_line' id='line_1_17' title="bbox 712 2561 3354 2663; baseline 0 -26"><span class='ocrx_word' id='word_1_129' title='bbox 712 2564 1127 2641; x_wconf 86' lang='lat' dir='ltr'>Sanctitatis</span> <span class='ocrx_word' id='word_1_130' title='bbox 1178 2588 1305 2640; x_wconf 91' lang='lat' dir='ltr'>sue</span> <span class='ocrx_word' id='word_1_131' title='bbox 1346 2569 1690 2662; x_wconf 89' lang='lat' dir='ltr'>nepotem</span> <span class='ocrx_word' id='word_1_132' title='bbox 1740 2561 1833 2639; x_wconf 88' lang='lat' dir='ltr'>ab</span> <span class='ocrx_word' id='word_1_133' title='bbox 1860 2564 2052 2640; x_wconf 91' lang='lat' dir='ltr'>Urbe</span> <span class='ocrx_word' id='word_1_134' title='bbox 2099 2563 2500 2656; x_wconf 84' lang='lat' dir='ltr'>absentem,</span> <span class='ocrx_word' id='word_1_135' title='bbox 2537 2571 2610 2638; x_wconf 89' lang='lat' dir='ltr'>et</span> <span class='ocrx_word' id='word_1_136' title='bbox 2642 2586 2806 2639; x_wconf 91' lang='lat' dir='ltr'>cum</span> <span class='ocrx_word' id='word_1_137' title='bbox 2832 2585 3012 2662; x_wconf 87' lang='lat' dir='ltr'>rege</span> <span class='ocrx_word' id='word_1_138' title='bbox 3043 2562 3354 2663; x_wconf 88' lang='lat' dir='ltr'>Neapoli·-</span> 
     </span>
     <span class='ocr_line' id='line_1_18' title="bbox 713 2688 3354 2788; baseline -0 -24"><span class='ocrx_word' id='word_1_139' title='bbox 713 2696 884 2764; x_wconf 87' lang='lat' dir='ltr'>tano</span> <span class='ocrx_word' id='word_1_140' title='bbox 916 2713 1009 2764; x_wconf 87' lang='lat' dir='ltr'>ex</span> <span class='ocrx_word' id='word_1_141' title='bbox 1051 2689 1646 2765; x_wconf 88' lang='lat' dir='ltr'>commissionem</span> <span class='ocrx_word' id='word_1_142' title='bbox 1686 2696 1759 2765; x_wconf 89' lang='lat' dir='ltr'>et</span> <span class='ocrx_word' id='word_1_143' title='bbox 1786 2690 2149 2788; x_wconf 83' lang='lat' dir='ltr'>legatione</span> <span class='ocrx_word' id='word_1_144' title='bbox 2189 2690 2520 2788; x_wconf 67' lang='lat' dir='ltr'>eiusdem</span> <span class='ocrx_word' id='word_1_145' title='bbox 2559 2693 2648 2764; x_wconf 90' lang='lat' dir='ltr'>D.</span> <span class='ocrx_word' id='word_1_146' title='bbox 2683 2693 2768 2765; x_wconf 91' lang='lat' dir='ltr'>N.</span> <span class='ocrx_word' id='word_1_147' title='bbox 2801 2712 2992 2788; x_wconf 89' lang='lat' dir='ltr'>pape</span> <span class='ocrx_word' id='word_1_148' title='bbox 3025 2688 3354 2767; x_wconf 87' lang='lat' dir='ltr'>constitu-</span> 
     </span>
     <span class='ocr_line' id='line_1_19' title="bbox 706 2814 3352 2916; baseline 0 -28"><span class='ocrx_word' id='word_1_149' title='bbox 706 2821 887 2891; x_wconf 91' lang='lat' dir='ltr'>tum.</span> <span class='ocrx_word' id='word_1_150' title='bbox 911 2814 1131 2891; x_wconf 91' lang='lat' dir='ltr'>Primi</span> <span class='ocrx_word' id='word_1_151' title='bbox 1162 2839 1329 2891; x_wconf 83' lang='lat' dir='ltr'>vero</span> <span class='ocrx_word' id='word_1_152' title='bbox 1360 2824 1511 2890; x_wconf 88' lang='lat' dir='ltr'>tres</span> <span class='ocrx_word' id='word_1_153' title='bbox 1540 2821 1919 2916; x_wconf 88' lang='lat' dir='ltr'>presentes</span> <span class='ocrx_word' id='word_1_154' title='bbox 1943 2815 2017 2889; x_wconf 90' lang='lat' dir='ltr'>in</span> <span class='ocrx_word' id='word_1_155' title='bbox 2045 2815 2313 2914; x_wconf 86' lang='lat' dir='ltr'>palatio</span> <span class='ocrx_word' id='word_1_156' title='bbox 2343 2814 2741 2916; x_wconf 88' lang='lat' dir='ltr'>apostolico</span> <span class='ocrx_word' id='word_1_157' title='bbox 2759 2815 2952 2915; x_wconf 89' lang='lat' dir='ltr'>apud</span> <span class='ocrx_word' id='word_1_158' title='bbox 2983 2842 3054 2891; x_wconf 86' lang='lat' dir='ltr'>s.</span> <span class='ocrx_word' id='word_1_159' title='bbox 3088 2820 3352 2892; x_wconf 88' lang='lat' dir='ltr'>Petrum</span> 
     </span>
     <span class='ocr_line' id='line_1_20' title="bbox 703 2939 3349 3044; baseline 0.002 -32"><span class='ocrx_word' id='word_1_160' title='bbox 703 2939 827 3015; x_wconf 88' lang='lat' dir='ltr'>ubi</span> <span class='ocrx_word' id='word_1_161' title='bbox 851 2939 1366 3016; x_wconf 85' lang='lat' dir='ltr'>consistorium</span> <span class='ocrx_word' id='word_1_162' title='bbox 1388 2939 1636 3033; x_wconf 87' lang='lat' dir='ltr'>fiebat,</span> <span class='ocrx_word' id='word_1_163' title='bbox 1664 2940 1809 3015; x_wconf 89' lang='lat' dir='ltr'>inte</span> <span class='ocrx_word' id='word_1_164' title='bbox 1819 2940 1952 3015; x_wconf 92' lang='lat' dir='ltr'>rim</span> <span class='ocrx_word' id='word_1_165' title='bbox 1971 2940 2168 3038; x_wconf 92' lang='lat' dir='ltr'>quod</span> <span class='ocrx_word' id='word_1_166' title='bbox 2188 2940 2398 3017; x_wconf 82' lang='lat' dir='ltr'>tieret</span> <span class='ocrx_word' id='word_1_167' title='bbox 2419 2950 2622 3016; x_wconf 91' lang='lat' dir='ltr'>erant</span> <span class='ocrx_word' id='word_1_168' title='bbox 2642 2942 2716 3015; x_wconf 92' lang='lat' dir='ltr'>in</span> <span class='ocrx_word' id='word_1_169' title='bbox 2741 2965 3040 3044; x_wconf 86' lang='lat' dir='ltr'>camera</span> <span class='ocrx_word' id='word_1_170' title='bbox 3056 2946 3146 3019; x_wconf 88' lang='lat' dir='ltr'>D.</span> <span class='ocrx_word' id='word_1_171' title='bbox 3161 2940 3349 3019; x_wconf 88' lang='lat' dir='ltr'>Card.</span> 
     </span>
     <span class='ocr_line' id='line_1_21' title="bbox 702 3065 3352 3168; baseline 0 -25"><span class='ocrx_word' id='word_1_172' title='bbox 702 3066 1067 3143; x_wconf 87' lang='lat' dir='ltr'>Valentini</span> <span class='ocrx_word' id='word_1_173' title='bbox 1100 3073 1569 3168; x_wconf 87' lang='lat' dir='ltr'>expectantes</span> <span class='ocrx_word' id='word_1_174' title='bbox 1605 3066 1894 3141; x_wconf 88' lang='lat' dir='ltr'>beatam</span> <span class='ocrx_word' id='word_1_175' title='bbox 1923 3090 2130 3165; x_wconf 91' lang='lat' dir='ltr'>spem</span> <span class='ocrx_word' id='word_1_176' title='bbox 2166 3091 2185 3140; x_wconf 74' lang='lat' dir='ltr'><strong><em>z</em></strong></span> <span class='ocrx_word' id='word_1_177' title='bbox 2219 3065 2427 3141; x_wconf 90' lang='lat' dir='ltr'>finito</span> <span class='ocrx_word' id='word_1_178' title='bbox 2461 3067 2916 3160; x_wconf 80' lang='lat' dir='ltr'>consistoriO,</span> <span class='ocrx_word' id='word_1_179' title='bbox 2953 3067 3194 3144; x_wconf 81' lang='lat' dir='ltr'>vocati</span> <span class='ocrx_word' id='word_1_180' title='bbox 3221 3068 3352 3143; x_wconf 75' lang='lat' dir='ltr'>tue-</span> 
     </span>
     <span class='ocr_line' id='line_1_22' title="bbox 701 3191 3354 3292; baseline 0.001 -27"><span class='ocrx_word' id='word_1_181' title='bbox 701 3198 871 3267; x_wconf 90' lang='lat' dir='ltr'>runt</span> <span class='ocrx_word' id='word_1_182' title='bbox 899 3193 989 3267; x_wconf 91' lang='lat' dir='ltr'>de</span> <span class='ocrx_word' id='word_1_183' title='bbox 1009 3192 1351 3267; x_wconf 85' lang='lat' dir='ltr'>mandato</span> <span class='ocrx_word' id='word_1_184' title='bbox 1385 3194 1513 3267; x_wconf 90' lang='lat' dir='ltr'>SS.</span> <span class='ocrx_word' id='word_1_185' title='bbox 1551 3196 1639 3269; x_wconf 92' lang='lat' dir='ltr'>D.</span> <span class='ocrx_word' id='word_1_186' title='bbox 1676 3196 1763 3267; x_wconf 92' lang='lat' dir='ltr'>N.</span> <span class='ocrx_word' id='word_1_187' title='bbox 1798 3215 1985 3292; x_wconf 87' lang='lat' dir='ltr'>pape</span> <span class='ocrx_word' id='word_1_188' title='bbox 2007 3191 2102 3269; x_wconf 88' lang='lat' dir='ltr'>ad</span> <span class='ocrx_word' id='word_1_189' title='bbox 2131 3192 2548 3267; x_wconf 86' lang='lat' dir='ltr'>Sanctitatis</span> <span class='ocrx_word' id='word_1_190' title='bbox 2581 3216 2710 3269; x_wconf 88' lang='lat' dir='ltr'>sue</span> <span class='ocrx_word' id='word_1_191' title='bbox 2748 3199 2822 3269; x_wconf 88' lang='lat' dir='ltr'>et</span> <span class='ocrx_word' id='word_1_192' title='bbox 2849 3192 3184 3269; x_wconf 86' lang='lat' dir='ltr'>omnium</span> <span class='ocrx_word' id='word_1_193' title='bbox 3213 3217 3354 3269; x_wconf 88' lang='lat' dir='ltr'>car-</span> 
     </span>
     <span class='ocr_line' id='line_1_23' title="bbox 706 3314 3354 3416; baseline 0.001 -29"><span class='ocrx_word' id='word_1_194' title='bbox 706 3314 1059 3391; x_wconf 85' lang='lat' dir='ltr'>dinalium</span> <span class='ocrx_word' id='word_1_195' title='bbox 1108 3318 1556 3415; x_wconf 87' lang='lat' dir='ltr'>presentiam</span> <span class='ocrx_word' id='word_1_196' title='bbox 1598 3324 1672 3392; x_wconf 89' lang='lat' dir='ltr'>et</span> <span class='ocrx_word' id='word_1_197' title='bbox 1718 3317 1994 3415; x_wconf 88' lang='lat' dir='ltr'>recepti</span> <span class='ocrx_word' id='word_1_198' title='bbox 2034 3317 2127 3393; x_wconf 91' lang='lat' dir='ltr'>ad</span> <span class='ocrx_word' id='word_1_199' title='bbox 2157 3317 2486 3392; x_wconf 89' lang='lat' dir='ltr'>osculum</span> <span class='ocrx_word' id='word_1_200' title='bbox 2514 3317 2810 3416; x_wconf 91' lang='lat' dir='ltr'>pedum,</span> <span class='ocrx_word' id='word_1_201' title='bbox 2845 3342 3110 3395; x_wconf 86' lang='lat' dir='ltr'>manus</span> <span class='ocrx_word' id='word_1_202' title='bbox 3129 3326 3198 3397; x_wconf 91' lang='lat' dir='ltr'>et</span> <span class='ocrx_word' id='word_1_203' title='bbox 3227 3318 3354 3395; x_wconf 87' lang='lat' dir='ltr'>oris</span> 
     </span>
     <span class='ocr_line' id='line_1_24' title="bbox 704 3440 3354 3544; baseline 0 -25"><span class='ocrx_word' id='word_1_204' title='bbox 704 3441 1121 3519; x_wconf 86' lang='lat' dir='ltr'>Sanctitatis</span> <span class='ocrx_word' id='word_1_205' title='bbox 1154 3464 1313 3533; x_wconf 89' lang='lat' dir='ltr'>sue,</span> <span class='ocrx_word' id='word_1_206' title='bbox 1342 3443 1435 3518; x_wconf 89' lang='lat' dir='ltr'>ad</span> <span class='ocrx_word' id='word_1_207' title='bbox 1466 3442 1611 3519; x_wconf 86' lang='lat' dir='ltr'>oris</span> <span class='ocrx_word' id='word_1_208' title='bbox 1645 3442 1977 3517; x_wconf 86' lang='lat' dir='ltr'>osculum</span> <span class='ocrx_word' id='word_1_209' title='bbox 2003 3440 2094 3517; x_wconf 89' lang='lat' dir='ltr'>ab</span> <span class='ocrx_word' id='word_1_210' title='bbox 2124 3442 2460 3516; x_wconf 91' lang='lat' dir='ltr'>omnibus</span> <span class='ocrx_word' id='word_1_211' title='bbox 2482 3443 2994 3535; x_wconf 74' lang='lat' dir='ltr'>cardinalibuS,</span> <span class='ocrx_word' id='word_1_212' title='bbox 3021 3468 3252 3544; x_wconf 89' lang='lat' dir='ltr'>usque</span> <span class='ocrx_word' id='word_1_213' title='bbox 3275 3442 3354 3519; x_wconf 85' lang='lat' dir='ltr'>ad</span> 
     </span>
     <span class='ocr_line' id='line_1_25' title="bbox 702 3566 3352 3665; baseline 0.002 -24"><span class='ocrx_word' id='word_1_214' title='bbox 702 3588 1077 3643; x_wconf 89' lang='lat' dir='ltr'>cameram</span> <span class='ocrx_word' id='word_1_215' title='bbox 1120 3568 1379 3665; x_wconf 81' lang='lat' dir='ltr'>prefati</span> <span class='ocrx_word' id='word_1_216' title='bbox 1422 3567 1809 3644; x_wconf 89' lang='lat' dir='ltr'>cardinalis</span> <span class='ocrx_word' id='word_1_217' title='bbox 1844 3566 2206 3645; x_wconf 87' lang='lat' dir='ltr'>Valentini</span> <span class='ocrx_word' id='word_1_218' title='bbox 2268 3566 2654 3643; x_wconf 85' lang='lat' dir='ltr'>ordinatim</span> <span class='ocrx_word' id='word_1_219' title='bbox 2705 3568 3072 3646; x_wconf 82' lang='lat' dir='ltr'>associati.</span> <span class='ocrx_word' id='word_1_220' title='bbox 3129 3572 3352 3647; x_wconf 85' lang='lat' dir='ltr'>Primo</span> 
     </span>
     <span class='ocr_line' id='line_1_26' title="bbox 709 3690 3355 3773; baseline 0.002 -8"><span class='ocrx_word' id='word_1_221' title='bbox 709 3690 901 3765; x_wconf 92' lang='lat' dir='ltr'>inter</span> <span class='ocrx_word' id='word_1_222' title='bbox 932 3690 1259 3766; x_wconf 89' lang='lat' dir='ltr'>seniores</span> <span class='ocrx_word' id='word_1_223' title='bbox 1288 3692 1631 3769; x_wconf 88' lang='lat' dir='ltr'>diaconos</span> <span class='ocrx_word' id='word_1_224' title='bbox 1661 3693 1736 3767; x_wconf 90' lang='lat' dir='ltr'>in</span> <span class='ocrx_word' id='word_1_225' title='bbox 1758 3692 2014 3767; x_wconf 89' lang='lat' dir='ltr'>ultimo</span> <span class='ocrx_word' id='word_1_226' title='bbox 2030 3692 2219 3773; x_wconf 81' lang='lat' dir='ltr'>loco,</span> <span class='ocrx_word' id='word_1_227' title='bbox 2247 3693 2570 3769; x_wconf 79' lang='lat' dir='ltr'>secundo</span> <span class='ocrx_word' id='word_1_228' title='bbox 2589 3694 2778 3769; x_wconf 88' lang='lat' dir='ltr'>inter</span> <span class='ocrx_word' id='word_1_229' title='bbox 2801 3696 2982 3771; x_wconf 89' lang='lat' dir='ltr'>alios</span> <span class='ocrx_word' id='word_1_230' title='bbox 3013 3696 3200 3772; x_wconf 87' lang='lat' dir='ltr'>duos</span> <span class='ocrx_word' id='word_1_231' title='bbox 3225 3696 3355 3771; x_wconf 86' lang='lat' dir='ltr'>dia-</span> 
     </span>
     <span class='ocr_line' id='line_1_27' title="bbox 708 3818 3350 3927; baseline -0.001 -33"><span class='ocrx_word' id='word_1_232' title='bbox 708 3840 963 3927; x_wconf 81' lang='lat' dir='ltr'>conos,</span> <span class='ocrx_word' id='word_1_233' title='bbox 1037 3818 1518 3895; x_wconf 83' lang='lat' dir='ltr'>cardinalibus</span> <span class='ocrx_word' id='word_1_234' title='bbox 1578 3818 2108 3909; x_wconf 82' lang='lat' dir='ltr'>incedentibus,</span> <span class='ocrx_word' id='word_1_235' title='bbox 2174 3821 2366 3917; x_wconf 87' lang='lat' dir='ltr'>Papa</span> <span class='ocrx_word' id='word_1_236' title='bbox 2427 3818 2529 3893; x_wconf 92' lang='lat' dir='ltr'>sic</span> <span class='ocrx_word' id='word_1_237' title='bbox 2563 3819 2868 3917; x_wconf 87' lang='lat' dir='ltr'>jubente</span> <span class='ocrx_word' id='word_1_238' title='bbox 2907 3827 2982 3896; x_wconf 90' lang='lat' dir='ltr'>et</span> <span class='ocrx_word' id='word_1_239' title='bbox 3015 3822 3209 3897; x_wconf 88' lang='lat' dir='ltr'>male</span> <span class='ocrx_word' id='word_1_240' title='bbox 3241 3846 3258 3896; x_wconf 80' lang='lat' dir='ltr'><strong><em>z</em></strong></span> <span class='ocrx_word' id='word_1_241' title='bbox 3289 3820 3350 3892; x_wconf 87' lang='lat' dir='ltr'>in</span> 
     </span>
     <span class='ocr_line' id='line_1_28' title="bbox 704 3944 3354 4044; baseline 0.001 -26"><span class='ocrx_word' id='word_1_242' title='bbox 704 3968 995 4019; x_wconf 89' lang='lat' dir='ltr'>camera</span> <span class='ocrx_word' id='word_1_243' title='bbox 1016 3944 1345 4044; x_wconf 88' lang='lat' dir='ltr'>predicta</span> <span class='ocrx_word' id='word_1_244' title='bbox 1378 3951 1684 4043; x_wconf 86' lang='lat' dir='ltr'>egerunt</span> <span class='ocrx_word' id='word_1_245' title='bbox 1703 3944 1870 4021; x_wconf 91' lang='lat' dir='ltr'>novi</span> <span class='ocrx_word' id='word_1_246' title='bbox 1895 3945 2160 4044; x_wconf 84' lang='lat' dir='ltr'>gratias</span> <span class='ocrx_word' id='word_1_247' title='bbox 2181 3944 2495 4043; x_wconf 89' lang='lat' dir='ltr'>antiquis</span> <span class='ocrx_word' id='word_1_248' title='bbox 2520 3944 3006 4021; x_wconf 86' lang='lat' dir='ltr'>cardinalibus</span> <span class='ocrx_word' id='word_1_249' title='bbox 3025 3947 3354 4025; x_wconf 87' lang='lat' dir='ltr'>deducto·</span> 
     </span>
     <span class='ocr_line' id='line_1_29' title="bbox 701 4067 3356 4168; baseline 0.002 -26"><span class='ocrx_word' id='word_1_250' title='bbox 701 4068 900 4143; x_wconf 91' lang='lat' dir='ltr'>ribus</span> <span class='ocrx_word' id='word_1_251' title='bbox 930 4067 1053 4166; x_wconf 91' lang='lat' dir='ltr'>qui</span> <span class='ocrx_word' id='word_1_252' title='bbox 1085 4074 1540 4145; x_wconf 87' lang='lat' dir='ltr'>recesserunt</span> <span class='ocrx_word' id='word_1_253' title='bbox 1576 4092 1860 4159; x_wconf 81' lang='lat' dir='ltr'>omneS,</span> <span class='ocrx_word' id='word_1_254' title='bbox 1894 4068 2032 4168; x_wconf 84' lang='lat' dir='ltr'>ipsi</span> <span class='ocrx_word' id='word_1_255' title='bbox 2061 4092 2230 4144; x_wconf 83' lang='lat' dir='ltr'>vero</span> <span class='ocrx_word' id='word_1_256' title='bbox 2251 4069 2415 4144; x_wconf 89' lang='lat' dir='ltr'>novi</span> <span class='ocrx_word' id='word_1_257' title='bbox 2447 4093 2616 4145; x_wconf 92' lang='lat' dir='ltr'>cum</span> <span class='ocrx_word' id='word_1_258' title='bbox 2645 4070 3135 4149; x_wconf 85' lang='lat' dir='ltr'>cardinalibus</span> <span class='ocrx_word' id='word_1_259' title='bbox 3163 4076 3356 4149; x_wconf 85' lang='lat' dir='ltr'>Mon·</span> 
     </span>
     <span class='ocr_line' id='line_1_30' title="bbox 702 4192 3194 4299; baseline 0.004 -32"><span class='ocrx_word' id='word_1_260' title='bbox 702 4192 793 4267; x_wconf 85' lang='lat' dir='ltr'>tis</span> <span class='ocrx_word' id='word_1_261' title='bbox 824 4193 1113 4291; x_wconf 83' lang='lat' dir='ltr'>Regalis</span> <span class='ocrx_word' id='word_1_262' title='bbox 1144 4200 1217 4269; x_wconf 93' lang='lat' dir='ltr'>et</span> <span class='ocrx_word' id='word_1_263' title='bbox 1240 4192 1625 4271; x_wconf 87' lang='lat' dir='ltr'>Valentino</span> <span class='ocrx_word' id='word_1_264' title='bbox 1654 4193 1984 4269; x_wconf 85' lang='lat' dir='ltr'>fecerunt</span> <span class='ocrx_word' id='word_1_265' title='bbox 2013 4193 2085 4268; x_wconf 90' lang='lat' dir='ltr'>in</span> <span class='ocrx_word' id='word_1_266' title='bbox 2117 4218 2409 4271; x_wconf 88' lang='lat' dir='ltr'>camera</span> <span class='ocrx_word' id='word_1_267' title='bbox 2429 4198 2754 4296; x_wconf 88' lang='lat' dir='ltr'>predicta</span> <span class='ocrx_word' id='word_1_268' title='bbox 2780 4200 3194 4299; x_wconf 85' lang='lat' dir='ltr'>prandium.</span> 
     </span>
    </p>

    <p class='ocr_par' dir='ltr' id='par_1_4' title="bbox 702 4317 3354 4670">
     <span class='ocr_line' id='line_1_31' title="bbox 802 4317 3354 4419; baseline 0.002 -28"><span class='ocrx_word' id='word_1_269' title='bbox 802 4318 1291 4394; x_wconf 77' lang='lat' dir='ltr'>interfuerunt</span> <span class='ocrx_word' id='word_1_270' title='bbox 1320 4324 1564 4394; x_wconf 89' lang='lat' dir='ltr'>autem</span> <span class='ocrx_word' id='word_1_271' title='bbox 1596 4317 2030 4393; x_wconf 87' lang='lat' dir='ltr'>consistorio</span> <span class='ocrx_word' id='word_1_272' title='bbox 2075 4326 2148 4393; x_wconf 89' lang='lat' dir='ltr'>et</span> <span class='ocrx_word' id='word_1_273' title='bbox 2187 4318 2525 4395; x_wconf 88' lang='lat' dir='ltr'>electioni</span> <span class='ocrx_word' id='word_1_274' title='bbox 2553 4320 2876 4418; x_wconf 89' lang='lat' dir='ltr'>predicte</span> <span class='ocrx_word' id='word_1_275' title='bbox 2900 4320 3152 4419; x_wconf 86' lang='lat' dir='ltr'>viginti</span> <span class='ocrx_word' id='word_1_276' title='bbox 3191 4344 3354 4419; x_wconf 89' lang='lat' dir='ltr'>qua·</span> 
     </span>
     <span class='ocr_line' id='line_1_32' title="bbox 703 4441 3350 4546; baseline 0.002 -29"><span class='ocrx_word' id='word_1_277' title='bbox 703 4448 871 4517; x_wconf 88' lang='lat' dir='ltr'>tuor</span> <span class='ocrx_word' id='word_1_278' title='bbox 886 4441 983 4545; x_wconf 79' lang='lat'>(2)</span> <span class='ocrx_word' id='word_1_279' title='bbox 1010 4441 1283 4541; x_wconf 90' lang='lat' dir='ltr'>antiqui</span> <span class='ocrx_word' id='word_1_280' title='bbox 1303 4442 1704 4519; x_wconf 85' lang='lat' dir='ltr'>cardinales</span> <span class='ocrx_word' id='word_1_281' title='bbox 1726 4442 1803 4516; x_wconf 94' lang='lat' dir='ltr'>in</span> <span class='ocrx_word' id='word_1_282' title='bbox 1823 4444 2002 4519; x_wconf 91' lang='lat' dir='ltr'>urbe</span> <span class='ocrx_word' id='word_1_283' title='bbox 2025 4452 2430 4542; x_wconf 88' lang='lat' dir='ltr'>presentes,</span> <span class='ocrx_word' id='word_1_284' title='bbox 2453 4444 2784 4521; x_wconf 82' lang='lat' dir='ltr'>videlicet</span> <span class='ocrx_word' id='word_1_285' title='bbox 2809 4472 2824 4519; x_wconf 91' lang='lat'>:</span> <span class='ocrx_word' id='word_1_286' title='bbox 2853 4447 3350 4546; x_wconf 86' lang='lat' dir='ltr'>Neapolitanus</span> 
     </span>
     <span class='ocr_line' id='line_1_33' title="bbox 702 4554 3346 4670; baseline -0.001 -27"><span class='ocrx_word' id='word_1_287' title='bbox 702 4593 763 4645; x_wconf 90' lang='lat' dir='ltr'>s.</span> <span class='ocrx_word' id='word_1_288' title='bbox 820 4568 1107 4667; x_wconf 85' lang='lat' dir='ltr'>Angeli,</span> <span class='ocrx_word' id='word_1_289' title='bbox 1161 4567 1670 4647; x_wconf 89' lang='lat' dir='ltr'>Ulixbonensis</span> <span class='ocrx_word' id='word_1_290' title='bbox 1720 4574 1792 4643; x_wconf 86' lang='lat' dir='ltr'>et</span> <span class='ocrx_word' id='word_1_291' title='bbox 1837 4568 2351 4645; x_wconf 87' lang='lat' dir='ltr'>Recanatensis</span> <span class='ocrx_word' id='word_1_292' title='bbox 2405 4554 2772 4670; x_wconf 81' lang='lat' dir='ltr'>episcopi;</span> <span class='ocrx_word' id='word_1_293' title='bbox 2827 4594 2888 4644; x_wconf 89' lang='lat' dir='ltr'>s.</span> <span class='ocrx_word' id='word_1_294' title='bbox 2937 4569 3346 4656; x_wconf 85' lang='lat' dir='ltr'>Clementis,</span> 
     </span>
    </p>
   </div>
   <div class='ocr_carea' id='block_1_3' title="bbox 694 4788 3354 5320">
    <p class='ocr_par' dir='ltr' id='par_1_5' title="bbox 694 4788 3354 5229">
     <span class='ocr_line' id='line_1_34' title="bbox 770 4788 3350 4868; baseline -0 -21"><span class='ocrx_word' id='word_1_295' title='bbox 770 4790 823 4847; x_wconf 85' lang='lat'>1.</span> <span class='ocrx_word' id='word_1_296' title='bbox 864 4788 1019 4847; x_wconf 88' lang='lat' dir='ltr'>Cette</span> <span class='ocrx_word' id='word_1_297' title='bbox 1047 4790 1287 4848; x_wconf 76' lang='lat' dir='ltr'>creation</span> <span class='ocrx_word' id='word_1_298' title='bbox 1315 4790 1381 4847; x_wconf 87' lang='lat' dir='ltr'>de</span> <span class='ocrx_word' id='word_1_299' title='bbox 1413 4796 1604 4865; x_wconf 85' lang='lat' dir='ltr'>quatre</span> <span class='ocrx_word' id='word_1_300' title='bbox 1632 4809 1923 4849; x_wconf 83' lang='lat' dir='ltr'>nouveaux</span> <span class='ocrx_word' id='word_1_301' title='bbox 1953 4792 2251 4849; x_wconf 83' lang='lat' dir='ltr'>cardinaux</span> <span class='ocrx_word' id='word_1_302' title='bbox 2268 4792 2586 4867; x_wconf 86' lang='lat' dir='ltr'>espagnols‚</span> <span class='ocrx_word' id='word_1_303' title='bbox 2611 4792 2706 4868; x_wconf 90' lang='lat' dir='ltr'>qui</span> <span class='ocrx_word' id='word_1_304' title='bbox 2728 4792 2929 4868; x_wconf 84' lang='lat' dir='ltr'>portait</span> <span class='ocrx_word' id='word_1_305' title='bbox 2947 4796 2982 4850; x_wconf 72' lang='lat' dir='ltr'>a</span> <span class='ocrx_word' id='word_1_306' title='bbox 3007 4794 3043 4849; x_wconf 81' lang='lat'>9</span> <span class='ocrx_word' id='word_1_307' title='bbox 3069 4792 3118 4851; x_wconf 90' lang='lat' dir='ltr'>le</span> <span class='ocrx_word' id='word_1_308' title='bbox 3139 4792 3350 4850; x_wconf 82' lang='lat' dir='ltr'>nombre</span> 
     </span>
     <span class='ocr_line' id='line_1_35' title="bbox 697 4879 3354 4956; baseline 0.002 -21"><span class='ocrx_word' id='word_1_309' title='bbox 697 4880 767 4936; x_wconf 86' lang='lat' dir='ltr'>de</span> <span class='ocrx_word' id='word_1_310' title='bbox 796 4894 891 4935; x_wconf 84' lang='lat' dir='ltr'>ces</span> <span class='ocrx_word' id='word_1_311' title='bbox 920 4879 1167 4937; x_wconf 85' lang='lat' dir='ltr'>derniers</span> <span class='ocrx_word' id='word_1_312' title='bbox 1196 4880 1335 4937; x_wconf 83' lang='lat' dir='ltr'>dans</span> <span class='ocrx_word' id='word_1_313' title='bbox 1366 4880 1415 4938; x_wconf 85' lang='lat' dir='ltr'>le</span> <span class='ocrx_word' id='word_1_314' title='bbox 1442 4880 1876 4956; x_wconf 77' lang='lat' dir='ltr'>Sacre-College.</span> <span class='ocrx_word' id='word_1_315' title='bbox 1897 4882 1978 4939; x_wconf 81' lang='lat' dir='ltr'>t&#39;ut</span> <span class='ocrx_word' id='word_1_316' title='bbox 2003 4880 2110 4939; x_wconf 85' lang='lat' dir='ltr'>mal</span> <span class='ocrx_word' id='word_1_317' title='bbox 2137 4898 2242 4939; x_wconf 86' lang='lat' dir='ltr'>vue</span> <span class='ocrx_word' id='word_1_318' title='bbox 2263 4886 2298 4939; x_wconf 73' lang='lat' dir='ltr'>a</span> <span class='ocrx_word' id='word_1_319' title='bbox 2316 4882 2490 4940; x_wconf 81' lang='lat' dir='ltr'>Rome</span> <span class='ocrx_word' id='word_1_320' title='bbox 2517 4890 2573 4941; x_wconf 86' lang='lat' dir='ltr'>et</span> <span class='ocrx_word' id='word_1_321' title='bbox 2591 4882 2776 4941; x_wconf 83' lang='lat' dir='ltr'>excita</span> <span class='ocrx_word' id='word_1_322' title='bbox 2797 4900 2872 4939; x_wconf 90' lang='lat' dir='ltr'>un</span> <span class='ocrx_word' id='word_1_323' title='bbox 2891 4882 2978 4939; x_wconf 78' lang='lat' dir='ltr'>vif</span> <span class='ocrx_word' id='word_1_324' title='bbox 2998 4886 3354 4941; x_wconf 73' lang='lat' dir='ltr'>mecontente·</span> 
     </span>
     <span class='ocr_line' id='line_1_36' title="bbox 694 4968 3350 5047; baseline 0 -20"><span class='ocrx_word' id='word_1_325' title='bbox 694 4976 846 5027; x_wconf 87' lang='lat' dir='ltr'>ment</span> <span class='ocrx_word' id='word_1_326' title='bbox 872 4982 943 5025; x_wconf 82' lang='lat' dir='ltr'>au</span> <span class='ocrx_word' id='word_1_327' title='bbox 972 4968 1221 5039; x_wconf 72' lang='lat' dir='ltr'>vatican,</span> <span class='ocrx_word' id='word_1_328' title='bbox 1252 4970 1425 5044; x_wconf 83' lang='lat' dir='ltr'>parmi</span> <span class='ocrx_word' id='word_1_329' title='bbox 1453 4970 1534 5027; x_wconf 87' lang='lat' dir='ltr'>les</span> <span class='ocrx_word' id='word_1_330' title='bbox 1562 4972 1767 5047; x_wconf 75' lang='lat' dir='ltr'>prelata</span> <span class='ocrx_word' id='word_1_331' title='bbox 1796 4970 2034 5031; x_wconf 77' lang='lat' dir='ltr'>italiana.</span> <span class='ocrx_word' id='word_1_332' title='bbox 2067 4971 2208 5047; x_wconf 75' lang='lat' dir='ltr'>Voy.</span> <span class='ocrx_word' id='word_1_333' title='bbox 2239 4972 2320 5031; x_wconf 89' lang='lat' dir='ltr'>M.</span> <span class='ocrx_word' id='word_1_334' title='bbox 2351 4970 2584 5042; x_wconf 71' lang='lat' dir='ltr'>Sanum,</span> <span class='ocrx_word' id='word_1_335' title='bbox 2613 4976 2820 5043; x_wconf 67' lang='lat' dir='ltr'>Dias-ii,</span> <span class='ocrx_word' id='word_1_336' title='bbox 2847 4978 2892 5031; x_wconf 86' lang='lat' dir='ltr'>t.</span> <span class='ocrx_word' id='word_1_337' title='bbox 2921 4973 2970 5043; x_wconf 88' lang='lat'>1,</span> <span class='ocrx_word' id='word_1_338' title='bbox 2999 4971 3276 5043; x_wconf 82' lang='lat' dir='ltr'>col.52·3;</span> <span class='ocrx_word' id='word_1_339' title='bbox 3303 4968 3350 5025; x_wconf 75' lang='lat' dir='ltr'>la</span> 
     </span>
     <span class='ocr_line' id='line_1_37' title="bbox 694 5058 3346 5139; baseline -0.001 -20"><span class='ocrx_word' id='word_1_340' title='bbox 694 5060 843 5119; x_wconf 87' lang='lat' dir='ltr'>bulle</span> <span class='ocrx_word' id='word_1_341' title='bbox 872 5060 1089 5137; x_wconf 68' lang='lat' dir='ltr'>publice</span> <span class='ocrx_word' id='word_1_342' title='bbox 1118 5078 1218 5137; x_wconf 85' lang='lat' dir='ltr'>par</span> <span class='ocrx_word' id='word_1_343' title='bbox 1245 5058 1296 5118; x_wconf 89' lang='lat' dir='ltr'>le</span> <span class='ocrx_word' id='word_1_344' title='bbox 1323 5062 1471 5137; x_wconf 87' lang='lat' dir='ltr'>Pape</span> <span class='ocrx_word' id='word_1_345' title='bbox 1500 5068 1534 5119; x_wconf 79' lang='lat' dir='ltr'>a</span> <span class='ocrx_word' id='word_1_346' title='bbox 1560 5070 1703 5120; x_wconf 86' lang='lat' dir='ltr'>cette</span> <span class='ocrx_word' id='word_1_347' title='bbox 1731 5064 1985 5123; x_wconf 89' lang='lat' dir='ltr'>occasion</span> <span class='ocrx_word' id='word_1_348' title='bbox 2015 5071 2104 5121; x_wconf 87' lang='lat' dir='ltr'>est</span> <span class='ocrx_word' id='word_1_349' title='bbox 2131 5065 2270 5121; x_wconf 86' lang='lat' dir='ltr'>dans</span> <span class='ocrx_word' id='word_1_350' title='bbox 2300 5063 2543 5134; x_wconf 85' lang='lat' dir='ltr'>Riualdi,</span> <span class='ocrx_word' id='word_1_351' title='bbox 2573 5070 2616 5121; x_wconf 81' lang='lat' dir='ltr'>t.</span> <span class='ocrx_word' id='word_1_352' title='bbox 2647 5062 2823 5133; x_wconf 85' lang='lat' dir='ltr'>XXX,</span> <span class='ocrx_word' id='word_1_353' title='bbox 2849 5079 2982 5139; x_wconf 86' lang='lat' dir='ltr'>pag.</span> <span class='ocrx_word' id='word_1_354' title='bbox 3013 5064 3136 5133; x_wconf 81' lang='lat'>262,</span> <span class='ocrx_word' id='word_1_355' title='bbox 3167 5070 3230 5117; x_wconf 66' lang='grc' dir='ltr'>η’</span> <span class='ocrx_word' id='word_1_356' title='bbox 3257 5061 3346 5117; x_wconf 89' lang='grc'>38·</span> 
     </span>
     <span class='ocr_line' id='line_1_38' title="bbox 697 5150 2556 5229; baseline 0.003 -22"><span class='ocrx_word' id='word_1_357' title='bbox 697 5150 803 5221; x_wconf 71' lang='grc' dir='ltr'>39ς</span> <span class='ocrx_word' id='word_1_358' title='bbox 828 5168 971 5226; x_wconf 85' lang='lat' dir='ltr'>pour</span> <span class='ocrx_word' id='word_1_359' title='bbox 999 5150 1051 5209; x_wconf 87' lang='lat' dir='ltr'>la</span> <span class='ocrx_word' id='word_1_360' title='bbox 1080 5150 1427 5227; x_wconf 83' lang='lat' dir='ltr'>biograpbie,</span> <span class='ocrx_word' id='word_1_361' title='bbox 1456 5168 1583 5227; x_wconf 71' lang='lat' dir='ltr'>voy.</span> <span class='ocrx_word' id='word_1_362' title='bbox 1616 5152 1886 5223; x_wconf 83' lang='lat' dir='ltr'>Cardella,</span> <span class='ocrx_word' id='word_1_363' title='bbox 1917 5158 1960 5215; x_wconf 88' lang='lat' dir='ltr'>t.</span> <span class='ocrx_word' id='word_1_364' title='bbox 1991 5154 2088 5225; x_wconf 82' lang='lat'>111,</span> <span class='ocrx_word' id='word_1_365' title='bbox 2110 5172 2166 5229; x_wconf 87' lang='lat' dir='ltr'>p.</span> <span class='ocrx_word' id='word_1_366' title='bbox 2191 5154 2292 5211; x_wconf 71' lang='lat'>271</span> <span class='ocrx_word' id='word_1_367' title='bbox 2326 5162 2383 5212; x_wconf 86' lang='lat' dir='ltr'>et</span> <span class='ocrx_word' id='word_1_368' title='bbox 2409 5152 2556 5213; x_wconf 75' lang='lat' dir='ltr'>suiv.</span> 
     </span>
    </p>

    <p class='ocr_par' dir='ltr' id='par_1_6' title="bbox 768 5240 3158 5320">
     <span class='ocr_line' id='line_1_39' title="bbox 768 5240 3158 5320; baseline 0.001 -22"><span class='ocrx_word' id='word_1_369' title='bbox 768 5242 825 5301; x_wconf 83' lang='lat'>2.</span> <span class='ocrx_word' id='word_1_370' title='bbox 854 5240 1001 5299; x_wconf 83' lang='lat' dir='ltr'>Tous</span> <span class='ocrx_word' id='word_1_371' title='bbox 1030 5240 1113 5299; x_wconf 84' lang='lat' dir='ltr'>les</span> <span class='ocrx_word' id='word_1_372' title='bbox 1142 5256 1280 5300; x_wconf 79' lang='lat' dir='ltr'>mss.</span> <span class='ocrx_word' id='word_1_373' title='bbox 1312 5258 1383 5299; x_wconf 87' lang='lat' dir='ltr'>ne</span> <span class='ocrx_word' id='word_1_374' title='bbox 1410 5242 1659 5302; x_wconf 82' lang='lat' dir='ltr'>donnent</span> <span class='ocrx_word' id='word_1_375' title='bbox 1684 5261 1792 5319; x_wconf 86' lang='lat' dir='ltr'>que</span> <span class='ocrx_word' id='word_1_376' title='bbox 1818 5246 1892 5301; x_wconf 81' lang='lat'>23</span> <span class='ocrx_word' id='word_1_377' title='bbox 1917 5244 2234 5315; x_wconf 76' lang='lat' dir='ltr'>cardimux,</span> <span class='ocrx_word' id='word_1_378' title='bbox 2263 5242 2388 5320; x_wconf 84' lang='lat' dir='ltr'>plus</span> <span class='ocrx_word' id='word_1_379' title='bbox 2411 5243 2464 5301; x_wconf 90' lang='lat' dir='ltr'>le</span> <span class='ocrx_word' id='word_1_380' title='bbox 2487 5242 2680 5303; x_wconf 70' lang='lat' dir='ltr'>matu-0</span> <span class='ocrx_word' id='word_1_381' title='bbox 2703 5240 2776 5301; x_wconf 85' lang='lat' dir='ltr'>de</span> <span class='ocrx_word' id='word_1_382' title='bbox 2801 5240 3158 5302; x_wconf 63' lang='lat' dir='ltr'>ceremonias.</span> 
     </span>
    </p>
   </div>
  </div>
 </body>
</html>
