3625 6059
644 569 749 626 456
1548 555 1895 612 ‚IOHANNIS
1949 553 2386 620 BURCHARDL
2974 557 3142 620 [An-it
3175 559 3322 616 usus]

649 723 969 805 nionem,
1006 717 1079 789 iu
1109 715 1278 788 sede
1314 713 1687 801 eminenti,
1718 717 2102 807 postquam
2129 709 2219 781 ad
2243 708 2467 783 altare
2495 731 2824 782 reversus
2851 717 2989 798 est,
3021 711 3316 784 inventa

654 852 761 923 est
805 869 952 918 una
977 842 1215 915 hostia
1246 839 1377 912 sub
1402 836 1724 911 vestibus
1762 843 1928 908 ante
1959 834 2212 925 altare,
2249 835 2322 907 in
2354 856 2693 930 supremo
2733 833 2977 931 plano,
3013 835 3090 908 in
3121 844 3322 910 terra

655 972 745 1046 ad
774 969 997 1068 pedes
1028 971 1219 1063 Pape
1252 987 1467 1059 quam
1499 962 1795 1035 dextere
1827 961 2050 1035 levavi
2079 958 2592 1054 ante-plurium
2620 959 3314 1045 considerationem,

657 1105 729 1171 et
760 1093 961 1192 posui
1007 1113 1225 1188 super
1262 1085 1669 1184 corporalia
1705 1086 1777 1157 in
1817 1084 2082 1172 altare3
2127 1090 2200 1158 et
2228 1083 2450 1158 missa
2477 1083 2707 1176 finita,
2741 1092 2906 1183 post
2944 1110 3318 1162 recessum

658 1225 875 1316 Pape,
914 1215 1211 1290 sacrista
1242 1236 1389 1287 non
1427 1211 1667 1311 posuit
1696 1235 1860 1284 eam
1900 1233 2068 1282 cum
2105 1209 2368 1284 ceteris
2409 1209 2668 1282 hostiis
2701 1213 3146 1287 conservatis
3173 1239 3316 1310 quc·

658 1347 747 1420 de
797 1340 1451 1416 communicatione
1510 1337 2018 1434 superfuerunt
2065 1334 2140 1407 in
2187 1335 2411 1408 calice
2458 1359 2473 1407 :
2529 1333 2748 1410 credo
2803 1335 3110 1412 firmiter
3155 1361 3316 1412 eam

661 1467 1009 1544 cecidisse
1054 1465 1385 1562 superius
1424 1463 1497 1536 in
1540 1463 1719 1536 solio
1761 1463 1850 1536 de
1891 1461 2225 1535 manibus
2259 1465 2478 1558 Pape,
2511 1461 2686 1534 dum
2723 1463 3078 1560 populum
3118 1485 3318 1538 com-

662 1592 1091 1666 municaret.
1134 1593 1313 1664 Cum
1360 1593 1607 1662 Rmus,
1647 1592 1733 1661 D.
1772 1585 2158 1660 cardinalis
2209 1611 2266 1659 s.
2319 1585 2604 1684 Georgii
2652 1586 2975 1661 dedisset
3021 1588 3310 1663 calicem

663 1713 1337 1792 communicationis
1392 1713 1636 1811 populi
1701 1737 1870 1786 cum
1928 1719 2384 1787 sacramento
2435 1718 2502 1786 et
2555 1719 2822 1809 patena
2878 1713 3311 1788 subdiacono

663 1847 855 1939 Pape
888 1839 1385 1928 deferendum,
1423 1837 1849 1935 superposui
1885 1836 2098 1912 aliam
2139 1845 2476 1934 patenam
2508 1860 2640 1936 pro
2679 1839 2956 1934 majore
2989 1862 3310 1913 reveren-

662 1970 763 2042 tia
801 1966 1261 2055 sacramenti,
1296 1987 1601 2060 quarum
1632 1968 2056 2060 patenarum
2091 1987 2335 2054 unam,
2371 1988 2587 2061 super
2609 1987 2828 2060 quam
2861 1968 3060 2063 Papa
3084 1965 3312 2062 plures

662 2093 940 2166 hostias
971 2090 1310 2188 ponebat,
1351 2089 1643 2163 tenebat
1682 2093 1932 2162 RmuS.
1969 2091 2056 2162 D.
2093 2088 2480 2163 cardinalis
2521 2089 2874 2164 Columna
2907 2091 3245 2164 assistens
3271 2113 3310 2162 a

668 2217 973 2291 sinistris
1016 2213 1362 2306 continuo
1406 2237 1703 2288 manum
1753 2213 2125 2289 dexteram
2173 2216 2367 2313 Pape
2406 2215 3016 2288 communicantis
3063 2239 3310 2313 suppo—

668 2366 850 2415 nens
888 2366 1017 2414 seu
1058 2338 1515 2428 submittens,
1547 2340 1719 2411 dum
1751 2344 1824 2412 et
1862 2339 1933 2411 in
1974 2346 2242 2413 terram
2283 2340 2748 2437 dejiceretur.
2789 2345 2981 2414 lutra
3005 2341 3306 2430 missam,

669 2471 793 2542 SS.
831 2470 917 2541 D.
954 2473 1204 2539 noster
1232 2464 1595 2537 mandavit
1624 2463 1801 2536 mihi
1845 2469 1921 2538 ut
1961 2469 2044 2538 R.
2082 2467 2162 2538 P.
2197 2466 2746 2563 Christophoro‚
2782 2466 3126 2564 episcopo
3151 2469 3308 2540 Cor-

671 2590 985 2688 tonensi,
1017 2589 1259 2663 locum
1286 2589 1535 2662 darem
1562 2588 1750 2661 inter
1781 2589 2199 2665 assistentes
2230 2613 2427 2680 suoS,
2459 2614 2678 2686 quem
2705 2599 2995 2666 extunc
3021 2591 3095 2664 in
3123 2615 3310 2664 suum

674 2717 1135 2791 assistentem
1166 2714 1597 2811 recipiebat;
1635 2715 1929 2810 quodid
1961 2715 2204 2790 statim
2233 2716 2396 2790 feci.
2433 2716 2651 2789 Missa
2681 2715 2910 2806 finita,
2946 2720 3138 2814 Papa
3157 2739 3310 2813 pro-

672 2843 1171 2920 cessionaliter
1188 2865 1319 2939 per
1341 2864 1594 2916 navem
1620 2841 2008 2932 Veronice,
2035 2841 2200 2914 visis
2228 2840 2420 2916 ferro
2439 2841 2691 2916 lancee
2715 2849 2786 2915 et
2807 2842 3029 2918 Vultu
3053 2849 3302 2924 sancto,

673 2973 999 3047 ascendit
1030 2973 1118 3046 ad
1155 2971 1401 3044 locum
1443 2968 1729 3066 publice
1777 2967 2307 3042 benedictionis
2357 2965 2478 3038 ubi
2527 2967 2872 3064 populum
2913 2967 3312 3042 solemniter

672 3098 1045 3172 benedixit
1078 3106 1145 3171 et
1176 3095 1373 3170 dedit
1402 3093 1762 3191 plenarias
1801 3093 2286 3190 indulgentias
2325 3118 2502 3189 quas
2543 3099 2790 3168 Rmus,
2830 3097 2916 3168 D.
2953 3093 3310 3166 cardinalis

676 3225 1023 3298 Columna
1069 3223 1287 3296 latine
1338 3228 1410 3294 et
1454 3221 1541 3295 de
1592 3221 1951 3295 Cesarinis
2003 3221 2391 3318 vulgariter
2436 3221 2704 3319 populo
2757 3221 3306 3319 publicaverunt.

675 3348 833 3420 Alia'
862 3347 1106 3420 omnia
1130 3345 1503 3420 observata
1530 3353 1695 3420 sunt
1725 3369 1930 3420 more
1963 3346 2201 3419 solito.
2235 3349 2462 3420 Nocte
2496 3347 2866 3444 preterita,
2895 3347 3094 3422 circa
3119 3369 3311 3442 quar-

679 3478 826 3545 tam
849 3471 1137 3560 horam,
1169 3479 1239 3544 et
1273 3470 1489 3544 etiam
1515 3471 1657 3543 hoc
1686 3492 1928 3556 mane,
1965 3471 2316 3543 venerunt
2349 3493 2531 3544 nove
2574 3474 2764 3568 Pape
2796 3470 2996 3566 quod
3019 3471 3092 3544 in
3123 3477 3310 3544 nocte

678 3595 1035 3691 sequenti,
1086 3593 1200 3668 dje
1246 3573 1549 3685 sabbati,
1606 3602 1643 3667 7
1694 3595 1942 3691 hujuS,
1992 3593 2182 3667 bone
2231 3597 2582 3669 memorie
2634 3596 2932 3670 Carolus
2977 3600 3157 3686 vill,
3205 3617 3312 3666 rex

680 3725 1148 3810 Francorum,
1186 3719 1562 3816 apoplexia
1598 3721 1739 3792 vita
1769 3719 2058 3794 functus
2089 3727 2200 3792 est
2235 3744 2250 3792 :
2285 3721 2521 3794 suerat
2549 3721 2621 3793 in
2663 3721 3046 3796 venatione
3085 3719 3312 3794 eadem

681 3845 797 3919 die
826 3845 1129 3937 sabbati,
1166 3845 1255 3918 de
1286 3867 1426 3939 qua
1449 3845 1621 3918 satis
1653 3845 1854 3920 tarde
1886 3847 2210 3934 venienS,
2245 3855 2462 3942 caput
2492 3845 2626 3919 sibi
2659 3845 2831 3921 fecit
2859 3847 3118 3934 lavari;
3149 3845 3315 3918 facta

681 3971 943 4045 deinde
985 3994 1190 4058 cena,
1228 3969 1606 4068 apoplexia
1646 3977 1900 4062 tactuS,
1938 3971 2124 4044 infra
2158 3978 2323 4044 octo
2361 3970 2579 4044 horas
2611 3970 2852 4045 emisit
2891 3972 3216 4069 spiritum
3251 3969 3314 4040 in

681 4097 943 4193 oppido
990 4095 1342 4171 Amboisii
1383 4095 1517 4192 (1).
1554 4096 1789 4170 Finita
1830 4097 2488 4172 communicatione
2532 4096 2808 4192 populi,
2855 4097 3312 4172 subdiaconus

753 4342 805 4396 1.
852 4362 879 4390 ιι
998 4338 1047 4394 le
1076 4339 1333 4412 septieme
1366 4339 1494 4412 jour
1530 4337 1751 4408 d’Avril,
1785 4338 1894 4396 l’an
1931 4338 2025 4394 mil
2057 4345 2248 4412 quatre
2279 4357 2410 4396 cens
2449 4340 2824 4414 quatre-vingt
2861 4339 3154 4408 dix-huict,
3181 4334 3318 4394 veille

682 4428 751 4484 de
780 4429 1032 4500 Pasques
1063 4428 1103 4482 F
1107 4427 1290 4498 lories,
1322 4427 1359 4482 il
1387 4427 1554 4502 partit
1584 4429 1655 4500 (le
1684 4431 1788 4497 roi)
1823 4427 1890 4482 de
1920 4426 1970 4484 la
1998 4427 2255 4484 chambre
2285 4428 2353 4484 de
2387 4429 2439 4484 la
2467 4428 2642 4485 Reine
2669 4430 2828 4486 Anne
2859 4431 2928 4485 de
2955 4429 3238 4500 Bretagne‚
3266 4439 3318 4478 sa

679 4519 873 4574 femme
904 4523 958 4574 et
986 4517 1038 4574 la
1064 4535 1225 4574 mena
1252 4535 1384 4576 avec
1413 4517 1524 4592 luy,
1558 4535 1696 4590 pour
1724 4517 1876 4574 veoir
1893 4519 2054 4591 jouer
2090 4521 2123 4572 a
2159 4516 2211 4574 la
2239 4535 2436 4591 paume
2465 4536 2602 4574 ceux
2633 4519 2727 4592 qui
2748 4519 3003 4592 jouoient
3031 4535 3137 4573 aux
3163 4515 3318 4571 sossez

683 4607 758 4663 du
786 4607 1069 4677 chasteau,
1102 4611 1173 4663 ou
1200 4625 1270 4663 ne
1308 4606 1491 4664 l'avoit
1520 4607 1721 4680 jamais
1750 4610 1942 4664 menee
1979 4625 2087 4679 que
2125 4613 2266 4663 cette
2303 4607 2407 4663 sois
2437 4614 2492 4665 et
2517 4614 2795 4665 entrerent
2820 4605 3102 4665 ensemble
3129 4623 3192 4662 eu
3227 4619 3318 4658 une

682 4695 886 4770 galerie
914 4695 1079 4769 qu'on
1107 4695 1368 4770 appelloit
1393 4695 1446 4752 la
1476 4695 1679 4770 galerie
1709 4695 2077 4769 Haquelebac,
2109 4713 2268 4770 parce
2299 4715 2404 4770 que
2433 4702 2618 4769 cettuy
2649 4695 2998 4769 Haquelebac
3028 4693 3202 4752 l'avoit
3233 4705 3320 4747 cue

682 4784 943 4843 autrefois
974 4803 1041 4840 en
1073 4786 1262 4859 garde,
1296 4791 1351 4842 et
1378 4785 1541 4843 estoit
1567 4784 1617 4840 le
1653 4785 1777 4859 plus
1814 4785 2186 4842 deshonneste
2225 4785 2332 4840 lieu
2371 4785 2439 4841 de
2470 4785 2623 4842 leans
2657 4802 2670 4840 ε
2703 4802 2795 4840 car
2833 4791 2953 4841 tout
2983 4783 3035 4840 le
3073 4782 3256 4839 monde
3291 4796 3319 4852 y

681 4874 884 4950 pissoit
908 4881 963 4931 et
990 4873 1154 4932 estoit
1180 4891 1404 4949 rompue
1432 4893 1465 4931 a
1490 4874 1733 4945 l’entree‚
1766 4873 1854 4948 s'y
1889 4874 2084 4930 heurta
2113 4874 2161 4931 le
2189 4874 2314 4950 Roy
2341 4875 2414 4930 du
2452 4873 2616 4944 from,
2649 4881 2838 4930 contre
2863 4874 3066 4947 muys,
3095 4869 3316 4928 combien

682 4963 815 5038 qu’il
841 4965 925 5021 fut.
952 4964 1081 5020 bien
1108 4964 1246 5038 petit
1273 4971 1327 5022 et
1354 4964 1479 5038 puis
1509 4963 1742 5038 regarda
1780 4964 2094 5038 longtemps
2126 4963 2205 5020 les
2224 4965 2452 5038 joueurs
2483 4971 2536 5020 et
2572 4963 2810 5020 ‹levisoit
2835 4968 2870 5020 a
2895 4969 3018 5020 tout.
3045 4963 3094 5020 le
3119 4959 3314 5018 monde.

682 5056 744 5111 Je
772 5055 865 5130 n’y
904 5054 1073 5112 estois
1109 5053 1263 5126 point
1301 5059 1524 5127 present
1560 5073 1573 5110 :
1616 5054 1754 5111 mais
1794 5053 1980 5110 sondit
2007 5053 2341 5124 consesseur,
2383 5054 2658 5128 l'evesque
2697 5054 2970 5126 d'Angers
3009 5059 3066 5109 et
3093 5067 3179 5108 scs
3207 5065 3316 5123 pro·

682 5144 875 5199 chains
904 5141 1259 5199 chambelans
1290 5141 1339 5198 le
1372 5143 1543 5200 m'ont
1578 5147 1736 5200 conte
1778 5162 1791 5199 :
1834 5162 1926 5200 car
1956 5143 2070 5216 j’en
2100 5142 2269 5200 estois
2305 5150 2466 5217 party
2493 5142 2646 5198 huict
2665 5143 2822 5218 jours
2860 5148 3045 5208 avant,
3083 5146 3138 5196 et.
3167 5136 3315 5194 estois

682 5229 785 5286 alle
822 5235 857 5287 a
896 5249 983 5288 ma
1020 5230 1252 5290 maison.
1296 5231 1374 5288 La
1412 5231 1654 5289 dernicre
1703 5232 1884 5305 parole
1926 5231 2054 5305 qu'il
2095 5249 2370 5305 prononea
2399 5231 2600 5306 jamnis
2647 5250 2714 5288 en
2754 5231 3008 5289 ‹levisant
3049 5247 3116 5286 en
3155 5228 3312 5291 sante,
