3625 6059
727 553 831 608 186
1635 546 1987 604 JOHANNIS
2034 544 2475 616 nunculiam,
2892 545 3224 611 [Septembre
3256 551 3413 613 μοι]

724 703 1135 779 obtulerunt
1165 723 1366 774 more
1399 702 1636 774 solito.
1673 701 2087 776 Oblationes
2128 698 2547 798 hujusmodi
2578 698 2751 773 dare
2788 697 2963 774 fecit
3000 699 3198 772 idem
3234 724 3411 775 car-

721 828 977 903 dinalis
1007 833 1167 924 post
1195 826 1492 900 missam
1519 827 1981 924 pauperibuS,
2018 827 2187 901 fecit
2223 824 2754 900 absolutionem
2784 831 2949 921 post
2988 847 3411 922 responso-

724 955 908 1027 rium
942 980 956 1024 :
990 951 1248 1025 Libera
1277 977 1410 1040 me,
1444 963 1570 1024 etc,
1588 1009 1606 1040 ,
1631 951 1906 1026 dictum
1935 951 2009 1025 in
2038 951 2283 1025 medio
2312 951 2545 1048 prime
2576 951 2913 1043 ecclesie,
2946 953 3069 1026 ubi
3103 975 3412 1048 pannus

721 1078 927 1175 niger
981 1085 1323 1152 extensus
1377 1081 1558 1165 erat,
1611 1085 1682 1151 et
1745 1077 1917 1150 hinc
1978 1083 2053 1150 et
2107 1075 2274 1148 inde
2328 1076 2715 1151 duodecim
2765 1077 3133 1152 intorticia
3174 1078 3415 1150 trium

721 1203 1068 1278 librarum
1099 1201 1468 1298 quodlibet
1494 1200 1607 1275 vel
1631 1202 1853 1293 circa,
1908 1226 2047 1298 que
2094 1200 2338 1274 omnia
2362 1201 2557 1276 idem
2584 1203 2968 1276 cardinalis
2996 1202 3359 1300 persolvit
3392 1228 3409 1275 :

721 1327 1030 1402 ecclesia
1061 1326 1196 1400 fuit
1226 1333 1376 1400 tota
1407 1327 1599 1400 nuda
1638 1334 1712 1400 et
1754 1326 2137 1401 cardinalis
2183 1325 2365 1400 sedit
2410 1325 2487 1398 in
2528 1327 2761 1400 banco
2806 1327 3001 1400 nudo
3042 1327 3115 1401 in
3166 1350 3413 1401 cornu

719 1452 1067 1549 evangelii
1097 1452 1370 1542 altaris,
1403 1452 1686 1526 nullum
1730 1460 2053 1549 tapetem
2079 1450 2361 1526 habens
2402 1473 2619 1547 super
2658 1450 2891 1526 banco
2920 1452 3033 1526 vel
3063 1452 3297 1541 insta,
3336 1461 3411 1528 et

721 1577 926 1651 finito
959 1576 1226 1667 officiO,
1263 1576 1650 1650 cardinalis
1681 1577 1858 1650 dixit
1890 1576 2065 1650 mihi
2099 1598 2233 1649 nos
2264 1598 2427 1650 esse
2456 1575 2767 1650 rusticos
2794 1577 2965 1672 quia
2992 1601 3142 1650 non
3176 1576 3413 1652 fecis-

719 1725 960 1776 semus
1005 1699 1201 1796 affigi
1242 1700 1634 1796 parietibus
1672 1722 1883 1808 ‘arma
1929 1699 2383 1797 imperatoris
2433 1700 2755 1775 defuncti
2795 1726 2810 1774 :
2846 1701 3196 1799 respondi
3246 1726 3407 1776 non

717 1850 877 1900 esse
916 1825 990 1898 in
1035 1824 1226 1900 Urbe
1267 1830 1697 1899 consuetum
1740 1824 1814 1898 id
1858 1823 2017 1898 fieri
2065 1824 2137 1897 in
2184 1825 2717 1918 anniversariis,
2768 1826 2901 1900 sed
2940 1827 3013 1900 in
3060 1827 3409 1923 exequiis

726 1955 1032 2026 tantum.

825 2075 1036 2149 Feria
1081 2080 1360 2173 quarta,
1397 2081 1484 2148 27
1536 2075 1810 2150 mensis
1841 2074 2154 2172 augusti,
2194 2074 2271 2148 in
2298 2074 2735 2149 cancellaria
2758 2075 3167 2172 apostolica
3206 2084 3289 2150 et
3335 2079 3411 2150 in

717 2200 929 2274 valvis
969 2199 1432 2275 basilicarum
1476 2199 1951 2275 lateranensis
1996 2207 2068 2273 et
2114 2199 2461 2297 principis
2510 2198 3002 2297 apostolorum
3051 2199 3145 2274 de
3194 2201 3403 2275 Urbe

716 2325 867 2399 fuit·
894 2324 1112 2399 affixa
1156 2324 1382 2417 bulla,
1425 2347 1556 2422 per
1597 2346 1815 2420 quam
1861 2323 2169 2397 curiales
2210 2345 2466 2396 omnes
2504 2322 2598 2396 ad
2633 2323 2898 2397 Urbem
2950 2322 3413 2398 vocabantur

722 2451 854 2524 suh
891 2450 1097 2547 penis
1141 2450 1240 2523 ibi
1281 2449 1672 2547 expressiS,
1707 2449 1911 2547 cujus
1956 2455 2201 2522 tamen
2242 2448 2525 2546 copiam
2564 2447 2837 2522 habere
2879 2471 3028 2522 non
3077 2450 3297 2544 potui
3336 2459 3411 2525 et

729 2597 876 2648 non
903 2575 1040 2647 fuit
1076 2575 1512 2672 permissum
1559 2580 1749 2646 stare
1779 2574 1855 2646 in
1885 2573 2095 2648 dictis
2124 2572 2369 2664 valviS,
2406 2573 2537 2647 sed
2573 2572 2790 2648 affixa
2828 2579 3109 2648 tautum
3144 2578 3219 2646 et
3256 2581 3412 2648 sta-

719 2699 850 2772 tim
879 2698 1212 2797 deposita
1237 2700 1456 2795 pe‘r...
1488 2700 1611 2794 qui
1642 2721 1807 2772 cum
1838 2697 2254 2774 cursoribus
2284 2721 2587 2795 presens
2607 2698 2742 2772 fuit
2771 2704 2843 2773 et
2867 2721 3030 2773 eam
3060 2697 3212 2795 legi
3248 2721 3409 2772 non

725 2820 1054 2917 permisit
1079 2847 1094 2911 ;
1131 2845 1270 2894 nec
1299 2822 1626 2896 sciebant
1655 2845 1991 2896 cursores
2022 2822 2155 2919 ipsi
2186 2822 2361 2918 quid
2389 2823 2793 2897 contineret
2826 2831 2899 2898 et
2926 2823 3002 2894 in
3032 2823 3411 2898 cancella-

725 2944 830 3017 ria
861 2947 1018 3041 ejus
1050 2945 1330 3020 lectura
1359 2945 1687 3026 similiter
1716 2947 2031 3043 quodam
2065 2946 2407 3045 singulari
2432 2948 2651 3022 modo
2683 2947 2878 3022 facta
2908 2957 3045 3022 est.

824 3070 1231 3160 Dominica,
1270 3077 1309 3142 7
1343 3069 1616 3142 mensis
1649 3069 2121 3168 septembris,
2156 3075 2407 3145 Rmus.
2447 3073 2521 3146 in
2562 3072 2848 3147 Christo
2868 3080 3090 3171 pater
3126 3075 3217 3146 D.
3270 3081 3407 3148 Jo-

715 3193 1020 3283 hanneS‚
1055 3193 1640 3290 archiepiscopus
1673 3195 2106 3291 RagusinuS,
2142 3195 2333 3271 alme
2370 3197 2581 3270 Urbis
2610 3198 3075 3295 gubernator,
3101 3200 3405 3276 noviter

717 3298 770 3388 a
799 3319 926 3392 SS.
973 3321 1058 3389 D.
1097 3325 1346 3390 nostro
1393 3319 1857 3408 constitutuS,
1893 3319 2128 3417 prima
2172 3321 2329 3396 vice
2375 3323 2717 3418 equitavit
2762 3347 2894 3420 per
2941 3322 3215 3397 Urbem
3262 3350 3407 3422 per

719 3447 1134 3515 senatorem
1163 3449 1238 3516 et
1267 3451 1813 3517 conservatores
1838 3467 2125 3520 camere
2157 3448 2371 3522 Urbis
2400 3455 2473 3524 et
2508 3449 2687 3524 alios
2718 3450 3065 3525 officiales
3095 3450 3402 3526 nobiles

721 3573 793 3640 et
824 3567 1016 3642 cives
1056 3589 1398 3642 romanos
1439 3569 1837 3644 associatus
1878 3578 1952 3647 et
1991 3572 2416 3666 honoratus,
2452 3575 2775 3650 officium
2814 3599 3025 3652 suum
3066 3600 3207 3675 per
3243 3577 3399 3654 hoc

721 3692 1125 3788 suscipiens
1157 3699 1229 3766 et
1261 3695 1702 3792 ingrediens.

814 3820 1027 3893 Feria
1080 3820 1352 3916 quinta,
1409 3827 1494 3896 18
1545 3821 1821 3898 mensis
1873 3823 2335 3919 septembriS,
2381 3826 2455 3898 in
2500 3849 2741 3916 mane,
2792 3835 3046 3925 gentes
3086 3829 3399 3904 Fabritii

719 3944 1066 4020 Columne
1095 3970 1227 4043 per
1255 3954 1642 4023 tractatum
1672 3970 1841 4022 cum
1871 3947 2186 4045 quodam
2210 3948 2555 4024 servitore
2588 3952 2771 4026 arcis
2795 3954 2989 4026 Ostie
3013 3953 3396 4046 habitum,

716 4069 1162 4145 intraverunt
1213 4072 1550 4149 eamdem
1593 4096 1865 4164 arcem,
1910 4080 2481 4168 armatamanu,
2520 4082 2594 4151 et
2636 4077 2935 4176 expulso
2982 4079 3397 4156 castellano

713 4215 846 4290 per
887 4198 1153 4292 Papam
1201 4199 1435 4294 posito
1487 4204 1560 4272 et
1605 4221 1772 4272 cum
1818 4198 1965 4271 suis
2026 4201 2361 4295 gentibus
2420 4206 2723 4276 Romam
2772 4203 2979 4278 illeso
3034 4205 3395 4296 remiss0,

714 4339 958 4392 arcem
999 4319 1230 4416 ipsam
1270 4346 1401 4418 pro
1445 4322 1791 4396 cardinali
1843 4348 1901 4396 s.
1941 4325 2133 4398 Petri
2174 4326 2267 4401 ad
2308 4325 2617 4403 Vincula
2644 4351 2724 4402 se
2760 4335 3009 4403 tenere
3060 4329 3397 4406 confessi

711 4449 904 4532 sunt,
941 4451 1014 4516 et
1045 4444 1471 4519 stendardos
1501 4452 1573 4521 et
1605 4447 1864 4522 vexilla
1894 4449 2083 4544 regis
2116 4450 2416 4526 Francie
2458 4459 2530 4526 et
2570 4453 2827 4549 prefati
2870 4453 3271 4528 cardinalis
3302 4479 3395 4530 ac

713 4566 1062 4641 Columne
1107 4569 1182 4642 in
1215 4593 1302 4645 ea
1329 4571 1614 4667 publice
1658 4580 2169 4670 exposuerunt.
2207 4574 2511 4666 Deinde,
2547 4575 2662 4650 die
2705 4578 3012 4670 veneris,
3056 4584 3143 4652 19
3176 4581 3393 4678 ejus-

711 4687 1210 4783 demmensis,
1244 4693 1572 4770 habitum
1605 4704 1971 4771 secretum
1994 4698 2504 4773 consistorium
2536 4701 2733 4797 quod
2762 4703 3043 4778 duravit
3074 4703 3167 4778 ab
3192 4705 3393 4780 hora

711 4809 1142 4890 duodecima
1172 4842 1400 4915 usque
1430 4822 1520 4895 ad
1550 4822 1971 4919 vigesimam
2001 4822 2308 4919 primam
2338 4823 2597 4898 horam
2635 4827 2848 4923 :quid
2877 4827 2953 4901 in
2984 4851 3073 4903 eo
3106 4836 3391 4905 tracta-

713 4945 862 5011 tum
900 4939 1014 5030 sit,
1050 4943 1327 5017 nesci0.

805 5063 1144 5158 Sabbato,
1179 5072 1269 5141 20
1294 5069 1747 5165 septembris,
1778 5070 1848 5142 in
1870 5093 2108 5162 mane,
2136 5073 2325 5147 circa
2349 5074 2604 5148 horam
2625 5074 2981 5156 decimam
3005 5087 3379 5176 quartam,

709 5191 933 5264 Rome
966 5190 1143 5266 obiit
1175 5195 1422 5266 Rmus.
1462 5199 1538 5267 P.
1574 5201 1656 5268 D.
1685 5197 2021 5292 Nicolaus
2046 5197 2136 5272 de
2162 5199 2467 5274 Grandis
2498 5201 2587 5273 de
2624 5201 3051 5296 ComitibuS,
3088 5203 3381 5280 electus
