<?xml version="1.0" encoding="UTF-8"?>
<!DOCTYPE html PUBLIC "-//W3C//DTD XHTML 1.0 Transitional//EN"
    "http://www.w3.org/TR/xhtml1/DTD/xhtml1-transitional.dtd">
<html xmlns="http://www.w3.org/1999/xhtml" xml:lang="en" lang="en">
 <head>
  <title>
</title>
<meta http-equiv="Content-Type" content="text/html;charset=utf-8" />
  <meta name='ocr-system' content='tesseract 3.04.00' />
  <meta name='ocr-capabilities' content='ocr_page ocr_carea ocr_par ocr_line ocrx_word'/>
</head>
<body>
  <div class='ocr_page' id='page_1' title='image "./johannisburchar00unkngoog_0251.png"; bbox 0 0 3625 6059; ppageno 0'>
   <div class='ocr_carea' id='block_1_1' title="bbox 195 529 2833 595">
    <p class='ocr_par' dir='ltr' id='par_1_1' title="bbox 195 529 2833 595">
     <span class='ocr_line' id='line_1_1' title="bbox 195 529 2833 595; baseline 0.005 -14"><span class='ocrx_word' id='word_1_1' title='bbox 195 529 581 593; x_wconf 65' lang='lat' dir='ltr'><strong>[samiera-195]</strong></span> <span class='ocrx_word' id='word_1_2' title='bbox 826 530 1083 591; x_wconf 83' lang='lat' dir='ltr'>RERUM</span> <span class='ocrx_word' id='word_1_3' title='bbox 1130 530 1587 589; x_wconf 85' lang='lat' dir='ltr'><strong>URBANARUM</strong></span> <span class='ocrx_word' id='word_1_4' title='bbox 1633 531 2158 591; x_wconf 84' lang='lat' dir='ltr'><strong>COMMENTARII.</strong></span> <span class='ocrx_word' id='word_1_5' title='bbox 2727 538 2833 595; x_wconf 83' lang='lat'><strong>239</strong></span> 
     </span>
    </p>
   </div>
   <div class='ocr_carea' id='block_1_2' title="bbox 192 682 2839 3548">
    <p class='ocr_par' dir='ltr' id='par_1_2' title="bbox 194 682 2839 1287">
     <span class='ocr_line' id='line_1_2' title="bbox 194 682 2835 783; baseline 0.001 -24"><span class='ocrx_word' id='word_1_6' title='bbox 194 682 389 759; x_wconf 84' lang='lat' dir='ltr'><strong>tionis</strong></span> <span class='ocrx_word' id='word_1_7' title='bbox 417 682 595 759; x_wconf 85' lang='lat' dir='ltr'><strong>Sixti</strong></span> <span class='ocrx_word' id='word_1_8' title='bbox 628 706 815 782; x_wconf 83' lang='lat' dir='ltr'><strong>pape</strong></span> <span class='ocrx_word' id='word_1_9' title='bbox 844 684 1105 781; x_wconf 85' lang='lat' dir='ltr'><strong>quarti,</strong></span> <span class='ocrx_word' id='word_1_10' title='bbox 1140 693 1212 760; x_wconf 91' lang='lat' dir='ltr'><strong>et</strong></span> <span class='ocrx_word' id='word_1_11' title='bbox 1241 684 1479 783; x_wconf 89' lang='lat' dir='ltr'><strong>ipsum</strong></span> <span class='ocrx_word' id='word_1_12' title='bbox 1523 685 2116 761; x_wconf 88' lang='lat' dir='ltr'><strong>Bartholomeum</strong></span> <span class='ocrx_word' id='word_1_13' title='bbox 2158 709 2325 760; x_wconf 90' lang='lat' dir='ltr'><strong>cum</strong></span> <span class='ocrx_word' id='word_1_14' title='bbox 2363 707 2509 760; x_wconf 92' lang='lat' dir='ltr'><strong>uno</strong></span> <span class='ocrx_word' id='word_1_15' title='bbox 2549 710 2640 761; x_wconf 85' lang='lat' dir='ltr'><strong>ex</strong></span> <span class='ocrx_word' id='word_1_16' title='bbox 2669 687 2835 763; x_wconf 87' lang='lat' dir='ltr'><strong>filiis</strong></span> 
     </span>
     <span class='ocr_line' id='line_1_3' title="bbox 198 808 2839 910; baseline 0.003 -29"><span class='ocrx_word' id='word_1_17' title='bbox 198 808 329 881; x_wconf 89' lang='lat' dir='ltr'><strong>suis</strong></span> <span class='ocrx_word' id='word_1_18' title='bbox 381 808 657 907; x_wconf 90' lang='lat' dir='ltr'><strong>recepit</strong></span> <span class='ocrx_word' id='word_1_19' title='bbox 708 810 1025 909; x_wconf 84' lang='lat' dir='ltr'><strong>captivos</strong></span> <span class='ocrx_word' id='word_1_20' title='bbox 1096 817 1169 886; x_wconf 88' lang='lat' dir='ltr'><strong>et</strong></span> <span class='ocrx_word' id='word_1_21' title='bbox 1226 809 1317 885; x_wconf 86' lang='lat' dir='ltr'><strong>ad</strong></span> <span class='ocrx_word' id='word_1_22' title='bbox 1375 817 1692 885; x_wconf 87' lang='lat' dir='ltr'><strong>castrum</strong></span> <span class='ocrx_word' id='word_1_23' title='bbox 1754 811 2126 885; x_wconf 84' lang='lat' dir='ltr'><strong>Bracciani</strong></span> <span class='ocrx_word' id='word_1_24' title='bbox 2183 812 2409 910; x_wconf 87' lang='lat' dir='ltr'><strong>patris</strong></span> <span class='ocrx_word' id='word_1_25' title='bbox 2464 812 2594 905; x_wconf 42' lang='lat' dir='ltr'><strong>sui·</strong></span> <span class='ocrx_word' id='word_1_26' title='bbox 2633 820 2839 905; x_wconf 83' lang='lat' dir='ltr'><strong>extra</strong></span> 
     </span>
     <span class='ocr_line' id='line_1_4' title="bbox 198 934 2833 1035; baseline 0.002 -28"><span class='ocrx_word' id='word_1_27' title='bbox 198 934 437 1007; x_wconf 82' lang='lat' dir='ltr'><strong>Urbem</strong></span> <span class='ocrx_word' id='word_1_28' title='bbox 480 957 733 1009; x_wconf 88' lang='lat' dir='ltr'><strong>secum</strong></span> <span class='ocrx_word' id='word_1_29' title='bbox 774 936 976 1011; x_wconf 89' lang='lat' dir='ltr'><strong>duxit</strong></span> <span class='ocrx_word' id='word_1_30' title='bbox 1016 944 1090 1011; x_wconf 87' lang='lat' dir='ltr'><strong>et</strong></span> <span class='ocrx_word' id='word_1_31' title='bbox 1131 935 1229 1009; x_wconf 90' lang='lat' dir='ltr'><strong>ibi</strong></span> <span class='ocrx_word' id='word_1_32' title='bbox 1272 942 1349 1010; x_wconf 90' lang='lat' dir='ltr'><strong>ut</strong></span> <span class='ocrx_word' id='word_1_33' title='bbox 1392 936 1711 1035; x_wconf 88' lang='lat' dir='ltr'><strong>captivos</strong></span> <span class='ocrx_word' id='word_1_34' title='bbox 1757 936 2024 1029; x_wconf 89' lang='lat' dir='ltr'><strong>tenuit;</strong></span> <span class='ocrx_word' id='word_1_35' title='bbox 2061 936 2245 1011; x_wconf 89' lang='lat' dir='ltr'><strong>alius</strong></span> <span class='ocrx_word' id='word_1_36' title='bbox 2298 936 2486 1010; x_wconf 90' lang='lat' dir='ltr'><strong>filius</strong></span> <span class='ocrx_word' id='word_1_37' title='bbox 2529 941 2615 1011; x_wconf 90' lang='lat' dir='ltr'><strong>D.</strong></span> <span class='ocrx_word' id='word_1_38' title='bbox 2655 942 2833 1013; x_wconf 86' lang='lat' dir='ltr'><strong>Bar-</strong></span> 
     </span>
     <span class='ocr_line' id='line_1_5' title="bbox 196 1056 2833 1160; baseline 0.003 -30"><span class='ocrx_word' id='word_1_39' title='bbox 196 1056 517 1135; x_wconf 85' lang='lat' dir='ltr'><strong>tholomei</strong></span> <span class='ocrx_word' id='word_1_40' title='bbox 547 1060 625 1133; x_wconf 88' lang='lat' dir='ltr'><strong>in</strong></span> <span class='ocrx_word' id='word_1_41' title='bbox 666 1061 925 1136; x_wconf 88' lang='lat' dir='ltr'><strong>eadem</strong></span> <span class='ocrx_word' id='word_1_42' title='bbox 958 1061 1175 1137; x_wconf 92' lang='lat' dir='ltr'><strong>domo</strong></span> <span class='ocrx_word' id='word_1_43' title='bbox 1208 1062 1526 1137; x_wconf 84' lang='lat' dir='ltr'><strong>existens</strong></span> <span class='ocrx_word' id='word_1_44' title='bbox 1558 1062 1940 1137; x_wconf 80' lang='lat' dir='ltr'>abscondit</span> <span class='ocrx_word' id='word_1_45' title='bbox 1969 1086 2050 1139; x_wconf 91' lang='lat' dir='ltr'><strong>se</strong></span> <span class='ocrx_word' id='word_1_46' title='bbox 2088 1061 2161 1135; x_wconf 89' lang='lat' dir='ltr'><strong>in</strong></span> <span class='ocrx_word' id='word_1_47' title='bbox 2202 1063 2516 1160; x_wconf 88' lang='lat' dir='ltr'><strong>quodam</strong></span> <span class='ocrx_word' id='word_1_48' title='bbox 2545 1063 2833 1138; x_wconf 84' lang='lat' dir='ltr'><strong>camino</strong></span> 
     </span>
     <span class='ocr_line' id='line_1_6' title="bbox 195 1183 1593 1287; baseline 0.004 -32"><span class='ocrx_word' id='word_1_49' title='bbox 195 1183 257 1255; x_wconf 93' lang='lat' dir='ltr'><strong>in</strong></span> <span class='ocrx_word' id='word_1_50' title='bbox 285 1208 419 1281; x_wconf 92' lang='lat' dir='ltr'><strong>quo</strong></span> <span class='ocrx_word' id='word_1_51' title='bbox 450 1186 679 1261; x_wconf 81' lang='lat' dir='ltr'><strong>evasit</strong></span> <span class='ocrx_word' id='word_1_52' title='bbox 709 1188 1131 1287; x_wconf 88' lang='lat' dir='ltr'><strong>hujusmodi</strong></span> <span class='ocrx_word' id='word_1_53' title='bbox 1160 1188 1593 1286; x_wconf 87' lang='lat' dir='ltr'><strong>periculum.</strong></span> 
     </span>
    </p>

    <p class='ocr_par' dir='ltr' id='par_1_3' title="bbox 192 1310 2839 3548">
     <span class='ocr_line' id='line_1_7' title="bbox 276 1310 2835 1411; baseline 0.003 -28"><span class='ocrx_word' id='word_1_54' title='bbox 276 1310 537 1385; x_wconf 91' lang='lat' dir='ltr'><strong>Eodem</strong></span> <span class='ocrx_word' id='word_1_55' title='bbox 580 1335 751 1387; x_wconf 88' lang='lat' dir='ltr'><strong>sero</strong></span> <span class='ocrx_word' id='word_1_56' title='bbox 796 1314 1241 1389; x_wconf 88' lang='lat' dir='ltr'><strong>intraverunt</strong></span> <span class='ocrx_word' id='word_1_57' title='bbox 1288 1314 1553 1391; x_wconf 84' lang='lat' dir='ltr'><strong>Urbem</strong></span> <span class='ocrx_word' id='word_1_58' title='bbox 1596 1337 1727 1411; x_wconf 90' lang='lat' dir='ltr'><strong>per</strong></span> <span class='ocrx_word' id='word_1_59' title='bbox 1764 1317 2049 1411; x_wconf 84' lang='lat' dir='ltr'><strong>portam</strong></span> <span class='ocrx_word' id='word_1_60' title='bbox 2093 1313 2432 1391; x_wconf 88' lang='lat' dir='ltr'><strong>Viridarii</strong></span> <span class='ocrx_word' id='word_1_61' title='bbox 2481 1314 2626 1390; x_wconf 91' lang='lat' dir='ltr'><strong>duo</strong></span> <span class='ocrx_word' id='word_1_62' title='bbox 2672 1339 2835 1390; x_wconf 84' lang='lat' dir='ltr'><strong>ora-</strong></span> 
     </span>
     <span class='ocr_line' id='line_1_8' title="bbox 193 1437 2834 1538; baseline 0.003 -32"><span class='ocrx_word' id='word_1_63' title='bbox 193 1441 361 1510; x_wconf 84' lang='lat' dir='ltr'><strong>tores</strong></span> <span class='ocrx_word' id='word_1_64' title='bbox 402 1437 850 1512; x_wconf 82' lang='lat' dir='ltr'><strong>serenissimi</strong></span> <span class='ocrx_word' id='word_1_65' title='bbox 896 1443 1388 1515; x_wconf 84' lang='lat' dir='ltr'><strong>Romanorum</strong></span> <span class='ocrx_word' id='word_1_66' title='bbox 1428 1440 1619 1537; x_wconf 87' lang='lat' dir='ltr'><strong>regis</strong></span> <span class='ocrx_word' id='word_1_67' title='bbox 1664 1462 1957 1538; x_wconf 88' lang='lat' dir='ltr'><strong>semper</strong></span> <span class='ocrx_word' id='word_1_68' title='bbox 1983 1438 2298 1537; x_wconf 84' lang='lat' dir='ltr'><strong>augusti,</strong></span> <span class='ocrx_word' id='word_1_69' title='bbox 2346 1438 2540 1511; x_wconf 85' lang='lat' dir='ltr'><strong>circa</strong></span> <span class='ocrx_word' id='word_1_70' title='bbox 2578 1437 2834 1513; x_wconf 83' lang='lat' dir='ltr'><strong>horam</strong></span> 
     </span>
     <span class='ocr_line' id='line_1_9' title="bbox 192 1560 2836 1663; baseline 0.003 -32"><span class='ocrx_word' id='word_1_71' title='bbox 192 1560 583 1659; x_wconf 83' lang='lat' dir='ltr'><strong>vigesimam</strong></span> <span class='ocrx_word' id='word_1_72' title='bbox 621 1574 985 1663; x_wconf 86' lang='lat' dir='ltr'><strong>quartam,</strong></span> <span class='ocrx_word' id='word_1_73' title='bbox 1014 1566 1349 1641; x_wconf 83' lang='lat' dir='ltr'><strong>videlicet</strong></span> <span class='ocrx_word' id='word_1_74' title='bbox 1376 1570 1461 1640; x_wconf 90' lang='lat' dir='ltr'><strong>D.</strong></span> <span class='ocrx_word' id='word_1_75' title='bbox 1492 1566 1862 1639; x_wconf 87' lang='lat' dir='ltr'><strong>Jobannes</strong></span> <span class='ocrx_word' id='word_1_76' title='bbox 1891 1562 2415 1663; x_wconf 86' lang='lat' dir='ltr'><strong>Bontacius(1),</strong></span> <span class='ocrx_word' id='word_1_77' title='bbox 2449 1564 2836 1639; x_wconf 86' lang='lat' dir='ltr'><strong>thesaura-</strong></span> 
     </span>
     <span class='ocr_line' id='line_1_10' title="bbox 194 1687 2831 1791; baseline 0.003 -33"><span class='ocrx_word' id='word_1_78' title='bbox 194 1687 317 1761; x_wconf 86' lang='lat' dir='ltr'><strong>rius</strong></span> <span class='ocrx_word' id='word_1_79' title='bbox 332 1692 745 1789; x_wconf 87' lang='lat' dir='ltr'><strong>Burgundie</strong></span> <span class='ocrx_word' id='word_1_80' title='bbox 764 1716 929 1765; x_wconf 88' lang='lat' dir='ltr'><strong>cum</strong></span> <span class='ocrx_word' id='word_1_81' title='bbox 946 1691 1114 1782; x_wconf 88' lang='lat' dir='ltr'><strong>alio,</strong></span> <span class='ocrx_word' id='word_1_82' title='bbox 1132 1692 1299 1768; x_wconf 89' lang='lat' dir='ltr'><strong>ituri</strong></span> <span class='ocrx_word' id='word_1_83' title='bbox 1322 1692 1414 1766; x_wconf 88' lang='lat' dir='ltr'><strong>ad</strong></span> <span class='ocrx_word' id='word_1_84' title='bbox 1427 1691 1687 1791; x_wconf 61' lang='lat' dir='ltr'><strong>{regem</strong></span> <span class='ocrx_word' id='word_1_85' title='bbox 1716 1691 2048 1781; x_wconf 89' lang='lat' dir='ltr'><strong>Francie,</strong></span> <span class='ocrx_word' id='word_1_86' title='bbox 2077 1711 2224 1764; x_wconf 90' lang='lat' dir='ltr'><strong>non</strong></span> <span class='ocrx_word' id='word_1_87' title='bbox 2247 1687 2342 1762; x_wconf 90' lang='lat' dir='ltr'><strong>ad</strong></span> <span class='ocrx_word' id='word_1_88' title='bbox 2361 1688 2782 1787; x_wconf 89' lang='lat' dir='ltr'><strong>pontificem</strong></span> <span class='ocrx_word' id='word_1_89' title='bbox 2811 1718 2831 1767; x_wconf 75' lang='grc' dir='ltr'><strong><em>ε</em></strong></span> 
     </span>
     <span class='ocr_line' id='line_1_11' title="bbox 196 1815 2838 1914; baseline 0.002 -31"><span class='ocrx_word' id='word_1_90' title='bbox 196 1822 514 1889; x_wconf 84' lang='lat' dir='ltr'><strong>venerunt</strong></span> <span class='ocrx_word' id='word_1_91' title='bbox 550 1815 661 1889; x_wconf 89' lang='lat' dir='ltr'><strong>eis</strong></span> <span class='ocrx_word' id='word_1_92' title='bbox 689 1816 976 1892; x_wconf 87' lang='lat' dir='ltr'><strong>obviam</strong></span> <span class='ocrx_word' id='word_1_93' title='bbox 1018 1817 1285 1892; x_wconf 80' lang='lat' dir='ltr'><strong>familie</strong></span> <span class='ocrx_word' id='word_1_94' title='bbox 1316 1818 1723 1914; x_wconf 88' lang='lat' dir='ltr'><strong>aliquorum</strong></span> <span class='ocrx_word' id='word_1_95' title='bbox 1754 1815 2262 1907; x_wconf 80' lang='lat' dir='ltr'><strong>cardinalium,</strong></span> <span class='ocrx_word' id='word_1_96' title='bbox 2297 1821 2561 1889; x_wconf 82' lang='lat' dir='ltr'><strong>etcum</strong></span> <span class='ocrx_word' id='word_1_97' title='bbox 2592 1822 2838 1890; x_wconf 87' lang='lat' dir='ltr'><strong>essent</strong></span> 
     </span>
     <span class='ocr_line' id='line_1_12' title="bbox 196 1928 2836 2040; baseline 0.001 -30"><span class='ocrx_word' id='word_1_98' title='bbox 196 1959 387 2035; x_wconf 87' lang='lat' dir='ltr'><strong>prope</strong></span> <span class='ocrx_word' id='word_1_99' title='bbox 417 1947 725 2037; x_wconf 88' lang='lat' dir='ltr'><strong>pontem</strong></span> <span class='ocrx_word' id='word_1_100' title='bbox 758 1941 907 2016; x_wconf 90' lang='lat' dir='ltr'><strong>sive</strong></span> <span class='ocrx_word' id='word_1_101' title='bbox 951 1942 1397 2040; x_wconf 89' lang='lat' dir='ltr'><strong>ponticulum</strong></span> <span class='ocrx_word' id='word_1_102' title='bbox 1438 1941 1682 2040; x_wconf 86' lang='lat' dir='ltr'><strong>palatii</strong></span> <span class='ocrx_word' id='word_1_103' title='bbox 1722 1940 1812 2015; x_wconf 93' lang='lat' dir='ltr'><strong>de</strong></span> <span class='ocrx_word' id='word_1_104' title='bbox 1855 1940 2220 2037; x_wconf 86' lang='lat' dir='ltr'><strong>Spinellis,</strong></span> <span class='ocrx_word' id='word_1_105' title='bbox 2257 1942 2448 2037; x_wconf 86' lang='lat' dir='ltr'><strong>Papa</strong></span> <span class='ocrx_word' id='word_1_106' title='bbox 2481 1962 2567 2015; x_wconf 84' lang='lat' dir='ltr'><strong>ex</strong></span> <span class='ocrx_word' id='word_1_107' title='bbox 2599 1928 2836 2013; x_wconf 71' lang='lat' dir='ltr'><strong>castr&#39;o</strong></span> 
     </span>
     <span class='ocr_line' id='line_1_13' title="bbox 200 2060 2836 2167; baseline -0.001 -30"><span class='ocrx_word' id='word_1_108' title='bbox 200 2086 247 2133; x_wconf 84' lang='lat' dir='ltr'><strong>s.</strong></span> <span class='ocrx_word' id='word_1_109' title='bbox 290 2064 531 2162; x_wconf 84' lang='lat' dir='ltr'><strong>Angeli</strong></span> <span class='ocrx_word' id='word_1_110' title='bbox 582 2090 718 2164; x_wconf 91' lang='lat' dir='ltr'><strong>per</strong></span> <span class='ocrx_word' id='word_1_111' title='bbox 760 2066 947 2141; x_wconf 86' lang='lat' dir='ltr'><strong>viam</strong></span> <span class='ocrx_word' id='word_1_112' title='bbox 995 2071 1305 2167; x_wconf 84' lang='lat' dir='ltr'><strong>Sposate</strong></span> <span class='ocrx_word' id='word_1_113' title='bbox 1344 2067 1670 2159; x_wconf 80' lang='lat' dir='ltr'><strong>venienS,</strong></span> <span class='ocrx_word' id='word_1_114' title='bbox 1720 2090 1849 2143; x_wconf 91' lang='lat' dir='ltr'><strong>eos</strong></span> <span class='ocrx_word' id='word_1_115' title='bbox 1893 2090 2024 2163; x_wconf 91' lang='lat' dir='ltr'><strong>per</strong></span> <span class='ocrx_word' id='word_1_116' title='bbox 2069 2063 2341 2139; x_wconf 84' lang='lat' dir='ltr'><strong>dictum</strong></span> <span class='ocrx_word' id='word_1_117' title='bbox 2387 2060 2836 2160; x_wconf 88' lang='lat' dir='ltr'><strong>ponticulum</strong></span> 
     </span>
     <span class='ocr_line' id='line_1_14' title="bbox 200 2187 2838 2293; baseline 0 -33"><span class='ocrx_word' id='word_1_118' title='bbox 200 2191 535 2283; x_wconf 80' lang='lat' dir='ltr'><strong>precessit,</strong></span> <span class='ocrx_word' id='word_1_119' title='bbox 576 2214 667 2266; x_wconf 86' lang='lat' dir='ltr'><strong>ac</strong></span> <span class='ocrx_word' id='word_1_120' title='bbox 700 2192 875 2291; x_wconf 89' lang='lat' dir='ltr'><strong>ipsis</strong></span> <span class='ocrx_word' id='word_1_121' title='bbox 920 2192 1190 2268; x_wconf 89' lang='lat' dir='ltr'><strong>ibidem</strong></span> <span class='ocrx_word' id='word_1_122' title='bbox 1230 2201 1619 2293; x_wconf 86' lang='lat' dir='ltr'><strong>propterea</strong></span> <span class='ocrx_word' id='word_1_123' title='bbox 1650 2216 1728 2267; x_wconf 92' lang='lat' dir='ltr'><strong>se</strong></span> <span class='ocrx_word' id='word_1_124' title='bbox 1760 2188 2621 2266; x_wconf 84' lang='lat' dir='ltr'><strong>firmantibusbenedixit</strong></span> <span class='ocrx_word' id='word_1_125' title='bbox 2659 2187 2838 2270; x_wconf 88' lang='lat' dir='ltr'><strong>nihil</strong></span> 
     </span>
     <span class='ocr_line' id='line_1_15' title="bbox 202 2310 2839 2416; baseline 0 -31"><span class='ocrx_word' id='word_1_126' title='bbox 202 2310 441 2408; x_wconf 87' lang='lat' dir='ltr'><strong>dicens,</strong></span> <span class='ocrx_word' id='word_1_127' title='bbox 496 2318 588 2391; x_wconf 89' lang='lat' dir='ltr'><strong>ad</strong></span> <span class='ocrx_word' id='word_1_128' title='bbox 616 2318 971 2415; x_wconf 85' lang='lat' dir='ltr'><strong>palatium</strong></span> <span class='ocrx_word' id='word_1_129' title='bbox 1021 2342 1232 2393; x_wconf 90' lang='lat' dir='ltr'><strong>suum</strong></span> <span class='ocrx_word' id='word_1_130' title='bbox 1286 2319 1662 2416; x_wconf 81' lang='lat' dir='ltr'><strong>equitans3</strong></span> <span class='ocrx_word' id='word_1_131' title='bbox 1717 2323 2069 2393; x_wconf 85' lang='lat' dir='ltr'><strong>venerunt</strong></span> <span class='ocrx_word' id='word_1_132' title='bbox 2124 2314 2344 2391; x_wconf 87' lang='lat' dir='ltr'><strong>etiam</strong></span> <span class='ocrx_word' id='word_1_133' title='bbox 2397 2314 2502 2388; x_wconf 88' lang='lat' dir='ltr'><strong>eis</strong></span> <span class='ocrx_word' id='word_1_134' title='bbox 2557 2312 2839 2388; x_wconf 82' lang='lat' dir='ltr'><strong>obviam</strong></span> 
     </span>
     <span class='ocr_line' id='line_1_16' title="bbox 206 2438 2838 2542; baseline -0.001 -30"><span class='ocrx_word' id='word_1_135' title='bbox 206 2438 434 2514; x_wconf 87' lang='lat' dir='ltr'><strong>domini</strong></span> <span class='ocrx_word' id='word_1_136' title='bbox 463 2443 727 2540; x_wconf 82' lang='lat' dir='ltr'><strong>prelati</strong></span> <span class='ocrx_word' id='word_1_137' title='bbox 758 2444 1000 2542; x_wconf 86' lang='lat' dir='ltr'><strong>palatii</strong></span> <span class='ocrx_word' id='word_1_138' title='bbox 1038 2467 1205 2518; x_wconf 89' lang='lat' dir='ltr'><strong>cum</strong></span> <span class='ocrx_word' id='word_1_139' title='bbox 1242 2451 1446 2542; x_wconf 82' lang='lat' dir='ltr'><strong>parte</strong></span> <span class='ocrx_word' id='word_1_140' title='bbox 1486 2443 1755 2519; x_wconf 79' lang='lat' dir='ltr'><strong>familie</strong></span> <span class='ocrx_word' id='word_1_141' title='bbox 1798 2448 1991 2541; x_wconf 87' lang='lat' dir='ltr'><strong>Pape</strong></span> <span class='ocrx_word' id='word_1_142' title='bbox 2033 2444 2219 2517; x_wconf 85' lang='lat' dir='ltr'><strong>intra</strong></span> <span class='ocrx_word' id='word_1_143' title='bbox 2251 2440 2522 2515; x_wconf 88' lang='lat' dir='ltr'><strong>dictam</strong></span> <span class='ocrx_word' id='word_1_144' title='bbox 2554 2442 2838 2535; x_wconf 85' lang='lat' dir='ltr'><strong>portam</strong></span> 
     </span>
     <span class='ocr_line' id='line_1_17' title="bbox 206 2563 2835 2667; baseline -0.003 -26"><span class='ocrx_word' id='word_1_145' title='bbox 206 2564 521 2661; x_wconf 72' lang='lat' dir='ltr'><strong>viridarii,</strong></span> <span class='ocrx_word' id='word_1_146' title='bbox 559 2570 691 2667; x_wconf 92' lang='lat' dir='ltr'><strong>qui</strong></span> <span class='ocrx_word' id='word_1_147' title='bbox 724 2594 851 2643; x_wconf 92' lang='lat' dir='ltr'><strong>eos</strong></span> <span class='ocrx_word' id='word_1_148' title='bbox 883 2594 1024 2643; x_wconf 87' lang='lat' dir='ltr'><strong>una</strong></span> <span class='ocrx_word' id='word_1_149' title='bbox 1061 2594 1227 2645; x_wconf 92' lang='lat' dir='ltr'><strong>cum</strong></span> <span class='ocrx_word' id='word_1_150' title='bbox 1256 2571 1529 2645; x_wconf 83' lang='lat' dir='ltr'><strong>familia</strong></span> <span class='ocrx_word' id='word_1_151' title='bbox 1558 2570 2034 2647; x_wconf 84' lang='lat' dir='ltr'><strong>cardinalium</strong></span> <span class='ocrx_word' id='word_1_152' title='bbox 2065 2566 2336 2643; x_wconf 87' lang='lat' dir='ltr'><strong>ibidem</strong></span> <span class='ocrx_word' id='word_1_153' title='bbox 2367 2563 2835 2641; x_wconf 85' lang='lat' dir='ltr'><strong>existentium</strong></span> 
     </span>
     <span class='ocr_line' id='line_1_18' title="bbox 207 2687 2836 2794; baseline -0.002 -31"><span class='ocrx_word' id='word_1_154' title='bbox 207 2694 609 2769; x_wconf 77' lang='lat' dir='ltr'><strong>associarunt</strong></span> <span class='ocrx_word' id='word_1_155' title='bbox 638 2718 875 2792; x_wconf 89' lang='lat' dir='ltr'><strong>usque</strong></span> <span class='ocrx_word' id='word_1_156' title='bbox 923 2697 1012 2771; x_wconf 87' lang='lat' dir='ltr'><strong>ad</strong></span> <span class='ocrx_word' id='word_1_157' title='bbox 1040 2696 1385 2794; x_wconf 85' lang='lat' dir='ltr'><strong>palatium</strong></span> <span class='ocrx_word' id='word_1_158' title='bbox 1430 2697 1619 2770; x_wconf 91' lang='lat' dir='ltr'><strong>Rmi.</strong></span> <span class='ocrx_word' id='word_1_159' title='bbox 1678 2700 1764 2770; x_wconf 92' lang='lat' dir='ltr'><strong>D.</strong></span> <span class='ocrx_word' id='word_1_160' title='bbox 1804 2695 2097 2771; x_wconf 90' lang='lat' dir='ltr'><strong>Ascanii</strong></span> <span class='ocrx_word' id='word_1_161' title='bbox 2130 2688 2725 2779; x_wconf 85' lang='lat' dir='ltr'><strong>vicecancellarii,</strong></span> <span class='ocrx_word' id='word_1_162' title='bbox 2763 2687 2836 2759; x_wconf 92' lang='lat' dir='ltr'><strong>in</strong></span> 
     </span>
     <span class='ocr_line' id='line_1_19' title="bbox 208 2821 2835 2923; baseline -0.001 -34"><span class='ocrx_word' id='word_1_163' title='bbox 208 2838 319 2913; x_wconf 86' lang='lat' dir='ltr'><strong>quo</strong></span> <span class='ocrx_word' id='word_1_164' title='bbox 358 2827 513 2923; x_wconf 81' lang='lat' dir='ltr'><strong>sunt</strong></span> <span class='ocrx_word' id='word_1_165' title='bbox 552 2821 933 2920; x_wconf 86' lang='lat' dir='ltr'><strong>hospitati.</strong></span> <span class='ocrx_word' id='word_1_166' title='bbox 979 2822 1123 2920; x_wconf 90' lang='lat' dir='ltr'><strong>Ipsi</strong></span> <span class='ocrx_word' id='word_1_167' title='bbox 1165 2822 1307 2898; x_wconf 93' lang='lat' dir='ltr'><strong>duo</strong></span> <span class='ocrx_word' id='word_1_168' title='bbox 1348 2830 1673 2898; x_wconf 87' lang='lat' dir='ltr'><strong>oratores</strong></span> <span class='ocrx_word' id='word_1_169' title='bbox 1718 2821 2130 2920; x_wconf 78' lang='lat' dir='ltr'><strong>equitarunt</strong></span> <span class='ocrx_word' id='word_1_170' title='bbox 2169 2826 2244 2895; x_wconf 94' lang='lat' dir='ltr'><strong>et</strong></span> <span class='ocrx_word' id='word_1_171' title='bbox 2286 2822 2451 2916; x_wconf 89' lang='lat' dir='ltr'><strong>post</strong></span> <span class='ocrx_word' id='word_1_172' title='bbox 2497 2838 2625 2890; x_wconf 89' lang='lat' dir='ltr'><strong>eos</strong></span> <span class='ocrx_word' id='word_1_173' title='bbox 2667 2834 2835 2910; x_wconf 88' lang='lat' dir='ltr'><strong>pre—</strong></span> 
     </span>
     <span class='ocr_line' id='line_1_20' title="bbox 207 2939 2833 3045; baseline -0 -33"><span class='ocrx_word' id='word_1_174' title='bbox 207 2940 329 3035; x_wconf 83' lang='lat' dir='ltr'><strong>lati,</strong></span> <span class='ocrx_word' id='word_1_175' title='bbox 370 2953 442 3020; x_wconf 88' lang='lat' dir='ltr'><strong>ut</strong></span> <span class='ocrx_word' id='word_1_176' title='bbox 480 2947 835 3037; x_wconf 79' lang='lat' dir='ltr'><strong>intellexi,</strong></span> <span class='ocrx_word' id='word_1_177' title='bbox 884 2948 1053 3045; x_wconf 87' lang='lat' dir='ltr'><strong>quia</strong></span> <span class='ocrx_word' id='word_1_178' title='bbox 1082 2971 1337 3024; x_wconf 90' lang='lat' dir='ltr'><strong>eorum</strong></span> <span class='ocrx_word' id='word_1_179' title='bbox 1368 2948 1678 3023; x_wconf 84' lang='lat' dir='ltr'><strong>adventu</strong></span> <span class='ocrx_word' id='word_1_180' title='bbox 1708 2948 2032 3045; x_wconf 88' lang='lat' dir='ltr'><strong>ignarus,</strong></span> <span class='ocrx_word' id='word_1_181' title='bbox 2077 2969 2222 3019; x_wconf 91' lang='lat' dir='ltr'><strong>non</strong></span> <span class='ocrx_word' id='word_1_182' title='bbox 2265 2941 2582 3019; x_wconf 83' lang='lat' dir='ltr'><strong>interfui.</strong></span> <span class='ocrx_word' id='word_1_183' title='bbox 2633 2939 2833 3013; x_wconf 92' lang='lat' dir='ltr'><strong>Idem</strong></span> 
     </span>
     <span class='ocr_line' id='line_1_21' title="bbox 212 3070 2834 3166; baseline -0.001 -27"><span class='ocrx_word' id='word_1_184' title='bbox 212 3076 489 3147; x_wconf 85' lang='lat' dir='ltr'><strong>oratores</strong></span> <span class='ocrx_word' id='word_1_185' title='bbox 526 3080 995 3149; x_wconf 88' lang='lat' dir='ltr'><strong>recesserunt</strong></span> <span class='ocrx_word' id='word_1_186' title='bbox 1066 3098 1157 3148; x_wconf 86' lang='lat' dir='ltr'><strong>ex</strong></span> <span class='ocrx_word' id='word_1_187' title='bbox 1222 3073 1411 3149; x_wconf 88' lang='lat' dir='ltr'><strong>Urbe</strong></span> <span class='ocrx_word' id='word_1_188' title='bbox 1468 3072 1836 3147; x_wconf 86' lang='lat' dir='ltr'><strong>dominica</strong></span> <span class='ocrx_word' id='word_1_189' title='bbox 1883 3076 1914 3145; x_wconf 87' lang='lat'>1</span> <span class='ocrx_word' id='word_1_190' title='bbox 1967 3070 2307 3147; x_wconf 84' lang='lat' dir='ltr'><strong>februarii</strong></span> <span class='ocrx_word' id='word_1_191' title='bbox 2379 3074 2543 3166; x_wconf 89' lang='lat' dir='ltr'><strong>post</strong></span> <span class='ocrx_word' id='word_1_192' title='bbox 2615 3088 2834 3164; x_wconf 80' lang='lat' dir='ltr'><strong>pran-</strong></span> 
     </span>
     <span class='ocr_line' id='line_1_22' title="bbox 214 3190 2834 3297; baseline -0.001 -32"><span class='ocrx_word' id='word_1_193' title='bbox 214 3190 399 3287; x_wconf 87' lang='lat' dir='ltr'><strong>dium,</strong></span> <span class='ocrx_word' id='word_1_194' title='bbox 432 3206 501 3273; x_wconf 88' lang='lat' dir='ltr'><strong>et</strong></span> <span class='ocrx_word' id='word_1_195' title='bbox 544 3222 719 3273; x_wconf 91' lang='lat' dir='ltr'><strong>cum</strong></span> <span class='ocrx_word' id='word_1_196' title='bbox 764 3198 871 3273; x_wconf 90' lang='lat' dir='ltr'><strong>eis</strong></span> <span class='ocrx_word' id='word_1_197' title='bbox 907 3202 1059 3272; x_wconf 90' lang='lat' dir='ltr'><strong>DD.</strong></span> <span class='ocrx_word' id='word_1_198' title='bbox 1104 3198 1587 3297; x_wconf 84' lang='lat' dir='ltr'><strong>Hieronymus</strong></span> <span class='ocrx_word' id='word_1_199' title='bbox 1620 3196 2025 3288; x_wconf 85' lang='lat' dir='ltr'><strong>Porcarius,</strong></span> <span class='ocrx_word' id='word_1_200' title='bbox 2059 3196 2376 3271; x_wconf 86' lang='lat' dir='ltr'><strong>decanus</strong></span> <span class='ocrx_word' id='word_1_201' title='bbox 2419 3192 2834 3267; x_wconf 88' lang='lat' dir='ltr'><strong>auditorum</strong></span> 
     </span>
     <span class='ocr_line' id='line_1_23' title="bbox 218 3318 2832 3414; baseline -0 -24"><span class='ocrx_word' id='word_1_202' title='bbox 218 3326 365 3411; x_wconf 86' lang='lat' dir='ltr'><strong>rote,</strong></span> <span class='ocrx_word' id='word_1_203' title='bbox 395 3325 792 3398; x_wconf 77' lang='lat' dir='ltr'><strong>Coronatus</strong></span> <span class='ocrx_word' id='word_1_204' title='bbox 835 3322 925 3399; x_wconf 94' lang='lat' dir='ltr'><strong>de</strong></span> <span class='ocrx_word' id='word_1_205' title='bbox 956 3324 1250 3414; x_wconf 91' lang='lat' dir='ltr'><strong>Planca,</strong></span> <span class='ocrx_word' id='word_1_206' title='bbox 1299 3322 1705 3398; x_wconf 87' lang='lat' dir='ltr'><strong>auditorum</strong></span> <span class='ocrx_word' id='word_1_207' title='bbox 1736 3320 2321 3396; x_wconf 87' lang='lat' dir='ltr'><strong>consistorialum</strong></span> <span class='ocrx_word' id='word_1_208' title='bbox 2365 3318 2711 3407; x_wconf 84' lang='lat' dir='ltr'><strong>decanus,</strong></span> <span class='ocrx_word' id='word_1_209' title='bbox 2760 3321 2832 3390; x_wconf 87' lang='lat' dir='ltr'><strong>et</strong></span> 
     </span>
     <span class='ocr_line' id='line_1_24' title="bbox 214 3441 2831 3548; baseline 0 -33"><span class='ocrx_word' id='word_1_210' title='bbox 214 3444 477 3523; x_wconf 82' lang='lat' dir='ltr'><strong>Jacobus</strong></span> <span class='ocrx_word' id='word_1_211' title='bbox 522 3450 613 3526; x_wconf 90' lang='lat' dir='ltr'><strong>de</strong></span> <span class='ocrx_word' id='word_1_212' title='bbox 676 3449 1091 3541; x_wconf 79' lang='lat' dir='ltr'><strong>Sinibalbis,</strong></span> <span class='ocrx_word' id='word_1_213' title='bbox 1145 3449 1493 3548; x_wconf 84' lang='lat' dir='ltr'><strong>magister</strong></span> <span class='ocrx_word' id='word_1_214' title='bbox 1536 3447 1842 3547; x_wconf 89' lang='lat' dir='ltr'><strong>plumbi,</strong></span> <span class='ocrx_word' id='word_1_215' title='bbox 1895 3446 2063 3522; x_wconf 90' lang='lat' dir='ltr'><strong>ituri</strong></span> <span class='ocrx_word' id='word_1_216' title='bbox 2107 3446 2200 3522; x_wconf 85' lang='lat' dir='ltr'><strong>ad</strong></span> <span class='ocrx_word' id='word_1_217' title='bbox 2241 3450 2491 3543; x_wconf 81' lang='lat' dir='ltr'><strong>regem</strong></span> <span class='ocrx_word' id='word_1_218' title='bbox 2529 3441 2831 3517; x_wconf 79' lang='lat' dir='ltr'><strong>Francis</strong></span> 
     </span>
    </p>
   </div>
   <div class='ocr_carea' id='block_1_3' title="bbox 217 3706 2834 4239">
    <p class='ocr_par' dir='ltr' id='par_1_4' title="bbox 217 3706 2834 4239">
     <span class='ocr_line' id='line_1_25' title="bbox 217 3706 2833 3791; baseline -0.001 -24"><span class='ocrx_word' id='word_1_219' title='bbox 217 3710 383 3768; x_wconf 69' lang='lat' dir='ltr'><strong>ess-ersi</strong></span> <span class='ocrx_word' id='word_1_220' title='bbox 410 3714 601 3787; x_wconf 79' lang='lat' dir='ltr'><strong>partito</strong></span> <span class='ocrx_word' id='word_1_221' title='bbox 630 3733 737 3773; x_wconf 86' lang='lat' dir='ltr'><strong>con</strong></span> <span class='ocrx_word' id='word_1_222' title='bbox 772 3732 875 3772; x_wconf 86' lang='lat' dir='ltr'><strong>sua</strong></span> <span class='ocrx_word' id='word_1_223' title='bbox 918 3720 1115 3789; x_wconf 83' lang='lat' dir='ltr'><strong>saputa</strong></span> <span class='ocrx_word' id='word_1_224' title='bbox 1146 3732 1161 3771; x_wconf 90' lang='lat'><strong>:</strong></span> <span class='ocrx_word' id='word_1_225' title='bbox 1198 3720 1255 3771; x_wconf 86' lang='lat' dir='ltr'><strong>et</strong></span> <span class='ocrx_word' id='word_1_226' title='bbox 1280 3714 1383 3771; x_wconf 87' lang='lat' dir='ltr'><strong>che</strong></span> <span class='ocrx_word' id='word_1_227' title='bbox 1411 3720 1441 3771; x_wconf 73' lang='grc' dir='ltr'>ὸ</span> <span class='ocrx_word' id='word_1_228' title='bbox 1479 3734 1577 3791; x_wconf 83' lang='lat' dir='ltr'><strong>per</strong></span> <span class='ocrx_word' id='word_1_229' title='bbox 1612 3716 1723 3773; x_wconf 81' lang='lat' dir='ltr'><strong>fare</strong></span> <span class='ocrx_word' id='word_1_230' title='bbox 1761 3720 1908 3772; x_wconf 84' lang='lat' dir='ltr'><strong>tucte</strong></span> <span class='ocrx_word' id='word_1_231' title='bbox 1946 3712 2126 3789; x_wconf 86' lang='lat' dir='ltr'><strong>quelle</strong></span> <span class='ocrx_word' id='word_1_232' title='bbox 2155 3706 2612 3770; x_wconf 74' lang='lat' dir='ltr'><strong>demonstrationi</strong></span> <span class='ocrx_word' id='word_1_233' title='bbox 2653 3710 2756 3766; x_wconf 85' lang='lat' dir='ltr'><strong>che</strong></span> <span class='ocrx_word' id='word_1_234' title='bbox 2783 3706 2833 3765; x_wconf 85' lang='lat' dir='ltr'><strong>el</strong></span> 
     </span>
     <span class='ocr_line' id='line_1_26' title="bbox 218 3796 2834 3881; baseline 0.001 -28"><span class='ocrx_word' id='word_1_235' title='bbox 218 3796 633 3862; x_wconf 76' lang='lat' dir='ltr'><strong>christianissimo</strong></span> <span class='ocrx_word' id='word_1_236' title='bbox 672 3805 755 3865; x_wconf 80' lang='lat' dir='ltr'><strong>Re</strong></span> <span class='ocrx_word' id='word_1_237' title='bbox 796 3809 961 3881; x_wconf 69' lang='lat' dir='ltr'><strong>sopra</strong></span> <span class='ocrx_word' id='word_1_238' title='bbox 994 3804 1365 3876; x_wconf 82' lang='lat' dir='ltr'><strong>adimaudare,</strong></span> <span class='ocrx_word' id='word_1_239' title='bbox 1398 3805 1519 3862; x_wconf 89' lang='lat' dir='ltr'><strong>sino</strong></span> <span class='ocrx_word' id='word_1_240' title='bbox 1557 3825 1591 3863; x_wconf 85' lang='lat' dir='ltr'><strong>a</strong></span> <span class='ocrx_word' id='word_1_241' title='bbox 1626 3805 1811 3862; x_wconf 78' lang='lat' dir='ltr'><strong>venire</strong></span> <span class='ocrx_word' id='word_1_242' title='bbox 1853 3804 1930 3863; x_wconf 87' lang='lat' dir='ltr'><strong>lui</strong></span> <span class='ocrx_word' id='word_1_243' title='bbox 1967 3804 2025 3859; x_wconf 88' lang='lat' dir='ltr'><strong>in</strong></span> <span class='ocrx_word' id='word_1_244' title='bbox 2063 3820 2302 3877; x_wconf 82' lang='lat' dir='ltr'><strong>persona</strong></span> <span class='ocrx_word' id='word_1_245' title='bbox 2345 3820 2358 3858; x_wconf 90' lang='lat'>:</span> <span class='ocrx_word' id='word_1_246' title='bbox 2397 3808 2453 3859; x_wconf 88' lang='lat' dir='ltr'><strong>et</strong></span> <span class='ocrx_word' id='word_1_247' title='bbox 2491 3804 2606 3858; x_wconf 78' lang='lat' dir='ltr'><strong>cosi</strong></span> <span class='ocrx_word' id='word_1_248' title='bbox 2634 3804 2834 3874; x_wconf 75' lang='lat' dir='ltr'><strong>questa</strong></span> 
     </span>
     <span class='ocr_line' id='line_1_27' title="bbox 221 3888 2830 3971; baseline -0.001 -24"><span class='ocrx_word' id='word_1_249' title='bbox 221 3903 321 3944; x_wconf 78' lang='lat' dir='ltr'><strong>cosa</strong></span> <span class='ocrx_word' id='word_1_250' title='bbox 344 3888 389 3947; x_wconf 82' lang='lat' dir='ltr'><strong>la</strong></span> <span class='ocrx_word' id='word_1_251' title='bbox 411 3894 565 3966; x_wconf 78' lang='lat' dir='ltr'><strong>quale</strong></span> <span class='ocrx_word' id='word_1_252' title='bbox 602 3900 633 3952; x_wconf 77' lang='lat' dir='ltr'><strong>e</strong></span> <span class='ocrx_word' id='word_1_253' title='bbox 667 3896 724 3952; x_wconf 88' lang='lat' dir='ltr'><strong>di</strong></span> <span class='ocrx_word' id='word_1_254' title='bbox 760 3894 1131 3969; x_wconf 82' lang='lat' dir='ltr'><strong>grandissima</strong></span> <span class='ocrx_word' id='word_1_255' title='bbox 1168 3896 1536 3971; x_wconf 79' lang='lat' dir='ltr'><strong>importantia,</strong></span> <span class='ocrx_word' id='word_1_256' title='bbox 1568 3896 1658 3952; x_wconf 89' lang='lat' dir='ltr'><strong>chi</strong></span> <span class='ocrx_word' id='word_1_257' title='bbox 1685 3895 1738 3952; x_wconf 86' lang='lat' dir='ltr'><strong>la</strong></span> <span class='ocrx_word' id='word_1_258' title='bbox 1764 3893 2056 3952; x_wconf 83' lang='lat' dir='ltr'><strong>considera</strong></span> <span class='ocrx_word' id='word_1_259' title='bbox 2083 3895 2244 3963; x_wconf 86' lang='lat' dir='ltr'><strong>bene,</strong></span> <span class='ocrx_word' id='word_1_260' title='bbox 2279 3909 2340 3949; x_wconf 82' lang='lat' dir='ltr'><strong>se</strong></span> <span class='ocrx_word' id='word_1_261' title='bbox 2367 3892 2630 3948; x_wconf 74' lang='lat' dir='ltr'><strong>n&#39;andera</strong></span> <span class='ocrx_word' id='word_1_262' title='bbox 2652 3888 2711 3946; x_wconf 88' lang='lat' dir='ltr'><strong>in</strong></span> <span class='ocrx_word' id='word_1_263' title='bbox 2739 3907 2830 3945; x_wconf 86' lang='lat' dir='ltr'><strong>ce·</strong></span> 
     </span>
     <span class='ocr_line' id='line_1_28' title="bbox 222 3975 2833 4061; baseline -0 -28"><span class='ocrx_word' id='word_1_264' title='bbox 222 3975 431 4053; x_wconf 76' lang='lat' dir='ltr'><strong>rimoni03</strong></span> <span class='ocrx_word' id='word_1_265' title='bbox 458 3990 511 4041; x_wconf 88' lang='lat' dir='ltr'><strong>et</strong></span> <span class='ocrx_word' id='word_1_266' title='bbox 538 3984 664 4042; x_wconf 85' lang='lat' dir='ltr'><strong>dall&#39;</strong></span> <span class='ocrx_word' id='word_1_267' title='bbox 706 4003 816 4043; x_wconf 89' lang='lat' dir='ltr'><strong>uno</strong></span> <span class='ocrx_word' id='word_1_268' title='bbox 854 3993 1016 4044; x_wconf 83' lang='lat' dir='ltr'><strong>canto</strong></span> <span class='ocrx_word' id='word_1_269' title='bbox 1056 4004 1183 4061; x_wconf 84' lang='lat' dir='ltr'><strong>pare</strong></span> <span class='ocrx_word' id='word_1_270' title='bbox 1224 3986 1391 4044; x_wconf 89' lang='lat' dir='ltr'><strong>molto</strong></span> <span class='ocrx_word' id='word_1_271' title='bbox 1431 3986 1681 4057; x_wconf 84' lang='lat' dir='ltr'><strong>stimata;</strong></span> <span class='ocrx_word' id='word_1_272' title='bbox 1712 3981 1837 4042; x_wconf 80' lang='lat' dir='ltr'><strong>dall’</strong></span> <span class='ocrx_word' id='word_1_273' title='bbox 1877 3982 2015 4041; x_wconf 86' lang='lat' dir='ltr'><strong>altro</strong></span> <span class='ocrx_word' id='word_1_274' title='bbox 2055 3999 2166 4040; x_wconf 90' lang='lat' dir='ltr'><strong>non</strong></span> <span class='ocrx_word' id='word_1_275' title='bbox 2206 3983 2277 4038; x_wconf 83' lang='lat' dir='ltr'><strong>ha</strong></span> <span class='ocrx_word' id='word_1_276' title='bbox 2318 3980 2496 4055; x_wconf 89' lang='lat' dir='ltr'><strong>quelle</strong></span> <span class='ocrx_word' id='word_1_277' title='bbox 2535 3975 2833 4054; x_wconf 89' lang='lat' dir='ltr'><strong>provisioni</strong></span> 
     </span>
     <span class='ocr_line' id='line_1_29' title="bbox 223 4060 2834 4151; baseline 0 -30"><span class='ocrx_word' id='word_1_278' title='bbox 223 4063 299 4121; x_wconf 79' lang='lat' dir='ltr'><strong>che</strong></span> <span class='ocrx_word' id='word_1_279' title='bbox 328 4070 663 4131; x_wconf 86' lang='lat' dir='ltr'><strong>meriterabbe</strong></span> <span class='ocrx_word' id='word_1_280' title='bbox 699 4073 923 4147; x_wconf 84' lang='lat' dir='ltr'><strong>quando</strong></span> <span class='ocrx_word' id='word_1_281' title='bbox 959 4074 1101 4132; x_wconf 87' lang='lat' dir='ltr'><strong>fussi</strong></span> <span class='ocrx_word' id='word_1_282' title='bbox 1138 4076 1377 4135; x_wconf 79' lang='lat' dir='ltr'><strong>indicata</strong></span> <span class='ocrx_word' id='word_1_283' title='bbox 1414 4076 1737 4151; x_wconf 83' lang='lat' dir='ltr'><strong>importante</strong></span> <span class='ocrx_word' id='word_1_284' title='bbox 1778 4093 1793 4132; x_wconf 90' lang='lat'>:</span> <span class='ocrx_word' id='word_1_285' title='bbox 1837 4074 1906 4131; x_wconf 90' lang='lat' dir='ltr'><strong>Di</strong></span> <span class='ocrx_word' id='word_1_286' title='bbox 1942 4076 2046 4131; x_wconf 85' lang='lat' dir='ltr'><strong>che</strong></span> <span class='ocrx_word' id='word_1_287' title='bbox 2087 4071 2272 4148; x_wconf 87' lang='lat' dir='ltr'><strong>questi</strong></span> <span class='ocrx_word' id='word_1_288' title='bbox 2310 4060 2426 4143; x_wconf 72' lang='lat' dir='ltr'><strong>Sigi</strong></span> <span class='ocrx_word' id='word_1_289' title='bbox 2465 4066 2742 4127; x_wconf 80' lang='lat' dir='ltr'><strong>Cardinali</strong></span> <span class='ocrx_word' id='word_1_290' title='bbox 2778 4071 2834 4122; x_wconf 78' lang='lat' dir='ltr'><strong>et</strong></span> 
     </span>
     <span class='ocr_line' id='line_1_30' title="bbox 226 4148 2828 4239; baseline 0.001 -32"><span class='ocrx_word' id='word_1_291' title='bbox 226 4148 468 4215; x_wconf 85' lang='lat' dir='ltr'><strong>Colonnesi</strong></span> <span class='ocrx_word' id='word_1_292' title='bbox 508 4179 615 4218; x_wconf 89' lang='lat' dir='ltr'><strong>non</strong></span> <span class='ocrx_word' id='word_1_293' title='bbox 652 4180 722 4219; x_wconf 91' lang='lat' dir='ltr'><strong>ne</strong></span> <span class='ocrx_word' id='word_1_294' title='bbox 772 4170 969 4221; x_wconf 80' lang='lat' dir='ltr'><strong>stanno</strong></span> <span class='ocrx_word' id='word_1_295' title='bbox 1014 4172 1188 4239; x_wconf 90' lang='lat' dir='ltr'><strong>punto</strong></span> <span class='ocrx_word' id='word_1_296' title='bbox 1236 4165 1522 4235; x_wconf 83' lang='lat' dir='ltr'><strong>satisfacti,</strong></span> <span class='ocrx_word' id='word_1_297' title='bbox 1578 4172 1632 4222; x_wconf 89' lang='lat' dir='ltr'><strong>et</strong></span> <span class='ocrx_word' id='word_1_298' title='bbox 1675 4164 1754 4222; x_wconf 89' lang='lat' dir='ltr'><strong>sel</strong></span> <span class='ocrx_word' id='word_1_299' title='bbox 1788 4163 1872 4220; x_wconf 88' lang='lat' dir='ltr'><strong>Re</strong></span> <span class='ocrx_word' id='word_1_300' title='bbox 1923 4181 2034 4220; x_wconf 90' lang='lat' dir='ltr'><strong>non</strong></span> <span class='ocrx_word' id='word_1_301' title='bbox 2084 4162 2286 4217; x_wconf 81' lang='lat' dir='ltr'><strong>manda</strong></span> <span class='ocrx_word' id='word_1_302' title='bbox 2332 4177 2365 4216; x_wconf 97' lang='lat' dir='ltr'><strong>o</strong></span> <span class='ocrx_word' id='word_1_303' title='bbox 2410 4176 2521 4215; x_wconf 89' lang='lat' dir='ltr'><strong>non</strong></span> <span class='ocrx_word' id='word_1_304' title='bbox 2565 4164 2724 4214; x_wconf 84' lang='lat' dir='ltr'><strong>torna</strong></span> <span class='ocrx_word' id='word_1_305' title='bbox 2773 4154 2828 4210; x_wconf 88' lang='lat' dir='ltr'><strong>in</strong></span> 
     </span>
    </p>
   </div>
   <div class='ocr_carea' id='block_1_4' title="bbox 228 4243 2834 4420">
    <p class='ocr_par' dir='ltr' id='par_1_5' title="bbox 228 4243 2834 4420">
     <span class='ocr_line' id='line_1_31' title="bbox 228 4243 2832 4331; baseline 0.001 -31"><span class='ocrx_word' id='word_1_306' title='bbox 228 4246 353 4303; x_wconf 89' lang='lat' dir='ltr'><strong>modo</strong></span> <span class='ocrx_word' id='word_1_307' title='bbox 385 4248 529 4309; x_wconf 79' lang='lat' dir='ltr'><strong>siano</strong></span> <span class='ocrx_word' id='word_1_308' title='bbox 567 4254 744 4312; x_wconf 83' lang='lat' dir='ltr'><strong>securi</strong></span> <span class='ocrx_word' id='word_1_309' title='bbox 782 4255 839 4312; x_wconf 90' lang='lat' dir='ltr'><strong>di</strong></span> <span class='ocrx_word' id='word_1_310' title='bbox 878 4257 1059 4331; x_wconf 89' lang='lat' dir='ltr'><strong>quello</strong></span> <span class='ocrx_word' id='word_1_311' title='bbox 1096 4262 1245 4314; x_wconf 85' lang='lat' dir='ltr'><strong>resta</strong></span> <span class='ocrx_word' id='word_1_312' title='bbox 1278 4276 1311 4313; x_wconf 85' lang='lat' dir='ltr'><strong>a</strong></span> <span class='ocrx_word' id='word_1_313' title='bbox 1348 4256 1542 4312; x_wconf 88' lang='lat' dir='ltr'><strong>drieto.</strong></span> <span class='ocrx_word' id='word_1_314' title='bbox 1583 4253 1936 4329; x_wconf 81' lang='lat' dir='ltr'><strong>Aggiungesi</strong></span> <span class='ocrx_word' id='word_1_315' title='bbox 1964 4252 2206 4309; x_wconf 85' lang='lat' dir='ltr'><strong>anchora</strong></span> <span class='ocrx_word' id='word_1_316' title='bbox 2243 4265 2395 4306; x_wconf 83' lang='lat' dir='ltr'><strong>come</strong></span> <span class='ocrx_word' id='word_1_317' title='bbox 2436 4246 2474 4302; x_wconf 88' lang='lat' dir='ltr'><strong>il</strong></span> <span class='ocrx_word' id='word_1_318' title='bbox 2515 4246 2642 4320; x_wconf 77' lang='lat' dir='ltr'><strong>Sigr</strong></span> <span class='ocrx_word' id='word_1_319' title='bbox 2673 4243 2832 4302; x_wconf 83' lang='lat' dir='ltr'><strong>Carlo</strong></span> 
     </span>
     <span class='ocr_line' id='line_1_32' title="bbox 230 4328 2834 4420; baseline 0 -31"><span class='ocrx_word' id='word_1_320' title='bbox 230 4328 385 4393; x_wconf 80' lang='lat' dir='ltr'><strong>Ursino</strong></span> <span class='ocrx_word' id='word_1_321' title='bbox 410 4339 463 4396; x_wconf 89' lang='lat' dir='ltr'><strong>in</strong></span> <span class='ocrx_word' id='word_1_322' title='bbox 490 4340 661 4401; x_wconf 84' lang='lat' dir='ltr'><strong>Roma</strong></span> <span class='ocrx_word' id='word_1_323' title='bbox 688 4344 744 4400; x_wconf 90' lang='lat' dir='ltr'><strong>in</strong></span> <span class='ocrx_word' id='word_1_324' title='bbox 772 4362 905 4403; x_wconf 83' lang='lat' dir='ltr'><strong>casa</strong></span> <span class='ocrx_word' id='word_1_325' title='bbox 938 4344 1057 4403; x_wconf 90' lang='lat' dir='ltr'><strong>loro</strong></span> <span class='ocrx_word' id='word_1_326' title='bbox 1084 4346 1259 4402; x_wconf 79' lang='lat' dir='ltr'><strong>havea</strong></span> <span class='ocrx_word' id='word_1_327' title='bbox 1283 4362 1445 4420; x_wconf 87' lang='lat' dir='ltr'><strong>preso</strong></span> <span class='ocrx_word' id='word_1_328' title='bbox 1473 4345 1582 4400; x_wconf 90' lang='lat' dir='ltr'><strong>due</strong></span> <span class='ocrx_word' id='word_1_329' title='bbox 1611 4340 1822 4416; x_wconf 82' lang='lat' dir='ltr'><strong>figluoli</strong></span> <span class='ocrx_word' id='word_1_330' title='bbox 1855 4338 1944 4395; x_wconf 84' lang='lat' dir='ltr'><strong>del</strong></span> <span class='ocrx_word' id='word_1_331' title='bbox 1973 4338 2096 4411; x_wconf 64' lang='lat' dir='ltr'><strong>Sig*</strong></span> <span class='ocrx_word' id='word_1_332' title='bbox 2125 4333 2505 4392; x_wconf 84' lang='lat' dir='ltr'><strong>Bartholomeo</strong></span> <span class='ocrx_word' id='word_1_333' title='bbox 2541 4332 2569 4387; x_wconf 81' lang='lat' dir='ltr'>J</span> <span class='ocrx_word' id='word_1_334' title='bbox 2577 4330 2746 4402; x_wconf 82' lang='lat' dir='ltr'><strong>ubba,</strong></span> <span class='ocrx_word' id='word_1_335' title='bbox 2777 4336 2834 4389; x_wconf 86' lang='lat' dir='ltr'><strong>et</strong></span> 
     </span>
    </p>
   </div>
   <div class='ocr_carea' id='block_1_5' title="bbox 230 4419 2832 5055">
    <p class='ocr_par' dir='ltr' id='par_1_6' title="bbox 230 4419 2832 5055">
     <span class='ocr_line' id='line_1_33' title="bbox 230 4419 2832 4509; baseline -0.006 -19"><span class='ocrx_word' id='word_1_336' title='bbox 230 4420 285 4490; x_wconf 76' lang='grc' dir='ltr'><strong>8Ιὶ</strong></span> <span class='ocrx_word' id='word_1_337' title='bbox 322 4426 471 4487; x_wconf 69' lang='lat' dir='ltr'><strong>hevae</strong></span> <span class='ocrx_word' id='word_1_338' title='bbox 512 4434 713 4491; x_wconf 76' lang='lat' dir='ltr'><strong>manati</strong></span> <span class='ocrx_word' id='word_1_339' title='bbox 750 4434 889 4492; x_wconf 83' lang='lat' dir='ltr'><strong>fuori</strong></span> <span class='ocrx_word' id='word_1_340' title='bbox 929 4453 1025 4509; x_wconf 90' lang='lat' dir='ltr'><strong>per</strong></span> <span class='ocrx_word' id='word_1_341' title='bbox 1061 4435 1305 4493; x_wconf 84' lang='lat' dir='ltr'><strong>rihavere</strong></span> <span class='ocrx_word' id='word_1_342' title='bbox 1334 4452 1438 4492; x_wconf 86' lang='lat' dir='ltr'><strong>con</strong></span> <span class='ocrx_word' id='word_1_343' title='bbox 1474 4433 1586 4490; x_wconf 86' lang='lat' dir='ltr'><strong>essi</strong></span> <span class='ocrx_word' id='word_1_344' title='bbox 1625 4434 1948 4490; x_wconf 73' lang='lat' dir='ltr'><strong>Montereno</strong></span> <span class='ocrx_word' id='word_1_345' title='bbox 1987 4433 2042 4484; x_wconf 90' lang='lat' dir='ltr'><strong>et</strong></span> <span class='ocrx_word' id='word_1_346' title='bbox 2079 4424 2308 4496; x_wconf 83' lang='lat' dir='ltr'><strong>Luiano‚</strong></span> <span class='ocrx_word' id='word_1_347' title='bbox 2359 4421 2732 4497; x_wconf 80' lang='lat' dir='ltr'><strong>apartenentie</strong></span> <span class='ocrx_word' id='word_1_348' title='bbox 2775 4419 2832 4476; x_wconf 90' lang='lat' dir='ltr'><strong>di</strong></span> 
     </span>
     <span class='ocr_line' id='line_1_34' title="bbox 232 4508 2830 4596; baseline 0.002 -33"><span class='ocrx_word' id='word_1_349' title='bbox 232 4508 475 4590; x_wconf 77' lang='lat' dir='ltr'><strong>Cet-veteri,</strong></span> <span class='ocrx_word' id='word_1_350' title='bbox 504 4528 557 4578; x_wconf 87' lang='lat' dir='ltr'><strong>et</strong></span> <span class='ocrx_word' id='word_1_351' title='bbox 604 4524 817 4582; x_wconf 83' lang='lat' dir='ltr'><strong>stimasi</strong></span> <span class='ocrx_word' id='word_1_352' title='bbox 859 4524 1005 4583; x_wconf 78' lang='lat' dir='ltr'><strong>labbi</strong></span> <span class='ocrx_word' id='word_1_353' title='bbox 1035 4526 1303 4596; x_wconf 80' lang='lat' dir='ltr'><strong>rihavuto,</strong></span> <span class='ocrx_word' id='word_1_354' title='bbox 1337 4531 1392 4582; x_wconf 86' lang='lat' dir='ltr'><strong>et</strong></span> <span class='ocrx_word' id='word_1_355' title='bbox 1419 4524 1532 4581; x_wconf 89' lang='lat' dir='ltr'><strong>cosi</strong></span> <span class='ocrx_word' id='word_1_356' title='bbox 1562 4524 1635 4579; x_wconf 82' lang='lat' dir='ltr'><strong>fia</strong></span> <span class='ocrx_word' id='word_1_357' title='bbox 1661 4520 1996 4595; x_wconf 83' lang='lat' dir='ltr'><strong>reintegrato</strong></span> <span class='ocrx_word' id='word_1_358' title='bbox 2025 4516 2081 4572; x_wconf 89' lang='lat' dir='ltr'><strong>di</strong></span> <span class='ocrx_word' id='word_1_359' title='bbox 2111 4516 2193 4571; x_wconf 82' lang='lat' dir='ltr'><strong>cio</strong></span> <span class='ocrx_word' id='word_1_360' title='bbox 2222 4514 2323 4571; x_wconf 87' lang='lat' dir='ltr'><strong>che</strong></span> <span class='ocrx_word' id='word_1_361' title='bbox 2377 4520 2655 4570; x_wconf 87' lang='lat' dir='ltr'><strong>tenevano</strong></span> <span class='ocrx_word' id='word_1_362' title='bbox 2693 4508 2749 4565; x_wconf 92' lang='lat' dir='ltr'><strong>di</strong></span> <span class='ocrx_word' id='word_1_363' title='bbox 2778 4509 2830 4567; x_wconf 83' lang='lat' dir='ltr'><strong>la</strong></span> 
     </span>
     <span class='ocr_line' id='line_1_35' title="bbox 234 4597 2824 4689; baseline -0.002 -30"><span class='ocrx_word' id='word_1_364' title='bbox 234 4598 286 4654; x_wconf 85' lang='lat' dir='ltr'><strong>da</strong></span> <span class='ocrx_word' id='word_1_365' title='bbox 304 4602 478 4665; x_wconf 76' lang='lat' dir='ltr'><strong>&#39;revere</strong></span> <span class='ocrx_word' id='word_1_366' title='bbox 506 4608 540 4665; x_wconf 92' lang='lat' dir='ltr'><strong>li</strong></span> <span class='ocrx_word' id='word_1_367' title='bbox 576 4612 759 4671; x_wconf 90' lang='lat' dir='ltr'><strong>Ursini</strong></span> <span class='ocrx_word' id='word_1_368' title='bbox 818 4621 1003 4673; x_wconf 81' lang='lat' dir='ltr'><strong>contro</strong></span> <span class='ocrx_word' id='word_1_369' title='bbox 1042 4614 1149 4671; x_wconf 85' lang='lat' dir='ltr'><strong>alla</strong></span> <span class='ocrx_word' id='word_1_370' title='bbox 1184 4614 1441 4689; x_wconf 87' lang='lat' dir='ltr'><strong>opinione</strong></span> <span class='ocrx_word' id='word_1_371' title='bbox 1478 4612 1616 4671; x_wconf 83' lang='lat' dir='ltr'><strong>delle</strong></span> <span class='ocrx_word' id='word_1_372' title='bbox 1652 4628 1934 4685; x_wconf 84' lang='lat' dir='ltr'><strong>promesse</strong></span> <span class='ocrx_word' id='word_1_373' title='bbox 1981 4606 2033 4664; x_wconf 77' lang='lat' dir='ltr'><strong>fa</strong></span> <span class='ocrx_word' id='word_1_374' title='bbox 2069 4606 2167 4663; x_wconf 86' lang='lat' dir='ltr'><strong>che</strong></span> <span class='ocrx_word' id='word_1_375' title='bbox 2198 4624 2231 4662; x_wconf 86' lang='lat' dir='ltr'><strong>a</strong></span> <span class='ocrx_word' id='word_1_376' title='bbox 2267 4602 2444 4679; x_wconf 87' lang='lat' dir='ltr'><strong>questi</strong></span> <span class='ocrx_word' id='word_1_377' title='bbox 2474 4601 2594 4674; x_wconf 74' lang='lat' dir='ltr'><strong>Sigi</strong></span> <span class='ocrx_word' id='word_1_378' title='bbox 2625 4597 2824 4657; x_wconf 88' lang='lat' dir='ltr'><strong>Colon-</strong></span> 
     </span>
     <span class='ocr_line' id='line_1_36' title="bbox 236 4692 343 4749; baseline 0.075 -8"><span class='ocrx_word' id='word_1_379' title='bbox 236 4692 343 4749; x_wconf 76' lang='lat' dir='ltr'><strong>nesi.</strong></span> 
     </span>
     <span class='ocr_line' id='line_1_37' title="bbox 294 4786 1408 4873; baseline 0.006 -25"><span class='ocrx_word' id='word_1_380' title='bbox 294 4806 316 4833; x_wconf 69' lang='lat'><strong>⁸(</strong></span> <span class='ocrx_word' id='word_1_381' title='bbox 341 4786 409 4843; x_wconf 85' lang='lat' dir='ltr'><strong>Ex</strong></span> <span class='ocrx_word' id='word_1_382' title='bbox 432 4790 663 4869; x_wconf 87' lang='lat' dir='ltr'><strong>Velletri‚</strong></span> <span class='ocrx_word' id='word_1_383' title='bbox 690 4798 879 4857; x_wconf 82' lang='lat' dir='ltr'><strong>ultima</strong></span> <span class='ocrx_word' id='word_1_384' title='bbox 903 4799 933 4855; x_wconf 92' lang='lat' dir='ltr'><strong>J</strong></span> <span class='ocrx_word' id='word_1_385' title='bbox 940 4798 1146 4857; x_wconf 83' lang='lat' dir='ltr'><strong>anuarii</strong></span> <span class='ocrx_word' id='word_1_386' title='bbox 1181 4799 1408 4873; x_wconf 78' lang='lat' dir='ltr'><strong>1494s5.</strong></span> 
     </span>
     <span class='ocr_line' id='line_1_38' title="bbox 534 4882 837 4947; baseline 0.017 -6"><span class='ocrx_word' id='word_1_387' title='bbox 534 4882 837 4947; x_wconf 81' lang='lat' dir='ltr'><strong>Servitores</strong></span> 
     </span>
     <span class='ocr_line' id='line_1_39' title="bbox 692 4978 1513 5055; baseline -0.001 -20"><span class='ocrx_word' id='word_1_388' title='bbox 692 4980 755 5035; x_wconf 90' lang='lat' dir='ltr'><strong>F.</strong></span> <span class='ocrx_word' id='word_1_389' title='bbox 788 4980 1095 5055; x_wconf 83' lang='lat' dir='ltr'><strong>Episcopus</strong></span> <span class='ocrx_word' id='word_1_390' title='bbox 1126 4978 1513 5037; x_wconf 78' lang='lat' dir='ltr'><strong>volaterranus</strong></span> 
     </span>
    </p>
   </div>
   <div class='ocr_carea' id='block_1_6' title="bbox 297 5068 2462 5221">
    <p class='ocr_par' dir='ltr' id='par_1_7' title="bbox 297 5068 2462 5221">
     <span class='ocr_line' id='line_1_40' title="bbox 641 5068 1594 5145; baseline -0.002 -20"><span class='ocrx_word' id='word_1_391' title='bbox 641 5076 691 5125; x_wconf 88' lang='lat' dir='ltr'><strong>et</strong></span> <span class='ocrx_word' id='word_1_392' title='bbox 719 5070 915 5127; x_wconf 86' lang='lat' dir='ltr'><strong>Nerius</strong></span> <span class='ocrx_word' id='word_1_393' title='bbox 944 5068 1277 5145; x_wconf 83' lang='lat' dir='ltr'><strong>Capponius,</strong></span> <span class='ocrx_word' id='word_1_394' title='bbox 1309 5070 1594 5127; x_wconf 77' lang='lat' dir='ltr'><strong>OratoreS.</strong></span> 
     </span>
     <span class='ocr_line' id='line_1_41' title="bbox 297 5146 2462 5221; baseline -0.003 -11"><span class='ocrx_word' id='word_1_395' title='bbox 297 5146 448 5211; x_wconf 52' lang='lat' dir='ltr'><strong>tiron.</strong></span> <span class='ocrx_word' id='word_1_396' title='bbox 474 5152 698 5216; x_wconf 67' lang='lat' dir='ltr'><strong>Fies-em.</strong></span> <span class='ocrx_word' id='word_1_397' title='bbox 729 5160 941 5217; x_wconf 78' lang='lat' dir='ltr'><strong>Lettere</strong></span> <span class='ocrx_word' id='word_1_398' title='bbox 967 5162 1031 5216; x_wconf 83' lang='lat' dir='ltr'><strong>ai</strong></span> <span class='ocrx_word' id='word_1_399' title='bbox 1055 5162 1104 5216; x_wconf 85' lang='lat' dir='ltr'><em>X</em></span> <span class='ocrx_word' id='word_1_400' title='bbox 1130 5160 1191 5215; x_wconf 79' lang='lat' dir='ltr'><strong>di</strong></span> <span class='ocrx_word' id='word_1_401' title='bbox 1217 5161 1379 5217; x_wconf 76' lang='lat' dir='ltr'><strong>Batia</strong></span> <span class='ocrx_word' id='word_1_402' title='bbox 1410 5176 1425 5215; x_wconf 74' lang='grc' dir='ltr'><strong>ε</strong></span> <span class='ocrx_word' id='word_1_403' title='bbox 1456 5156 1587 5214; x_wconf 87' lang='lat' dir='ltr'><strong>clas.</strong></span> <span class='ocrx_word' id='word_1_404' title='bbox 1624 5155 1692 5213; x_wconf 82' lang='grc' dir='ltr'><strong>Χ,</strong></span> <span class='ocrx_word' id='word_1_405' title='bbox 1738 5154 1802 5211; x_wconf 89' lang='lat' dir='ltr'><strong>Di</strong></span> <span class='ocrx_word' id='word_1_406' title='bbox 1819 5160 1890 5211; x_wconf 89' lang='lat' dir='ltr'><strong>st.</strong></span> <span class='ocrx_word' id='word_1_407' title='bbox 1925 5154 1980 5221; x_wconf 75' lang='lat'><strong>4,</strong></span> <span class='ocrx_word' id='word_1_408' title='bbox 2015 5165 2080 5207; x_wconf 69' lang='lat' dir='ltr'><strong>no</strong></span> <span class='ocrx_word' id='word_1_409' title='bbox 2105 5148 2195 5205; x_wconf 81' lang='lat'><strong>39.</strong></span> <span class='ocrx_word' id='word_1_410' title='bbox 2229 5166 2262 5205; x_wconf 81' lang='lat' dir='ltr'><strong>a</strong></span> <span class='ocrx_word' id='word_1_411' title='bbox 2287 5166 2318 5205; x_wconf 84' lang='lat' dir='ltr'><strong>c</strong></span> <span class='ocrx_word' id='word_1_412' title='bbox 2348 5148 2462 5217; x_wconf 89' lang='lat'><strong>98).</strong></span> 
     </span>
    </p>
   </div>
   <div class='ocr_carea' id='block_1_7' title="bbox 308 5233 1595 5324">
    <p class='ocr_par' dir='ltr' id='par_1_8' title="bbox 308 5233 1595 5324">
     <span class='ocr_line' id='line_1_42' title="bbox 308 5233 1595 5324; baseline 0.01 -32"><span class='ocrx_word' id='word_1_413' title='bbox 308 5233 345 5289; x_wconf 76' lang='lat'><strong>¹·</strong></span> <span class='ocrx_word' id='word_1_414' title='bbox 377 5238 493 5297; x_wconf 77' lang='lat' dir='ltr'><strong>Jean</strong></span> <span class='ocrx_word' id='word_1_415' title='bbox 522 5243 829 5324; x_wconf 87' lang='lat' dir='ltr'><strong>Bontemps,</strong></span> <span class='ocrx_word' id='word_1_416' title='bbox 863 5248 1119 5307; x_wconf 71' lang='lat' dir='ltr'><strong>tresorier</strong></span> <span class='ocrx_word' id='word_1_417' title='bbox 1147 5250 1215 5307; x_wconf 89' lang='lat' dir='ltr'><strong>de</strong></span> <span class='ocrx_word' id='word_1_418' title='bbox 1245 5248 1595 5321; x_wconf 82' lang='lat' dir='ltr'><strong>Bourgogne.</strong></span> 
     </span>
    </p>
   </div>
  </div>
 </body>
</html>
