3625 6059
750 563 856 622 458
1661 555 1690 611 J
1695 553 1888 611 OHAN
1893 553 2008 609 NlS
2057 551 2496 622 BURCHARDL
3079 556 3262 619 [Avi-il
3289 559 3396 620 “9⁸2

750 713 981 813 pridie
1011 711 1103 785 ad
1140 711 1367 784 voltas
1399 733 1459 784 s.
1495 707 1693 783 Pauli
1725 729 1870 780 una
1906 711 2218 804 persona
2261 706 2452 804 regis
2495 708 2978 806 Neapolitani,
3011 710 3164 786 alia
3205 713 3392 786 etiam
3506 777 3507 784 ἶ

750 846 1201 937 competenS,
1230 837 1668 911 conducture
1712 839 1999 908 Rmum.
2042 837 2124 908 D.
2164 833 2606 908 cardinalem
2641 835 3212 932 Neapolitanum
3245 842 3400 912 Nea-

754 967 1018 1067 polim3
1050 967 1123 1039 in
1160 965 1417 1061 quibus
1442 966 1792 1035 venerunt
1824 959 1910 1032 ad
1949 959 2213 1033 Urbem
2245 958 2355 1031 vel
2383 981 2636 1056 prope,
2673 968 2750 1034 ut
2778 962 3264 1058 prediximus,
3299 989 3398 1038 sex

754 1099 1057 1188 nepotes
1086 1103 1153 1164 et
1193 1086 1709 1184 consanguinei
1750 1090 1822 1160 et
1865 1090 2012 1159 tres
2041 1109 2130 1157 ex
2173 1083 2330 1157 aliis
2377 1084 2698 1182 deputati
2741 1085 2866 1160 viri
2903 1111 2920 1161 :
2957 1088 3192 1184 pedes
3234 1093 3400 1185 Papo

754 1215 1152 1290 deosculati
1199 1221 1399 1304 sunt,
1440 1212 1632 1286 dicto
1681 1216 1888 1284 Rmo.
1935 1210 2302 1285 cardinale
2343 1234 2468 1284 eos
2508 1223 3012 1309 promovente,
3053 1220 3132 1290 et
3175 1215 3254 1288 in
3299 1239 3402 1290 ca·

752 1343 943 1442 pella
974 1349 1046 1415 et
1078 1340 1297 1414 missa
1326 1338 1674 1436 predicta,
1711 1337 1800 1410 de
1843 1336 2185 1411 mandato
2230 1338 2450 1434 Pape‚
2488 1337 2656 1410 dedi
2692 1337 2938 1413 locum
2981 1364 3110 1414 sex
3141 1342 3400 1414 eisdem

756 1467 1139 1566 nepotibus
1180 1472 1253 1539 et
1294 1460 1855 1559 consanguineis
1885 1460 1960 1534 in
1989 1462 2224 1555 primo
2266 1468 2338 1536 et
2376 1461 2698 1536 inferiori
2733 1464 2956 1562 gradu
2987 1465 3146 1540 solii
3179 1465 3400 1564 ponti-

758 1594 939 1669 ficis.
975 1593 1133 1666 Alia
1162 1590 1406 1663 omnia
1433 1593 1590 1662 acta
1620 1595 1789 1660 sunt
1813 1611 2016 1661 more
2050 1587 2287 1662 solito.

854 1721 1067 1796 Feria
1103 1719 1377 1816 quinta,
1420 1719 1506 1788 19
1553 1713 1722 1789 dicti
1763 1713 2034 1788 mensis
2075 1712 2346 1810 apriliS,
2384 1717 2634 1787 Rmus.
2683 1718 2768 1788 D.
2813 1715 3196 1790 cardinalis
3228 1719 3396 1789 Nea-

756 1848 1117 1946 politanus
1167 1843 1358 1917 circa
1405 1842 1663 1915 horam
1709 1839 2243 1936 quindecimam
2287 1839 2591 1912 recessit
2642 1841 2734 1914 ab
2779 1839 2972 1916 Urbe
3011 1842 3156 1916 sive
3197 1842 3396 1915 domo

758 1997 889 2046 sua
918 1971 1370 2068 equitaturus
1401 1973 1605 2042 extra
1634 1989 1796 2059 eam
1829 1970 1900 2039 et
1939 1963 2314 2062 Neapolim
2355 1964 2584 2039 iturus
2613 1989 2748 2063 per
2785 1990 2990 2042 mare
3029 1969 3102 2040 in
3135 1968 3392 2064 galeis:

754 2097 1153 2171 associatus
1196 2095 1328 2168 fuit
1370 2117 1409 2166 a
1457 2097 1661 2166 Rmo.
1700 2090 2062 2166 cardinale
2119 2091 2423 2164 Senensi
2474 2091 2594 2188 qui
2644 2098 2813 2167 ante
2855 2093 3152 2168 domum
3193 2093 3396 2190 ipsius

753 2223 1139 2297 cardinalis
1176 2218 1603 2318 expectavit,
1642 2223 1713 2291 et
1747 2215 2036 2290 RRmis.
2087 2218 2237 2289 DD.
2275 2215 2756 2290 cardinalibus
2791 2217 2883 2292 de
2914 2219 3208 2294 Medicis
3235 2227 3306 2292 et
3339 2242 3386 2288 S.

756 2349 1079 2424 Severini
1112 2346 1231 2445 qui
1266 2369 1432 2419 eum
1460 2345 1665 2441 juxta
1705 2341 1997 2413 hortum
2038 2340 2400 2437 quondam
2441 2341 2822 2415 cardinalis
2865 2344 3388 2440 Rotomagensis

754 2499 973 2573 supra
1004 2475 1305 2564 flumen,
1327 2473 1536 2570 juxta
1560 2473 1888 2542 montem
1916 2491 2132 2564 supra
2155 2491 2373 2565 quem
2400 2468 2712 2543 ecclesia
2736 2495 2795 2544 s.
2829 2470 3096 2546 Sabine
3121 2472 3244 2546 sita
3263 2476 3382 2545 est.

754 2602 1255 2698 expectarunt,
1292 2602 1368 2669 et
1406 2595 1701 2668 circiter
1736 2592 2031 2689 triginta
2067 2592 2360 2689 prelatis
2391 2593 2580 2668 inter
2631 2595 3211 2694 archiepiscopos
3235 2619 3384 2692 pro-

749 2724 1149 2803 tonotarios
1194 2730 1263 2798 et
1304 2723 1603 2796 abbates
1647 2722 1878 2819 pileos
1927 2722 2340 2797 deferentes
2383 2730 2456 2798 et
2492 2722 2819 2820 pluribus
2859 2721 3286 2796 auditoribus
3321 2723 3384 2791 et

752 2852 909 2927 aliis
941 2849 1179 2947 dignis
1218 2848 1635 2939 curialibuS,
1672 2848 2222 2945 oratoribusque
2268 2849 2460 2945 regis
2506 2854 2579 2921 et
2617 2848 2870 2944 regine
2913 2847 3378 2944 Hispaniarum

754 2983 825 3052 et
874 2975 1174 3050 dominii
1203 2979 1679 3052 Venetorum.
1719 2976 1975 3048 Orator
2009 2979 2252 3047 autem
2293 2973 2486 3072 regis
2526 2979 2597 3048 et
2637 2972 2888 3070 regine
2929 2972 3378 3070 predictorum

746 3105 866 3203 qui
900 3100 1242 3178 credebat
1272 3099 1519 3173 forsan
1548 3098 1637 3173 ad
1676 3099 1865 3172 latus
1895 3098 2277 3174 cardinalis
2319 3098 2668 3196 equitare,
2703 3121 2868 3172 cum
2917 3097 3187 3172 videret
3211 3119 3278 3169 se
3317 3094 3378 3164 in

742 3228 888 3302 hoc
918 3227 1260 3315 deficere,
1295 3223 1507 3298 rediit
1537 3224 1629 3297 ad
1659 3223 1925 3298 Urbem
1963 3248 2091 3297 seu
2122 3249 2165 3298 a
2193 3223 2674 3299 cardinalibus
2709 3224 3036 3317 recessit,
3071 3247 3210 3296 non
3235 3241 3376 3293 cum

744 3355 902 3451 ejus
938 3352 1298 3441 comitiva,
1329 3373 1475 3424 non
1506 3350 1731 3447 petita
1756 3348 2054 3424 licentia
2081 3349 2216 3422 sub
2248 3348 2559 3424 ecclesia
2587 3373 2648 3421 s.
2681 3348 2941 3422 Alexii.
2979 3351 3152 3423 Cum
3179 3343 3380 3420 venis-

745 3484 905 3553 sent
936 3475 1334 3552 cardinales
1357 3477 1569 3571 juxta
1593 3473 1792 3550 littus
1827 3475 2016 3548 fluvii
2067 3473 2185 3548 ubi
2221 3472 2427 3572 galee
2467 3474 2970 3571 expectabant,
3007 3473 3106 3546 illi
3149 3479 3278 3546 tres
3301 3491 3372 3542 ex

745 3604 949 3700 equis
980 3602 1339 3700 prefatum
1368 3599 1807 3674 cardinalem
1850 3598 2430 3698 Neapolitanum,
2461 3599 2764 3674 detectis
2805 3599 3158 3697 capitibus
3187 3617 3368 3670 oscu-

741 3729 1005 3819 lanteS‚
1034 3727 1191 3802 vale
1223 3725 1560 3801 dixerunt
1604 3733 1677 3800 et
1717 3726 2093 3800 redierunt
2122 3726 2214 3799 ad
2243 3726 2539 3801 Urbem.
2579 3730 2749 3800 Post
2781 3750 3092 3823 quorum
3129 3731 3196 3799 et
3223 3719 3376 3796 mul-

750 3860 989 3928 torum
1021 3852 1470 3952 prelatorum
1500 3875 1868 3927 recessum
1904 3852 2280 3926 descendit
2303 3876 2392 3926 ex
2421 3851 2618 3925 mula
2645 3851 3034 3926 cardinalis
3065 3860 3135 3929 et
3161 3851 3376 3950 prelati

748 4003 913 4054 cum
946 4003 1033 4054 eo
1079 3978 1249 4052 ituri
1292 3976 1645 4067 similiter,
1682 3985 1752 4051 et
1780 3977 2076 4074 quidam
2111 3977 2228 4050 alii
2261 3977 2796 4052 descenderunt
2822 3983 2898 4051 et
2919 3979 3262 4054 intrarunt
3281 4001 3378 4074 ga-

741 4105 894 4178 leas
932 4105 1005 4177 in
1043 4105 1176 4179 Dei
1226 4103 1550 4192 nomine,
1596 4102 1718 4200 qui
1750 4107 1956 4176 erant
1999 4102 2395 4192 recessuri3
2442 4103 2747 4176 aliorum
2793 4101 3092 4199 quidam
3131 4109 3280 4178 ante
3321 4109 3376 4173 et

757 4229 1051 4327 quidam
1076 4236 1242 4326 post
1270 4252 1643 4304 recessum
1674 4228 2074 4324 galearum,
2110 4228 2479 4303 redierunt
2509 4229 2601 4302 ad
2631 4227 2928 4303 Urbem.

846 4353 1158 4428 Sabbato
1190 4355 1265 4428 in
1306 4354 1515 4446 albis',
1552 4355 1747 4450 quod
1778 4354 1913 4428 fuit
1949 4360 2032 4427 21
2083 4354 2252 4427 dicti
2285 4353 2558 4427 mensis
2589 4353 2860 4451 apriliS,
2907 4360 2994 4428 R.
3031 4357 3104 4429 in
3136 4353 3380 4428 Christo

750 4483 828 4554 P.
878 4482 961 4553 D.
1011 4481 1439 4555 Franciscus
1492 4480 1779 4576 Borgia,
1827 4479 2210 4577 episcopus
2252 4477 2728 4570 TheanensiS‚
2780 4481 2907 4553 SS.
2961 4484 3048 4554 D.
3103 4483 3184 4554 N.
3229 4497 3380 4576 papo

749 4607 1243 4685 thesaurarius
1294 4606 1684 4704 generaliS,
1748 4604 2139 4680 celebravit
2198 4607 2496 4680 missam
2557 4607 2964 4683 solemnem
3019 4609 3090 4682 in
3149 4603 3382 4703 capella

748 4737 1061 4832 majore,
1098 4736 1291 4830 Papa
1319 4737 1656 4830 presente
1695 4756 1711 4806 z
1748 4731 2072 4805 interfuit
2104 4731 2322 4806 etiam
2357 4737 2576 4806 Rmus
2611 4736 2696 4806 D.
2735 4733 3117 4808 cardinalis
3153 4731 3380 4808 Valen-

752 4862 947 4935 tinus
982 4858 1103 4955 qui
1136 4882 1179 4932 a
1208 4858 1573 4932 dominica
1603 4857 1691 4932 de
1725 4856 2070 4932 Passione
2102 4881 2248 4932 non
2282 4857 2410 4932 suit
2438 4858 2509 4930 in
2543 4859 2844 4958 capella.
2880 4859 3040 4934 Alia
3067 4863 3218 4934 acta
3241 4855 3378 4927 sunt

753 5008 958 5059 more
994 4983 1230 5057 solito.

854 5111 1125 5183 Eadem
1157 5107 1299 5199 die,
1340 5107 1533 5182 circa
1564 5108 1820 5181 horam
1849 5108 2305 5204 vigesimam,
2341 5111 2466 5182 SS.
2505 5110 2589 5180 D.
2626 5115 2874 5182 noster
2899 5113 3180 5205 paratus
3207 5119 3370 5178 more

760 5236 971 5308 solito
1004 5233 1181 5314 stola
1216 5240 1284 5306 et
1316 5232 1632 5329 desuper
1661 5235 2015 5330 capucino
2055 5234 2248 5324 albo,
2293 5233 2634 5330 equitavit
2662 5257 2794 5330 per
2817 5254 3142 5330 campum
3173 5229 3362 5300 Flore.
