3625 6059
782 613 887 668 232
1689 604 1715 659 J
1726 602 1970 661 OHANN
1976 602 2042 659 IS
2091 602 2538 671 BURCHARDI,
3139 608 3250 669 [Mai
3277 612 3384 671 ¹⁴9⁶]
3525 544 3527 637 1

782 765 977 838 modi
1033 762 1629 837 commemoratio
1678 783 1824 834 non
1885 758 2035 850 fiat,
2103 782 2274 832 cum
2347 759 2676 834 videatur
2727 761 2865 835 hoc
2925 762 3182 835 festum
3233 771 3383 837 tante
3525 824 3527 859 ;

780 889 1253 964 solemnitatis
1286 912 1447 962 esse
1498 885 1693 983 quod
1742 884 2003 959 merito
2052 886 2652 961 commemoratio
2686 886 3048 961 dominice
3107 887 3174 960 in
3219 912 3296 961 eo
3321 890 3384 961 sit

781 1015 1203 1088 omittenda.
3525 1030 3527 1111 l

876 1139 1086 1235 Feria
1115 1139 1353 1227 tertia,
1394 1144 1472 1212 31
1515 1145 1589 1214 et
1620 1138 1874 1212 ultima
1901 1138 2176 1211 mensis
2215 1137 2412 1230 maii,
2463 1162 2554 1211 ex
2589 1137 3110 1212 commissione
3139 1143 3388 1211 etman-
3524 1142 3527 1229 l

780 1265 947 1339 dato
975 1265 1163 1338 Rmi.
1188 1269 1273 1337 D.
1300 1264 1683 1338 cardinalis
1715 1289 1773 1337 s,
1812 1263 2129 1360 Georgii,
2153 1263 2466 1339 intimari
2492 1264 2636 1339 feci
2653 1288 2785 1363 per
2809 1286 3142 1339 cursores
3171 1262 3388 1337 offic-ia-
3525 1248 3527 1283 ¹

777 1390 965 1463 libus
992 1390 1467 1487 infrascriptis
1506 1413 1647 1487 que
1696 1395 2096 1488 sequuntur
2131 1413 2260 1485 per
2307 1390 2602 1465 cedulas
2642 1390 2855 1487 sigilli
2905 1388 3102 1486 parvi
3131 1388 3294 1463 Rmi.
3325 1391 3386 1461 D.
3525 1406 3527 1411 ·

781 1516 1161 1589 cardinalis
1184 1516 1440 1613 prefati
1472 1516 1543 1587 in
1565 1514 2106 1613 processionem
2135 1515 2454 1612 signatas
2487 1540 2504 1588 :

882 1647 985 1716 De
1025 1642 1367 1717 mandato
1411 1644 1538 1715 SS.
1602 1645 1687 1715 D.
1749 1646 1835 1715 N.
1897 1665 2082 1738 pape
2137 1640 2522 1714 mandatur
2595 1640 2902 1737 singulis
2979 1636 3392 1731 infrascriptis

780 1775 1165 1865 quatenuS,
1220 1767 1353 1841 sub
1402 1790 1589 1864 pena
1641 1765 1900 1840 decem
1953 1766 2376 1840 ducatorum
2430 1766 2588 1839 auri
2635 1766 2728 1839 de
2775 1788 3100 1855 camera,
3157 1783 3388 1837 camere

781 1893 1173 1991 apostolice
1196 1892 1793 1965 irremissibiliter
1804 1890 2423 1989 applicandorum,
2444 1915 2579 1988 per
2594 1898 2824 1965 totum
2847 1891 3050 1963 diem
3063 1890 3392 1965 crastinum

784 2024 856 2091 et
889 2041 1019 2114 per
1040 2024 1273 2090 totum
1304 2016 1737 2091 hodiernum
1767 2017 1988 2107 diem,
2025 2023 2098 2093 et
2129 2024 2526 2113 exequatur
2565 2016 2910 2089 mercurii
2955 2023 3122 2123 ante
3147 2014 3392 2110 vigiliam

784 2144 1110 2240 corporis
1160 2143 1447 2232 Christi,
1484 2143 1719 2239 prima
1760 2143 2036 2217 mensis
2069 2143 2281 2239 junii,
2319 2142 2606 2216 dedisse
2653 2142 2726 2215 in
2779 2141 3072 2239 scriptis
3109 2145 3293 2213 Rmo.
3329 2142 3390 2211 Ι).

786 2268 1223 2342 cancellario
1254 2268 1552 2341 nomina
1572 2273 1645 2341 et
1664 2268 2106 2365 cognomina
2126 2268 2452 2342 omnium
2475 2273 2550 2341 et
2571 2267 3026 2363 singulorum
3049 2265 3394 2339 officiorum

784 2392 1046 2488 quibus
1088 2394 1223 2491 ipsi
1263 2400 1563 2490 presunt
1616 2416 1745 2468 seu
1784 2416 2096 2490 quorum
2133 2393 2267 2489 ipsi
2304 2392 2658 2465 officiales
2693 2391 2840 2465 sive
2883 2391 3230 2487 capellani
3253 2390 3395 2462 exis-

782 2524 966 2607 tunt,
1004 2520 1173 2593 etin
1206 2518 1528 2615 margine
1581 2520 1970 2593 denotasse
2005 2518 2063 2591 si
2109 2518 2229 2614 qui
2263 2517 2688 2591 eorumdem
2727 2516 3152 2591 officialium
3189 2516 3309 2587 sint
3331 2512 3395 2585 ab

786 2641 973 2715 Urbe
1000 2643 1338 2717 absentes
1363 2644 1476 2718 vel
1501 2644 1793 2717 infirmi.

880 2766 1481 2841 Rescribendario
1514 2768 1970 2866 capellanum
1997 2766 2461 2867 scriptorum,
3525 2866 3527 2869 Α

887 2893 1393 2967 Penitentiarie
1422 2903 1727 2986 secrete,
3525 2890 3527 3000 Ι

886 3016 1273 3116 Capellano
1299 3017 1904 3101 abbreviatorum,

892 3144 1277 3241 Capellano
1308 3143 1886 3231 sollicitatorum‚

890 3269 1276 3365 Capellano
1306 3269 1777 3344 collectorum
1815 3267 2120 3365 plumbi,
2761 3338 2786 3357 ,
3523 3208 3525 3350 ι

886 3395 1363 3470 Thesaurario
1394 3395 1845 3472 notariorum
1870 3399 2030 3468 rote
2046 3451 2062 3483 ,

892 3518 1182 3591 Sindico
1211 3525 1763 3616 procuratorum
1792 3519 2431 3614 contradictarum,
3521 3596 3523 3633 i

882 3638 1373 3739 Computatori
1403 3652 1952 3741 procuratorum
1983 3648 2518 3742 penitentiarie.
3521 3634 3523 3700 ῑ

892 3770 995 3841 De
1021 3767 1361 3841 mandato
1394 3772 1523 3851 SS.
1574 3774 1658 3844 D.
1702 3775 1787 3845 N.
1839 3795 2052 3868 pape,
2104 3775 2491 3847 mandatur
2522 3774 3003 3871 infrascriptis
3035 3773 3406 3848 officialibus

788 3900 1147 3989 quatenus
1178 3892 1293 3967 die
1320 3894 1506 3991 J'ovis
1540 3900 1581 3967 2
1622 3897 1895 3971 mensis
1931 3896 2114 3993 junii
2153 3898 2482 3993 proxime
2525 3897 2774 3988 futuri,
2809 3900 3217 3976 festivitatis
3243 3917 3408 3971 sanc-

792 4018 1049 4094 tissimi
1092 4018 1415 4117 corporis
1452 4021 1746 4111 Christi,
1783 4023 1916 4095 sub
1946 4046 2134 4120 pena
2164 4022 2588 4097 ducatorum
2629 4025 2779 4098 auri
2815 4026 3142 4124 quinque
3169 4040 3406 4099 camere

789 4144 1185 4242 apostolice
1240 4145 1835 4219 irremissibiliter
1876 4128 2467 4245 applicandorum
2519 4149 2833 4225 debeant
2911 4152 3104 4225 hora
3149 4172 3320 4223 nona
3357 4147 3408 4215 in

789 4269 1055 4366 palatio
1085 4270 1483 4367 apostolico
1515 4272 1709 4369 apud
1740 4280 2068 4347 sanctum
2113 4274 2421 4347 Petrum'
2439 4276 2628 4348 intra
2667 4276 2980 4372 primam
3011 4282 3282 4373 portam
3307 4268 3408 4343 ibi-

791 4392 957 4467 dem
990 4392 1064 4466 in
1096 4394 1297 4467 curia
1322 4418 1489 4469 cum
1539 4396 1844 4493 singulis
1887 4398 2036 4470 suis
2082 4398 2460 4472 intorticiis
2490 4399 2822 4474 honestis
2852 4408 3230 4498 presentes
3261 4416 3409 4477 esse,

794 4542 879 4591 ac
919 4520 1140 4593 etiam
1193 4519 1361 4594 inde
1410 4521 2047 4616 processionaliter
2086 4529 2159 4596 et
2187 4523 2438 4597 ordine
2477 4524 2910 4621 procedere,
2946 4534 3160 4624 prout
3205 4530 3407 4598 RmuS.

793 4647 876 4717 D.
944 4646 1388 4719 camerarius
1456 4645 1815 4720 ordinabit
1875 4671 1960 4722 ac
2027 4649 2506 4746 personaliter
2545 4644 2668 4723 'ad
2722 4651 3264 4748 processionem
3313 4664 3412 4717 sua
3515 4672 3517 4748 Ι

792 4768 1139 4842 intortitia
1193 4776 1509 4866 portare,
1559 4779 1632 4846 et
1680 4795 1910 4868 usque
1971 4774 2062 4847 ad
2127 4776 2678 4870 processionem
2743 4776 3190 4873 completam
3233 4775 3296 4845 in
3349 4788 3414 4839 ea

791 4914 1223 4988 permanere
1248 4896 1383 4967 sub
1412 4897 1669 4971 eadem
1703 4920 1917 4992 pena.

891 5016 1535 5094 Abbreviatoribus
1564 5022 1655 5095 de
1686 5045 1906 5119 parco
1938 5024 2226 5120 maj0ri,
3513 5030 3515 5096 l

896 5143 1389 5240 Scriptoribus
1422 5146 1862 5241 apostoliciS,

892 5268 1535 5343 Abbreviatoribus
1554 5270 1645 5344 de
1678 5295 1900 5368 parco
1932 5274 2192 5347 minori
2219 5280 2296 5349 et
2323 5274 2556 5372 prima
2579 5275 2888 5365 visione,
