3625 6059
740 507 843 564 178
890 519 897 528 ·
1648 502 1677 560 J
1686 502 1929 584 OHANN
1937 503 2001 559 [S
2048 501 2494 568 BURCHARDI,
3105 507 3216 566 [Mai
3241 509 3352 572 ΗΜ]

844 662 923 732 ln
954 681 1169 732 mane
1201 657 1561 754 sequenti,
1596 655 1764 731 licet
1809 667 2002 731 esset
2041 656 2196 732 dies
2237 679 2298 729 s.
2337 656 2624 753 Georgii
2671 655 2969 746 festum,
3001 656 3230 755 palatii
3253 657 3356 732 fuit

744 782 1111 881 publicum
1138 781 1653 856 consistorium
1673 781 1748 854 in
1773 781 2039 878 palatio
2064 780 2684 878 apostolicoapud
2707 787 3038 856 sanctum
3066 783 3352 855 Petrum:

748 906 997 979 RRmi.
1034 910 1185 986 DD.
1222 905 1625 980 cardinales
1666 906 1739 980 in
1784 906 1962 980 urbe
2002 915 2383 1004 presentes
2415 912 2780 980 venerunt
2819 905 2909 979 ad
2937 906 3201 980 dictum
3225 928 3357 980 con-

744 1038 1036 1105 ventum
1081 1031 1174 1105 ad
1210 1031 1716 1106 honorandum
1762 1031 2106 1106 eumdem
2147 1035 2436 1104 Rmum.
2481 1035 2572 1105 D.
2618 1033 3092 1120 Gurcensem‚
3127 1038 3356 1106 etcum

747 1155 838 1228 ad
884 1156 1228 1252 palatium
1275 1155 1681 1252 predictum
1732 1155 2271 1230 associaverunt
2317 1178 2520 1231 more
2562 1153 2818 1245 solito;
2873 1154 2996 1228 ubi
3044 1177 3092 1228 a
3137 1157 3246 1228 SS.
3287 1159 3355 1229 D.

747 1287 997 1356 nostro
1024 1280 1115 1353 ad
1144 1280 1379 1378 pediS,
1415 1304 1673 1354 manus
1704 1287 1773 1353 et
1796 1280 1942 1352 oris
1968 1280 2297 1354 osculum
2319 1285 2429 1356 est
2445 1287 2816 1377 recethS,
2839 1285 2916 1353 et
2944 1278 3202 1354 deinde
3229 1279 3360 1354 dato

747 1404 881 1484 sibi
929 1412 1093 1504 post
1136 1409 1426 1479 Rmum.
1463 1408 1549 1478 D.
1588 1405 2031 1480 cardinalem
2076 1404 2749 1502 Carthaginiensem
2781 1405 2975 1494 locO,
3005 1407 3362 1480 associatus

746 1530 839 1603 ad
884 1553 1175 1626 parvam
1229 1530 1584 1626 capellam
1630 1529 1750 1604 ubi
1800 1530 2262 1605 decantatum
2313 1537 2423 1604 est
2469 1553 2514 1604 a
2556 1530 2970 1604 cantoribus
3015 1531 3266 1604 nostris
3293 1530 3365 1602 Te

745 1652 988 1727 Deum
1034 1653 1439 1746 laudamus,
1475 1660 1548 1729 et
1590 1677 1724 1751 per
1760 1654 2202 1730 cardinalem
2244 1654 2796 1753 Neapolitanum
2835 1679 3086 1730 versus
3133 1663 3202 1731 et
3233 1679 3364 1730 ora-

748 1778 980 1852 tiones
1036 1778 1113 1852 in
1170 1779 1540 1854 creatione
1582 1802 1926 1855 novorum
1980 1778 2455 1854 cardinalium
2505 1780 2862 1870 (Jobanne
2909 1780 3166 1873 Maria,
3207 1783 3368 1856 socio

748 1926 944 1993 meo,
974 1902 1050 1977 id
1091 1903 1469 1982 ordinante
1514 1904 1704 1979 male
1746 1911 1819 1979 et
1858 1904 2420 2000 inadvertenter)
2447 1932 2464 1993 ;
2496 1904 2756 1979 deinde
2801 1908 3072 1981 reversi
3105 1907 3196 1982 ad
3229 1929 3369 1980 con-

748 2027 1146 2119 sistorium,
1181 2029 1429 2104 datum
1470 2037 1581 2104 est
1618 2029 1975 2128 capellum
2007 2030 2246 2106 eidem
2287 2030 2634 2104 cardinali
2673 2032 3052 2124 Gurcensi,
3089 2039 3164 2108 et
3203 2054 3368 2106 asso-

748 2152 976 2231 ciatus
1005 2155 1239 2231 estad
1268 2155 1563 2230 domum
1589 2155 2054 2230 habitationis
2085 2179 2212 2230 sue
2244 2177 2448 2228 more
2481 2155 2715 2230 solito,

849 2280 1059 2390 Feria
1112 2283 1385 2379 quinta,
1433 2287 1525 2356 24
1574 2281 1904 2379 ejusdem
1952 2281 2224 2356 mensis
2263 2281 2532 2378 apriliS,
2585 2281 2718 2355 fuit
2765 2280 2986 2356 etiam
3037 2278 3372 2378 publicum

748 2407 1259 2482 consistorium
1304 2431 1395 2482 ex
1442 2431 1587 2506 qno
1635 2408 2030 2484 associatus
2091 2407 2225 2481 fuit
2274 2412 2527 2481 Rmus,
2576 2412 2664 2483 D.
2711 2405 3095 2481 cardinalis
3139 2404 3376 2480 Montis

751 2531 1068 2628 Regalis,
1090 2530 1373 2629 legatus
1394 2555 1441 2606 a
1460 2532 1689 2609 latere
1710 2533 1803 2607 ad
1828 2531 2326 2608 coronandum
2349 2531 2897 2606 serenissimum
2921 2531 3374 2628 Alphonsum,

750 2655 993 2730 Sicilie
1025 2677 1305 2752 regem,
1326 2658 1699 2754 Neapolim
1730 2659 1958 2733 iturus
1983 2682 2114 2756 per
2136 2680 2391 2732 omnes
2412 2655 2814 2732 cardinales
2841 2663 3010 2729 tunc
3031 2663 3378 2754 presentes

749 2802 979 2875 usque
1010 2779 1101 2852 ad
1132 2778 1496 2854 Coliseum
1520 2781 1668 2872 ubi,
1702 2782 2002 2858 dimisso
2033 2783 2191 2880 ipso
2221 2782 2490 2879 legato,
2517 2780 2658 2854 iter
2677 2804 2889 2854 suum
2909 2781 3376 2864 continuante,

672 2925 678 2931 ·
746 2906 1118 2982 redierunt
1148 2907 1549 2981 cardinales
1580 2907 1673 2985 ad
1703 2907 1959 2980 domos
1993 2932 2183 2982 suas,

844 3032 1055 3107 Feria
1109 3039 1337 3122 sexta,
1386 3037 1428 3104 2
1478 3031 1673 3121 maii,
1720 3035 1848 3106 SS.
1907 3037 1993 3106 D.
2046 3040 2294 3108 noster
2337 3034 2534 3107 misit
2580 3040 2876 3130 gentem
2923 3029 3262 3107 bellicam
3303 3029 3378 3103 ad

746 3159 1079 3230 Castrum
1122 3163 1290 3230 ante
1332 3155 1610 3230 Ostiam
1658 3155 2074 3230 Tiberinam
2122 3179 2290 3230 cum
2343 3156 2700 3230 machinis
2751 3155 2900 3230 suis
2947 3156 3044 3230 ad
3087 3154 3382 3230 obsidio-

748 3303 945 3370 nem,
980 3305 1195 3377 quam
1229 3278 1480 3378 paucis
1512 3278 1775 3352 deinde
1812 3278 2065 3352 diebus
2099 3277 2232 3352 sibi
2268 3279 2675 3377 subjugavit
2705 3284 2838 3377 (1).
2937 3345 2940 3350 .

844 3405 1054 3478 Feria
1077 3411 1355 3500 quarta,
1386 3409 1422 3474 7
1452 3403 1649 3492 maii,
1676 3402 1964 3477 fuerunt
1991 3427 2290 3501 vespere
2319 3404 2682 3478 solemnes
2713 3403 2788 3475 in
2813 3403 3094 3500 capella
3121 3405 3380 3501 majore

745 3528 1016 3625 palatii,
1061 3531 1254 3626 Pape
1306 3534 1668 3623 presente,
1710 3534 1783 3601 et
1829 3529 1946 3602 die
1995 3530 2354 3625 sequenti,
2397 3529 2581 3604 festo
2631 3527 3073 3604 ascentionis
3115 3521 3386 3602 Domini

746 3652 973 3724 nostri
1018 3655 1084 3724 J.
1138 3650 1429 3742 Christi,
1489 3657 1735 3725 RmuS.
1792 3655 1877 3726 D.
1933 3653 2318 3727 cardinalis
2367 3654 2592 3728 sancti
2639 3653 2963 3752 Dionysii
3011 3649 3384 3728 celebravit

746 3775 1045 3850 missam
1073 3778 1474 3855 solemnem
1505 3780 1583 3852 in
1608 3779 1909 3854 basilica
1942 3781 2168 3854 sancti
2201 3781 2421 3869 Petri,
2460 3784 2654 3878 Papa
2691 3789 3034 3876 presente
3070 3805 3089 3853 ε
3125 3800 3389 3856 sermo-

743 3925 912 3976 nem
959 3903 1130 3976 l'ecit
1169 3907 1256 3978 D.
1300 3904 1648 3979 Martinus
1702 3906 1792 3979 de
1849 3905 2112 3997 Vian0,
2160 3905 2574 4003 capellanus
2636 3904 2822 3978 Rmi.
2879 3908 2967 3979 D.
3021 3902 3390 3980 cardinalis

744 4027 970 4102 sancti
1001 4029 1313 4127 Georgii.

839 4153 1073 4226 Finita
1101 4155 1349 4245 missa,
1386 4157 1512 4228 SS.
1542 4159 1629 4227 D.
1656 4159 1908 4228 noster
1933 4154 2010 4227 in
2038 4155 2201 4230 loco
2231 4154 2519 4252 publice
2545 4151 3102 4246 benedictionis,
3126 4151 3385 4252 populo

742 4276 1169 4353 solemniter
1228 4279 1623 4370 benedixit,
1673 4279 1765 4354 ad
1812 4304 2030 4376 quem
2083 4281 2326 4356 locum
2374 4280 2612 4379 ipsum
2661 4280 3114 4358 associarunt
3159 4274 3386 4354 cardi-

733 4402 937 4477 nales
968 4410 1041 4476 et
1064 4403 1321 4501 prelati
1350 4405 1421 4477 in
1453 4428 1703 4480 eorum
1736 4405 2013 4503 cappis,
2051 4429 2254 4481 more
2285 4405 2530 4482 solito.

834 4530 1043 4606 Feria
1071 4538 1301 4620 sexta,
1344 4536 1431 4604 16
1464 4530 1663 4620 maii,
1697 4537 2055 4604 venerunt
2088 4530 2182 4605 ad
2213 4533 2484 4628 Urbem
2513 4535 2823 4629 quatuor
2853 4536 3177 4608 oratores
3198 4524 3390 4623 regis

737 4651 1037 4724 Francie
1068 4651 1190 4748 qui
1222 4651 1516 4725 fuerunt
1544 4674 1587 4725 a
1615 4650 1908 4725 familiis
1930 4653 2123 4748 Pape
2156 4659 2226 4727 et
2257 4654 2583 4728 omnium
2615 4652 3086 4728 cardinalium
3117 4647 3390 4746 recepti

804 4910 855 4966 1.
900 4931 928 4960 «
967 4910 1072 4966 Adi
1110 4911 1283 4982 primo
1320 4911 1374 4966 di
1412 4912 1637 4987 Maggio
1681 4913 1839 4972 1494.
1883 4914 1944 4970 Si
1983 4914 2186 4988 partiro
2225 4914 2281 4970 di
2318 4917 2492 4973 Roma
2527 4921 2607 4972 tre
2652 4915 2950 4973 bombat-sle
2989 4933 3087 4990 per
3119 4913 3323 4973 andare
3363 4931 3398 4968 a

728 4997 901 5056 Ostia.
937 4998 979 5054 E
1008 4998 1099 5054 adi
1125 5001 1161 5052 2
1188 4999 1337 5056 detto
1365 5000 1421 5055 vi
1449 5001 1592 5057 ando
1622 5003 1658 5059 il
1688 5003 1859 5060 Conte
1889 5003 2109 5061 Niccola
2137 5006 2208 5061 da
2228 5004 2526 5079 Pitigliano
2555 5022 2659 5062 con
2685 5005 2841 5074 santi,
2865 5023 2894 5060 e
2925 5002 3129 5061 Cavalti
3157 5022 3184 5059 e
3206 5001 3392 5057 Guas·

723 5089 924 5236 ‘tatpgiiI
930 5111 978 5237 1³³1
1000 5092 1164 5164 Βίαν]
1189 5091 1387 5147 Sanesi
1414 5089 1468 5146 di
1499 5091 1800 5167 Allegretto
1829 5093 2134 5170 Allegretti,
2168 5094 2270 5152 col.
2303 5097 2409 5151 829
2437 5095 2578 5153 dans
2607 5097 2832 5164 Murat.,
2863 5095 2992 5152 Rer.
3013 5093 3392 5162 ltal.Scr-ipt.,

722 5182 763 5236 t.
983 5225 997 5239 .
