3625 6059
746 559 851 614 466
1660 555 2013 614 JOHANNIS
2053 557 2497 627 BURCHARDI,
3121 559 3242 622 [Mai
3275 563 3376 608 mis

746 714 845 786 ita
881 711 1073 808 quod
1112 734 1257 784 non
1300 711 1527 809 possit
1569 711 1695 784 tibi
1737 711 2008 809 imponi
2049 712 2247 809 quod
2285 735 2578 786 cessans
2618 737 2662 785 a
2701 711 3004 808 publicis
3051 712 3392 785 sermoni-

750 837 881 910 bus
916 841 987 911 te
1018 835 1458 910 convertaris
1488 835 1579 908 ad
1610 831 2110 910 conventicula
2154 861 2170 909 ε
2216 861 2432 933 quem
2473 837 2772 911 modum
2813 836 3114 911 omnino
3163 845 3392 911 teneas

750 961 981 1036 donec
1013 967 1083 1036 te
1114 961 1499 1035 commode
1532 969 1603 1034 et
1634 985 1799 1038 cum
1833 987 1920 1036 ea
1946 962 2332 1036 honestate
2363 986 2502 1059 que
2535 963 2749 1037 decet
2773 963 3226 1060 religiosum,
3265 987 3392 1034 non

750 1089 1078 1186 stipatus,
1123 1096 1204 1161 ut
1238 1088 1735 1185 intelligimuS,
1780 1085 2434 1184 militibuS,.possis
2475 1086 2566 1161 ad
2605 1086 3048 1184 presentiam
3089 1092 3392 1159 nostram

750 1213 1111 1288 conferre.
1160 1213 1582 1288 Videbimus
1634 1212 1829 1286 enim
1874 1219 1944 1286 te
1987 1211 2196 1284 hilari
2241 1217 2314 1284 et
2356 1220 2660 1308 paterno
2711 1212 2984 1300 anim0,
3027 1209 3144 1286 vel
3183 1207 3394 1284 donee

750 1338 1103 1412 maturius
1134 1337 1617 1412 deliberemus
1649 1360 1869 1433 quem
1898 1336 2196 1409 modum
2227 1335 2494 1410 debeas
2525 1336 2596 1409 iu
2631 1337 2954 1413 futurum
2995 1343 3242 1410 tenere
3269 1336 3390 1408 vel.

754 1465 811 1538 si
854 1464 1065 1537 nobis
1098 1463 1475 1554 videbitur,
1529 1463 1842 1562 aliquem
1890 1462 2236 1536 idoneum
2283 1469 2354 1537 et
2396 1463 2704 1559 probum
2747 1463 2976 1538 virum
3023 1463 3392 1538 destinabi-

756 1618 943 1668 mus.
984 1593 1186 1679 Quod
1219 1593 1277 1666 si
1308 1589 1593 1681 feceris,
1630 1594 1709 1662 ut
1738 1610 2138 1684 speramuS‚
2181 1609 2270 1661 ex
2298 1611 2488 1660 nunc
2519 1588 3032 1683 suspendimus
3059 1587 3290 1662 brevia
3325 1593 3387 1660 et

755 1724 1099 1792 contenta
1134 1717 1209 1789 in
1252 1715 1391 1789 illis
1431 1737 1571 1810 que
1610 1711 2128 1807 adscripsimus
2167 1717 2239 1784 et
2279 1735 2776 1808 quascumque
2819 1712 3178 1787 clausulas·
3205 1713 3272 1786 in
3297 1711 3388 1786 eis

754 1849 1157 1932 contentaS,
1208 1849 1288 1914 ut
1331 1839 1572 1935 quiete
1617 1837 1852 1936 possis
1891 1835 2338 1911 conscientie
2371 1845 2486 1912 tue
2519 1862 2802 1912 vacare.
2852 1842 3119 1912 Datum
3160 1843 3384 1911 Rome.

754 1967 949 2063 apud
976 1974 1305 2042 sanctum
1336 1969 1657 2052 Petrum,
1702 1963 1820 2036 die
1853 1969 2058 2037 sexta
2086 1962 2372 2036 decima
2399 1965 2720 2037 octobris
2763 1971 2942 2038 1497
2989 1965 3116 2053 (1).

858 2091 1256 2190 Responsio
1292 2090 1525 2164 fratris
1562 2089 1981 2186 Hieronymi
2025 2089 2460 2164 Savonarole
2495 2089 2589 2163 ad
2623 2090 3118 2165 Alexandrum
3157 2113 3386 2187 papam

759 2227 1066 2294 sextum.

858 2341 1280 2418 Beatissimo
1311 2350 1543 2437 pater,
1576 2347 1743 2437 post
1770 2339 2146 2414 beatorum
2185 2339 2451 2436 pedum
2485 2343 2755 2434 oscula,
2793 2342 3108 2419 exhibite
3137 2341 3386 2414 fuerunt

760 2470 986 2568 pridie
1031 2469 1241 2542 litere
1294 2465 1706 2540 Sanctitatis
1754 2471 1990 2541 vestre
2033 2467 2414 2540 conventui
2463 2476 2713 2543 nostro
2757 2470 2832 2542 in
2877 2470 3114 2543 forma
3155 2467 3380 2542 brevis.

758 2594 1020 2691 quibus
1052 2597 1485 2667 conventum
1524 2590 1719 2666 hunc
1750 2598 1824 2666 et
1862 2597 2294 2667 conventum
2337 2594 2566 2666 sancti
2609 2594 2970 2670 Dominici
3011 2593 3102 2668 ad
3131 2592 3386 2668 Fesulas

755 2715 1305 2816 congregationi
1352 2715 1783 2791 Lombardie
1828 2717 2156 2793 reunisse
2199 2720 2604 2812 intimabat,
2649 2725 2721 2794 et
2759 2721 3058 2795 fratrem
3104 2717 3389 2792 Domini-

760 2868 925 2918 cum
974 2844 1065 2920 de
1114 2840 1347 2918 Piscia
1390 2847 1463 2916 et
1506 2841 1800 2916 fratrem
1849 2841 2205 2917 Thomam
2255 2845 2644 2920 Bussinum
2691 2853 2766 2918 et
2804 2847 3102 2922 fratrem
3143 2847 3388 2945 Sylves-

758 2976 944 3043 trem
989 2969 1077 3042 de
1122 2967 1488 3044 Florentia
1532 2969 1932 3042 Bononiam
1977 2970 2340 3067 proficisci
2383 2972 2741 3069 Sanctitas
2781 2980 3028 3047 vestra
3073 2969 3386 3071 precipie-

764 3095 917 3183 bat3
952 3095 1169 3193 idque
1200 3093 1363 3167 ideo
1395 3093 1665 3168 sactum
1700 3093 1855 3168 fore
1885 3096 2078 3190 quod
2109 3118 2245 3192 ego
2277 3096 2434 3193 ipse
2461 3098 2946 3196 Hieronymus
2976 3099 3200 3173 multa
3223 3097 3386 3171 fatua

640 3299 649 3304 ,
762 3226 977 3317 atque
1007 3219 1082 3292 in
1114 3217 1533 3292 scandalum
1560 3218 1635 3292 in
1666 3219 1990 3292 Ecclesia
2019 3219 2149 3293 Dei
2181 3220 2390 3296 facile
2416 3223 2738 3318 paritura
2765 3233 3024 3298 contra
3044 3223 3385 3298 canonicas

765 3343 1175 3419 sanctiones
1233 3343 1540 3416 dixerim
1594 3350 1667 3418 et
1716 3344 2005 3441 publice
2052 3348 2322 3444 populo
2376 3349 2935 3446 predicaverim,
2989 3372 3382 3444 causamque

766 3488 1005 3539 meam
1033 3466 1391 3564 punitioni
1423 3473 1496 3540 et
1526 3469 1920 3564 cognitioni
1954 3472 2312 3567 generalis
2344 3472 2589 3547 vicarii
2622 3474 2810 3547 dicte
2841 3471 3382 3574 congregationis

766 3615 897 3689 per
922 3591 1098 3665 alias
1130 3615 1295 3666 suas
1331 3590 1579 3667 literas
1616 3593 2103 3669 submittebat.
2153 3601 2344 3682 Quas
2381 3596 2625 3673 literas
2665 3599 2860 3675 bono
2903 3601 3145 3674 animo
3181 3607 3380 3694 etqua

766 3715 1008 3790 decuit
1050 3717 1449 3790 reverentia
1493 3721 1970 3817 suscepimuS,
2021 3720 2194 3796 dum
2241 3723 2710 3799 sanctitatem
2749 3733 3072 3801 vestram
3110 3725 3194 3800 de
3229 3730 3380 3797 statu

768 3841 1091 3917 Ecclesie
1136 3849 1208 3917 et
1252 3841 1341 3916 de
1386 3843 1619 3920 salute
1669 3846 2074 3922 animarum
2119 3855 2527 3923 nostrarum
2575 3850 2958 3926 sollicitam
2997 3850 3380 3927 ostendunt:

770 3967 902 4043 sed
942 3967 1301 4042 doluimus
1344 3970 1818 4048 vehementer
1859 3997 1944 4046 ac
1983 3973 2314 4047 dolemus
2357 3976 2553 4072 quod
2595 3999 2683 4051 eo
2725 4002 2953 4077 usque
2993 3971 3384 4076 processerit

766 4094 1147 4169 hominum
1190 4095 1463 4169 malitia
1508 4103 1585 4168 ut
1633 4097 1771 4171 sint
1809 4099 1933 4194 qui
1971 4100 2188 4175 etiam
2238 4123 2520 4175 summo
2567 4101 2894 4200 pontifici
2935 4126 3023 4177 ac
3063 4098 3298 4178 Christi
3327 4098 3383 4170 in

769 4226 963 4292 terra
980 4219 1245 4294 vicario
1270 4242 1387 4295 res
1408 4227 1558 4296 tam
1578 4223 1795 4297 falsas
1822 4230 2118 4322 tamque
2142 4249 2482 4324 perverse
2506 4226 3020 4325 interpretatas
3041 4247 3384 4327 suggeret-t¹

769 4365 914 4418 non
948 4344 1514 4422 formidaverint.
1558 4351 1644 4423 Et
1674 4349 1842 4447 quia
1876 4375 1964 4426 ex
1993 4352 2480 4449 predictarum
2513 4351 2888 4430 literarum
2921 4355 3109 4432 serie
3147 4352 3386 4430 constat

774 4468 990 4544 totius
1019 4469 1237 4569 hujus
1271 4473 1375 4548 rei
1401 4474 1742 4550 effectum
1768 4500 1811 4550 a
1835 4501 1955 4553 me
1981 4485 2254 4554 asserte
2281 4479 2492 4577 culpe
2521 4503 2737 4553 causa
2759 4481 3152 4578 proficisci,
3177 4479 3383 4578 parcet

771 4595 948 4669 mihi
996 4593 1314 4694 benigna
1360 4599 1719 4674 Sanctitas
1760 4609 2022 4696 vestra,
2073 4605 2132 4678 si
2179 4629 2344 4702 eg0,
2397 4610 2742 4702 tanquam
2788 4606 2848 4678 is
2891 4633 2936 4679 a
2975 4631 3120 4704 quo
3163 4602 3386 4678 dicitur

772 4719 942 4796 oriri
969 4722 1109 4798 hec
1140 4730 1563 4822 tempestas,
1596 4751 1928 4802 meorum
1973 4736 2344 4828 gestorum
2381 4731 2760 4806 veritatem
2795 4739 3012 4830 atque
3053 4727 3384 4806 sincerita-

772 4857 949 4937 tem,
976 4849 1165 4922 unde
1193 4849 1363 4923 boni
1393 4852 1621 4926 secuti
1652 4859 1724 4928 et
1755 4854 1878 4950 qui
1905 4856 2107 4952 sequi
2143 4863 2526 4954 sperantur
2555 4855 2886 4947 effectuS,
2913 4881 2956 4931 a
2985 4857 3173 4931 falsis
3200 4854 3384 4926 inter-

770 4970 1323 5070 pretationibuS,
1360 4979 1880 5054 assertionibus
1929 4987 2001 5056 et
2047 4981 2633 5079 suggestionibus
2686 4982 3073 5058 defendam
3115 5007 3132 5055 :
3181 4999 3380 5072 neque

848 5158 896 5218 1.
938 5156 1173 5217 L’annee
1203 5161 1343 5216 1497
1371 5161 1583 5220 donnee
1621 5181 1719 5239 pm·
1754 5163 1836 5223 les
1873 5139 2010 5227 mss'.
2045 5175 2098 5224 et
2133 5167 2215 5224 les
2259 5167 2535 5242 imprimes
2575 5169 2690 5225 doit
2727 5172 2839 5225 etro
2879 5167 3115 5243 corrigite
3149 5183 3210 5221 en
3245 5159 3366 5219 itm.

775 5265 982 5306 comme
1005 5247 1055 5305 le
1083 5249 1365 5306 demontre
1387 5247 1594 5322 Villari,
1626 5259 1667 5312 t.
1700 5254 1745 5325 Ι,
1776 5253 1813 5310 l.
1849 5254 1942 5326 ΙΙΙ,
1975 5257 2061 5313 ch.
2099 5275 2150 5324 v,
2181 5275 2234 5330 p.
2271 5259 2392 5328 436,
2425 5277 2480 5315 n.
2515 5261 2565 5317 1.
