<?xml version="1.0" encoding="UTF-8"?>
<!DOCTYPE html PUBLIC "-//W3C//DTD XHTML 1.0 Transitional//EN"
    "http://www.w3.org/TR/xhtml1/DTD/xhtml1-transitional.dtd">
<html xmlns="http://www.w3.org/1999/xhtml" xml:lang="en" lang="en">
 <head>
  <title>
</title>
<meta http-equiv="Content-Type" content="text/html;charset=utf-8" />
  <meta name='ocr-system' content='tesseract 3.04.00' />
  <meta name='ocr-capabilities' content='ocr_page ocr_carea ocr_par ocr_line ocrx_word'/>
</head>
<body>
  <div class='ocr_page' id='page_1' title='image "./johannisburchar00unkngoog_0621.png"; bbox 0 0 3625 6059; ppageno 0'>
   <div class='ocr_carea' id='block_1_1' title="bbox 1394 589 2940 652">
    <p class='ocr_par' dir='ltr' id='par_1_1' title="bbox 1394 589 2940 652">
     <span class='ocr_line' id='line_1_1' title="bbox 1394 589 2940 652; baseline 0.003 -7"><span class='ocrx_word' id='word_1_1' title='bbox 1394 589 1821 648; x_wconf 84' lang='lat' dir='ltr'>APPENDICE.</span> <span class='ocrx_word' id='word_1_2' title='bbox 2834 599 2940 652; x_wconf 69' lang='lat'>609</span> 
     </span>
    </p>
   </div>
   <div class='ocr_carea' id='block_1_2' title="bbox 257 739 2971 4568">
    <p class='ocr_par' dir='ltr' id='par_1_2' title="bbox 257 739 2971 4368">
     <span class='ocr_line' id='line_1_2' title="bbox 271 739 2942 811; baseline 0.002 -7"><span class='ocrx_word' id='word_1_3' title='bbox 271 741 668 805; x_wconf 72' lang='lat' dir='ltr'>referamus.</span> <span class='ocrx_word' id='word_1_4' title='bbox 699 739 1138 805; x_wconf 87' lang='lat' dir='ltr'>Diaconorum</span> <span class='ocrx_word' id='word_1_5' title='bbox 1170 741 1466 806; x_wconf 85' lang='lat' dir='ltr'>ordinem</span> <span class='ocrx_word' id='word_1_6' title='bbox 1501 761 1538 808; x_wconf 87' lang='lat' dir='ltr'>a</span> <span class='ocrx_word' id='word_1_7' title='bbox 1571 743 1749 808; x_wconf 86' lang='lat' dir='ltr'>tribu</span> <span class='ocrx_word' id='word_1_8' title='bbox 1786 743 1939 809; x_wconf 83' lang='lat' dir='ltr'>Levi</span> <span class='ocrx_word' id='word_1_9' title='bbox 1972 751 2037 809; x_wconf 88' lang='lat' dir='ltr'>et</span> <span class='ocrx_word' id='word_1_10' title='bbox 2070 745 2222 810; x_wconf 91' lang='lat' dir='ltr'>inde</span> <span class='ocrx_word' id='word_1_11' title='bbox 2258 747 2410 810; x_wconf 79' lang='lat' dir='ltr'>dicti</span> <span class='ocrx_word' id='word_1_12' title='bbox 2445 748 2639 811; x_wconf 90' lang='lat' dir='ltr'>levite</span> <span class='ocrx_word' id='word_1_13' title='bbox 2658 747 2725 810; x_wconf 90' lang='lat' dir='ltr'>in</span> <span class='ocrx_word' id='word_1_14' title='bbox 2765 750 2942 810; x_wconf 82' lang='lat' dir='ltr'>auxi-</span> 
     </span>
     <span class='ocr_line' id='line_1_3' title="bbox 267 840 2941 925; baseline 0.001 -23"><span class='ocrx_word' id='word_1_15' title='bbox 267 840 438 903; x_wconf 88' lang='lat' dir='ltr'>lium</span> <span class='ocrx_word' id='word_1_16' title='bbox 467 841 796 921; x_wconf 82' lang='lat' dir='ltr'><strong>assumpti</strong></span> <span class='ocrx_word' id='word_1_17' title='bbox 824 841 1244 906; x_wconf 86' lang='lat' dir='ltr'>sacerdotum</span> <span class='ocrx_word' id='word_1_18' title='bbox 1281 843 1606 924; x_wconf 81' lang='lat' dir='ltr'><strong>originem</strong></span> <span class='ocrx_word' id='word_1_19' title='bbox 1649 843 2043 922; x_wconf 85' lang='lat' dir='ltr'>produxisse</span> <span class='ocrx_word' id='word_1_20' title='bbox 2076 847 2445 909; x_wconf 89' lang='lat' dir='ltr'>communis</span> <span class='ocrx_word' id='word_1_21' title='bbox 2484 852 2659 910; x_wconf 87' lang='lat' dir='ltr'>extat</span> <span class='ocrx_word' id='word_1_22' title='bbox 2680 847 2900 925; x_wconf 91' lang='lat' dir='ltr'>opinio</span> <span class='ocrx_word' id='word_1_23' title='bbox 2928 867 2941 906; x_wconf 91' lang='lat'>:</span> 
     </span>
     <span class='ocr_line' id='line_1_4' title="bbox 273 941 2943 1022; baseline 0.001 -20"><span class='ocrx_word' id='word_1_24' title='bbox 273 942 641 1004; x_wconf 87' lang='lat' dir='ltr'>observant</span> <span class='ocrx_word' id='word_1_25' title='bbox 683 941 994 1020; x_wconf 88' lang='lat' dir='ltr'>quicquid</span> <span class='ocrx_word' id='word_1_26' title='bbox 1039 941 1125 1006; x_wconf 90' lang='lat' dir='ltr'>ad</span> <span class='ocrx_word' id='word_1_27' title='bbox 1167 942 1287 1004; x_wconf 92' lang='lat' dir='ltr'>Dei</span> <span class='ocrx_word' id='word_1_28' title='bbox 1329 943 1578 1004; x_wconf 88' lang='lat' dir='ltr'>cultum</span> <span class='ocrx_word' id='word_1_29' title='bbox 1622 945 1918 1006; x_wconf 87' lang='lat' dir='ltr'>noscitur</span> <span class='ocrx_word' id='word_1_30' title='bbox 1955 945 2307 1022; x_wconf 87' lang='lat' dir='ltr'>pertinere,</span> <span class='ocrx_word' id='word_1_31' title='bbox 2340 947 2749 1009; x_wconf 83' lang='lat' dir='ltr'>tabernaculi</span> <span class='ocrx_word' id='word_1_32' title='bbox 2784 963 2943 1008; x_wconf 85' lang='lat' dir='ltr'>vasa</span> 
     </span>
     <span class='ocr_line' id='line_1_5' title="bbox 270 1039 2945 1118; baseline 0.001 -17"><span class='ocrx_word' id='word_1_33' title='bbox 270 1039 698 1118; x_wconf 76' lang='lat' dir='ltr'>custodiunt3</span> <span class='ocrx_word' id='word_1_34' title='bbox 749 1040 969 1104; x_wconf 86' lang='lat' dir='ltr'>divino</span> <span class='ocrx_word' id='word_1_35' title='bbox 1019 1041 1383 1104; x_wconf 89' lang='lat' dir='ltr'>ministerio</span> <span class='ocrx_word' id='word_1_36' title='bbox 1427 1041 1812 1104; x_wconf 75' lang='lat' dir='ltr'>servientes.</span> <span class='ocrx_word' id='word_1_37' title='bbox 1852 1041 2009 1104; x_wconf 85' lang='lat' dir='ltr'>Hinc</span> <span class='ocrx_word' id='word_1_38' title='bbox 2046 1042 2302 1106; x_wconf 90' lang='lat' dir='ltr'>diaconi</span> <span class='ocrx_word' id='word_1_39' title='bbox 2344 1045 2720 1107; x_wconf 81' lang='lat' dir='ltr'>cardinales</span> <span class='ocrx_word' id='word_1_40' title='bbox 2760 1061 2945 1106; x_wconf 90' lang='lat' dir='ltr'>sum-</span> 
     </span>
     <span class='ocr_line' id='line_1_6' title="bbox 275 1137 2943 1224; baseline 0.002 -25"><span class='ocrx_word' id='word_1_41' title='bbox 275 1155 464 1200; x_wconf 91' lang='lat' dir='ltr'>mum</span> <span class='ocrx_word' id='word_1_42' title='bbox 495 1137 874 1202; x_wconf 87' lang='lat' dir='ltr'>Pontificem</span> <span class='ocrx_word' id='word_1_43' title='bbox 902 1141 1191 1202; x_wconf 89' lang='lat' dir='ltr'>medium</span> <span class='ocrx_word' id='word_1_44' title='bbox 1225 1141 1404 1202; x_wconf 88' lang='lat' dir='ltr'>velut</span> <span class='ocrx_word' id='word_1_45' title='bbox 1439 1140 1700 1202; x_wconf 91' lang='lat' dir='ltr'>archam</span> <span class='ocrx_word' id='word_1_46' title='bbox 1734 1139 1979 1206; x_wconf 86' lang='lat' dir='ltr'>federis</span> <span class='ocrx_word' id='word_1_47' title='bbox 2021 1144 2142 1206; x_wconf 93' lang='lat' dir='ltr'>soli</span> <span class='ocrx_word' id='word_1_48' title='bbox 2178 1141 2546 1224; x_wconf 73' lang='lat' dir='ltr'>deportant,</span> <span class='ocrx_word' id='word_1_49' title='bbox 2575 1145 2943 1207; x_wconf 84' lang='lat' dir='ltr'>Pontificem</span> 
     </span>
     <span class='ocr_line' id='line_1_7' title="bbox 267 1235 2947 1324; baseline 0.002 -26"><span class='ocrx_word' id='word_1_50' title='bbox 267 1237 572 1300; x_wconf 88' lang='lat' dir='ltr'>medium</span> <span class='ocrx_word' id='word_1_51' title='bbox 617 1238 701 1300; x_wconf 90' lang='lat' dir='ltr'>ab</span> <span class='ocrx_word' id='word_1_52' title='bbox 742 1239 1177 1317; x_wconf 86' lang='lat' dir='ltr'>oppressione</span> <span class='ocrx_word' id='word_1_53' title='bbox 1227 1235 1609 1310; x_wconf 76' lang='lat' dir='ltr'>defendunt‚</span> <span class='ocrx_word' id='word_1_54' title='bbox 1653 1239 2079 1303; x_wconf 79' lang='lat' dir='ltr'>sacerdotum</span> <span class='ocrx_word' id='word_1_55' title='bbox 2124 1244 2715 1324; x_wconf 88' lang='lat' dir='ltr'>episcoporumque</span> <span class='ocrx_word' id='word_1_56' title='bbox 2766 1259 2947 1305; x_wconf 85' lang='lat' dir='ltr'>sacer</span> 
     </span>
     <span class='ocr_line' id='line_1_8' title="bbox 269 1337 2948 1418; baseline 0.001 -18"><span class='ocrx_word' id='word_1_57' title='bbox 269 1337 720 1400; x_wconf 89' lang='lat' dir='ltr'>Cardinalium</span> <span class='ocrx_word' id='word_1_58' title='bbox 754 1342 938 1401; x_wconf 85' lang='lat' dir='ltr'>cetus</span> <span class='ocrx_word' id='word_1_59' title='bbox 965 1339 1418 1418; x_wconf 84' lang='lat' dir='ltr'>subsequitur,</span> <span class='ocrx_word' id='word_1_60' title='bbox 1452 1337 1534 1400; x_wconf 88' lang='lat' dir='ltr'>de</span> <span class='ocrx_word' id='word_1_61' title='bbox 1564 1354 1848 1416; x_wconf 89' lang='lat' dir='ltr'>quorum</span> <span class='ocrx_word' id='word_1_62' title='bbox 1881 1342 2216 1404; x_wconf 86' lang='lat' dir='ltr'>veteribus</span> <span class='ocrx_word' id='word_1_63' title='bbox 2246 1343 2561 1405; x_wconf 82' lang='lat' dir='ltr'>institutis</span> <span class='ocrx_word' id='word_1_64' title='bbox 2591 1343 2746 1405; x_wconf 91' lang='lat' dir='ltr'>alibi</span> <span class='ocrx_word' id='word_1_65' title='bbox 2787 1346 2849 1404; x_wconf 87' lang='lat' dir='ltr'>et</span> <span class='ocrx_word' id='word_1_66' title='bbox 2881 1342 2948 1402; x_wconf 92' lang='lat' dir='ltr'>in</span> 
     </span>
     <span class='ocr_line' id='line_1_9' title="bbox 257 1435 2947 1519; baseline 0.001 -23"><span class='ocrx_word' id='word_1_67' title='bbox 257 1435 677 1515; x_wconf 84' lang='lat' dir='ltr'>compendiis</span> <span class='ocrx_word' id='word_1_68' title='bbox 703 1437 869 1498; x_wconf 90' lang='lat' dir='ltr'>meis</span> <span class='ocrx_word' id='word_1_69' title='bbox 888 1437 1087 1499; x_wconf 81' lang='lat' dir='ltr'>latius</span> <span class='ocrx_word' id='word_1_70' title='bbox 1114 1435 1504 1517; x_wconf 76' lang='lat' dir='ltr'>degustabis</span> <span class='ocrx_word' id='word_1_71' title='bbox 1540 1455 1554 1496; x_wconf 91' lang='lat'><strong>:</strong></span> <span class='ocrx_word' id='word_1_72' title='bbox 1586 1435 1963 1498; x_wconf 85' lang='lat' dir='ltr'>sacerdotes</span> <span class='ocrx_word' id='word_1_73' title='bbox 1995 1437 2297 1517; x_wconf 83' lang='lat' dir='ltr'>planetas</span> <span class='ocrx_word' id='word_1_74' title='bbox 2327 1457 2494 1519; x_wconf 89' lang='lat' dir='ltr'>quas</span> <span class='ocrx_word' id='word_1_75' title='bbox 2527 1456 2649 1501; x_wconf 93' lang='lat' dir='ltr'>nos</span> <span class='ocrx_word' id='word_1_76' title='bbox 2682 1439 2947 1501; x_wconf 90' lang='lat' dir='ltr'>casulas</span> 
     </span>
     <span class='ocr_line' id='line_1_10' title="bbox 261 1532 2953 1616; baseline 0.002 -23"><span class='ocrx_word' id='word_1_77' title='bbox 261 1533 615 1596; x_wconf 85' lang='lat' dir='ltr'>distinctas</span> <span class='ocrx_word' id='word_1_78' title='bbox 650 1551 809 1597; x_wconf 86' lang='lat' dir='ltr'>auro</span> <span class='ocrx_word' id='word_1_79' title='bbox 845 1552 859 1595; x_wconf 82' lang='lat' dir='ltr'>z</span> <span class='ocrx_word' id='word_1_80' title='bbox 892 1535 1197 1614; x_wconf 87' lang='lat' dir='ltr'>Episcopi</span> <span class='ocrx_word' id='word_1_81' title='bbox 1229 1532 1538 1613; x_wconf 87' lang='lat' dir='ltr'>pluvialia</span> <span class='ocrx_word' id='word_1_82' title='bbox 1573 1533 1869 1611; x_wconf 89' lang='lat' dir='ltr'>preciosa</span> <span class='ocrx_word' id='word_1_83' title='bbox 1901 1535 2145 1616; x_wconf 88' lang='lat' dir='ltr'>singuli</span> <span class='ocrx_word' id='word_1_84' title='bbox 2176 1538 2411 1601; x_wconf 89' lang='lat' dir='ltr'>mitras</span> <span class='ocrx_word' id='word_1_85' title='bbox 2441 1555 2519 1600; x_wconf 84' lang='lat' dir='ltr'>ex</span> <span class='ocrx_word' id='word_1_86' title='bbox 2548 1539 2754 1600; x_wconf 89' lang='lat' dir='ltr'>serico</span> <span class='ocrx_word' id='word_1_87' title='bbox 2795 1553 2953 1599; x_wconf 89' lang='lat' dir='ltr'>con-</span> 
     </span>
     <span class='ocr_line' id='line_1_11' title="bbox 265 1631 2949 1698; baseline 0.001 -5"><span class='ocrx_word' id='word_1_88' title='bbox 265 1631 478 1694; x_wconf 86' lang='lat' dir='ltr'>fectas</span> <span class='ocrx_word' id='word_1_89' title='bbox 503 1631 872 1695; x_wconf 88' lang='lat' dir='ltr'>deferentes</span> <span class='ocrx_word' id='word_1_90' title='bbox 893 1631 1273 1695; x_wconf 83' lang='lat' dir='ltr'>Pontificem</span> <span class='ocrx_word' id='word_1_91' title='bbox 1303 1631 1645 1694; x_wconf 79' lang='lat' dir='ltr'>anteibant</span> <span class='ocrx_word' id='word_1_92' title='bbox 1681 1653 1695 1693; x_wconf 74' lang='grc' dir='ltr'>ε</span> <span class='ocrx_word' id='word_1_93' title='bbox 1729 1633 1984 1696; x_wconf 85' lang='lat' dir='ltr'>Medius</span> <span class='ocrx_word' id='word_1_94' title='bbox 2010 1634 2277 1698; x_wconf 90' lang='lat' dir='ltr'>tandem</span> <span class='ocrx_word' id='word_1_95' title='bbox 2308 1637 2479 1698; x_wconf 85' lang='lat' dir='ltr'>inter</span> <span class='ocrx_word' id='word_1_96' title='bbox 2508 1637 2700 1698; x_wconf 91' lang='lat' dir='ltr'>binos</span> <span class='ocrx_word' id='word_1_97' title='bbox 2733 1636 2949 1698; x_wconf 88' lang='lat' dir='ltr'>diaco-</span> 
     </span>
     <span class='ocr_line' id='line_1_12' title="bbox 265 1729 2952 1811; baseline 0.001 -20"><span class='ocrx_word' id='word_1_98' title='bbox 265 1745 396 1792; x_wconf 91' lang='lat' dir='ltr'>nos</span> <span class='ocrx_word' id='word_1_99' title='bbox 419 1729 800 1794; x_wconf 80' lang='lat' dir='ltr'>cardinales</span> <span class='ocrx_word' id='word_1_100' title='bbox 823 1730 1166 1810; x_wconf 88' lang='lat' dir='ltr'>egreditur</span> <span class='ocrx_word' id='word_1_101' title='bbox 1183 1729 1548 1792; x_wconf 85' lang='lat' dir='ltr'>Alexander</span> <span class='ocrx_word' id='word_1_102' title='bbox 1569 1729 1760 1808; x_wconf 87' lang='lat' dir='ltr'>cujus</span> <span class='ocrx_word' id='word_1_103' title='bbox 1782 1747 1906 1811; x_wconf 89' lang='lat' dir='ltr'>ego</span> <span class='ocrx_word' id='word_1_104' title='bbox 1927 1732 2219 1795; x_wconf 88' lang='lat' dir='ltr'>humeris</span> <span class='ocrx_word' id='word_1_105' title='bbox 2240 1734 2623 1797; x_wconf 86' lang='lat' dir='ltr'>inherebam</span> <span class='ocrx_word' id='word_1_106' title='bbox 2644 1735 2952 1796; x_wconf 89' lang='lat' dir='ltr'>manibus</span> 
     </span>
     <span class='ocr_line' id='line_1_13' title="bbox 262 1825 2951 1910; baseline 0.001 -20"><span class='ocrx_word' id='word_1_107' title='bbox 262 1827 536 1890; x_wconf 88' lang='lat' dir='ltr'>mitram</span> <span class='ocrx_word' id='word_1_108' title='bbox 564 1832 838 1906; x_wconf 88' lang='lat' dir='ltr'>gestans</span> <span class='ocrx_word' id='word_1_109' title='bbox 870 1827 1224 1907; x_wconf 87' lang='lat' dir='ltr'>aliquando</span> <span class='ocrx_word' id='word_1_110' title='bbox 1249 1827 1551 1908; x_wconf 83' lang='lat' dir='ltr'>thyaram</span> <span class='ocrx_word' id='word_1_111' title='bbox 1581 1825 1824 1891; x_wconf 89' lang='lat' dir='ltr'>diversi</span> <span class='ocrx_word' id='word_1_112' title='bbox 1851 1830 2118 1908; x_wconf 89' lang='lat' dir='ltr'>generis</span> <span class='ocrx_word' id='word_1_113' title='bbox 2152 1831 2673 1910; x_wconf 87' lang='lat' dir='ltr'>preciosissimos</span> <span class='ocrx_word' id='word_1_114' title='bbox 2697 1831 2951 1910; x_wconf 87' lang='lat' dir='ltr'>lapides</span> 
     </span>
     <span class='ocr_line' id='line_1_14' title="bbox 264 1925 2954 2008; baseline 0.001 -20"><span class='ocrx_word' id='word_1_115' title='bbox 264 1925 732 1989; x_wconf 86' lang='lat' dir='ltr'>continentes:</span> <span class='ocrx_word' id='word_1_116' title='bbox 763 1927 970 1990; x_wconf 89' lang='lat' dir='ltr'>secuti</span> <span class='ocrx_word' id='word_1_117' title='bbox 997 1929 1154 1989; x_wconf 89' lang='lat' dir='ltr'>sunt</span> <span class='ocrx_word' id='word_1_118' title='bbox 1182 1925 1658 2006; x_wconf 85' lang='lat' dir='ltr'>prothonotarii</span> <span class='ocrx_word' id='word_1_119' title='bbox 1679 1931 1744 1990; x_wconf 90' lang='lat' dir='ltr'>et</span> <span class='ocrx_word' id='word_1_120' title='bbox 1776 1929 1991 1990; x_wconf 91' lang='lat' dir='ltr'>omnis</span> <span class='ocrx_word' id='word_1_121' title='bbox 2012 1927 2242 1991; x_wconf 85' lang='lat' dir='ltr'>militia</span> <span class='ocrx_word' id='word_1_122' title='bbox 2269 1930 2648 1993; x_wconf 88' lang='lat' dir='ltr'>clericorum</span> <span class='ocrx_word' id='word_1_123' title='bbox 2670 1945 2954 2008; x_wconf 91' lang='lat' dir='ltr'>quorum</span> 
     </span>
     <span class='ocr_line' id='line_1_15' title="bbox 263 2023 2955 2107; baseline 0.001 -21"><span class='ocrx_word' id='word_1_124' title='bbox 263 2027 502 2086; x_wconf 85' lang='lat' dir='ltr'>tantus</span> <span class='ocrx_word' id='word_1_125' title='bbox 529 2025 670 2086; x_wconf 90' lang='lat' dir='ltr'>erat</span> <span class='ocrx_word' id='word_1_126' title='bbox 697 2040 1015 2088; x_wconf 87' lang='lat' dir='ltr'>numerus</span> <span class='ocrx_word' id='word_1_127' title='bbox 1045 2030 1121 2087; x_wconf 89' lang='lat' dir='ltr'>ut</span> <span class='ocrx_word' id='word_1_128' title='bbox 1143 2030 1208 2088; x_wconf 88' lang='lat' dir='ltr'>et</span> <span class='ocrx_word' id='word_1_129' title='bbox 1237 2027 1481 2088; x_wconf 85' lang='lat' dir='ltr'>terram</span> <span class='ocrx_word' id='word_1_130' title='bbox 1506 2023 1756 2087; x_wconf 85' lang='lat' dir='ltr'>calcare</span> <span class='ocrx_word' id='word_1_131' title='bbox 1785 2041 1921 2088; x_wconf 92' lang='lat' dir='ltr'>non</span> <span class='ocrx_word' id='word_1_132' title='bbox 1956 2041 2216 2106; x_wconf 88' lang='lat' dir='ltr'>posses.</span> <span class='ocrx_word' id='word_1_133' title='bbox 2252 2026 2561 2091; x_wconf 87' lang='lat' dir='ltr'>Substitit</span> <span class='ocrx_word' id='word_1_134' title='bbox 2585 2025 2670 2090; x_wconf 90' lang='lat' dir='ltr'>ad</span> <span class='ocrx_word' id='word_1_135' title='bbox 2706 2028 2955 2107; x_wconf 90' lang='lat' dir='ltr'>primos</span> 
     </span>
     <span class='ocr_line' id='line_1_16' title="bbox 264 2121 2959 2206; baseline 0.001 -22"><span class='ocrx_word' id='word_1_136' title='bbox 264 2121 529 2204; x_wconf 86' lang='lat' dir='ltr'>gradus</span> <span class='ocrx_word' id='word_1_137' title='bbox 568 2121 748 2186; x_wconf 86' lang='lat' dir='ltr'>beati</span> <span class='ocrx_word' id='word_1_138' title='bbox 781 2123 952 2187; x_wconf 90' lang='lat' dir='ltr'>Petri</span> <span class='ocrx_word' id='word_1_139' title='bbox 983 2123 1327 2187; x_wconf 84' lang='lat' dir='ltr'>vestibulis</span> <span class='ocrx_word' id='word_1_140' title='bbox 1357 2123 1756 2187; x_wconf 82' lang='lat' dir='ltr'>adherentes</span> <span class='ocrx_word' id='word_1_141' title='bbox 1786 2123 1903 2188; x_wconf 89' lang='lat' dir='ltr'>ubi</span> <span class='ocrx_word' id='word_1_142' title='bbox 1934 2129 2155 2206; x_wconf 88' lang='lat' dir='ltr'>tapeto</span> <span class='ocrx_word' id='word_1_143' title='bbox 2187 2127 2429 2189; x_wconf 86' lang='lat' dir='ltr'>calcato</span> <span class='ocrx_word' id='word_1_144' title='bbox 2470 2131 2543 2189; x_wconf 90' lang='lat' dir='ltr'>ut</span> <span class='ocrx_word' id='word_1_145' title='bbox 2573 2131 2815 2188; x_wconf 88' lang='lat' dir='ltr'>terram</span> <span class='ocrx_word' id='word_1_146' title='bbox 2845 2127 2959 2189; x_wconf 93' lang='lat' dir='ltr'>de-</span> 
     </span>
     <span class='ocr_line' id='line_1_17' title="bbox 267 2221 2956 2305; baseline 0.001 -22"><span class='ocrx_word' id='word_1_147' title='bbox 267 2221 530 2301; x_wconf 85' lang='lat' dir='ltr'>spicere</span> <span class='ocrx_word' id='word_1_148' title='bbox 561 2226 626 2283; x_wconf 90' lang='lat' dir='ltr'>et</span> <span class='ocrx_word' id='word_1_149' title='bbox 655 2237 875 2284; x_wconf 88' lang='lat' dir='ltr'>amare</span> <span class='ocrx_word' id='word_1_150' title='bbox 897 2222 1162 2284; x_wconf 85' lang='lat' dir='ltr'>celestia</span> <span class='ocrx_word' id='word_1_151' title='bbox 1190 2221 1399 2284; x_wconf 89' lang='lat' dir='ltr'>discat</span> <span class='ocrx_word' id='word_1_152' title='bbox 1425 2222 1778 2286; x_wconf 89' lang='lat' dir='ltr'>:deaurata</span> <span class='ocrx_word' id='word_1_153' title='bbox 1803 2224 1962 2287; x_wconf 91' lang='lat' dir='ltr'>sede</span> <span class='ocrx_word' id='word_1_154' title='bbox 1977 2225 2327 2305; x_wconf 87' lang='lat' dir='ltr'>quiescens</span> <span class='ocrx_word' id='word_1_155' title='bbox 2350 2225 2619 2288; x_wconf 89' lang='lat' dir='ltr'>basilice</span> <span class='ocrx_word' id='word_1_156' title='bbox 2645 2223 2956 2304; x_wconf 87' lang='lat' dir='ltr'>principis</span> 
     </span>
     <span class='ocr_line' id='line_1_18' title="bbox 267 2318 2958 2404; baseline 0.001 -22"><span class='ocrx_word' id='word_1_157' title='bbox 267 2319 735 2399; x_wconf 87' lang='lat' dir='ltr'>apostolorum</span> <span class='ocrx_word' id='word_1_158' title='bbox 761 2321 1114 2382; x_wconf 90' lang='lat' dir='ltr'>canonicos</span> <span class='ocrx_word' id='word_1_159' title='bbox 1135 2318 1562 2398; x_wconf 89' lang='lat' dir='ltr'>precedentes</span> <span class='ocrx_word' id='word_1_160' title='bbox 1591 2321 1676 2383; x_wconf 90' lang='lat' dir='ltr'>ad</span> <span class='ocrx_word' id='word_1_161' title='bbox 1703 2323 1927 2385; x_wconf 90' lang='lat' dir='ltr'>oscula</span> <span class='ocrx_word' id='word_1_162' title='bbox 1949 2324 2193 2402; x_wconf 89' lang='lat' dir='ltr'>pedum</span> <span class='ocrx_word' id='word_1_163' title='bbox 2224 2324 2513 2404; x_wconf 90' lang='lat' dir='ltr'>benigne</span> <span class='ocrx_word' id='word_1_164' title='bbox 2532 2324 2813 2402; x_wconf 89' lang='lat' dir='ltr'>recepit:</span> <span class='ocrx_word' id='word_1_165' title='bbox 2841 2324 2958 2384; x_wconf 89' lang='lat' dir='ltr'>Sa-</span> 
     </span>
     <span class='ocr_line' id='line_1_19' title="bbox 266 2418 2958 2500; baseline -0 -17"><span class='ocrx_word' id='word_1_166' title='bbox 266 2420 514 2483; x_wconf 85' lang='lat' dir='ltr'>cellum</span> <span class='ocrx_word' id='word_1_167' title='bbox 545 2420 725 2498; x_wconf 89' lang='lat' dir='ltr'>quod</span> <span class='ocrx_word' id='word_1_168' title='bbox 771 2421 917 2482; x_wconf 87' lang='lat' dir='ltr'>divo</span> <span class='ocrx_word' id='word_1_169' title='bbox 952 2418 1234 2482; x_wconf 82' lang='lat' dir='ltr'>Andreae</span> <span class='ocrx_word' id='word_1_170' title='bbox 1257 2419 1410 2482; x_wconf 88' lang='lat' dir='ltr'>Pius</span> <span class='ocrx_word' id='word_1_171' title='bbox 1442 2420 1772 2483; x_wconf 87' lang='lat' dir='ltr'>secundus</span> <span class='ocrx_word' id='word_1_172' title='bbox 1802 2422 2097 2500; x_wconf 85' lang='lat' dir='ltr'>pontifex</span> <span class='ocrx_word' id='word_1_173' title='bbox 2135 2422 2465 2485; x_wconf 82' lang='lat' dir='ltr'>maximus</span> <span class='ocrx_word' id='word_1_174' title='bbox 2507 2421 2826 2484; x_wconf 87' lang='lat' dir='ltr'>dedicavit</span> <span class='ocrx_word' id='word_1_175' title='bbox 2855 2437 2958 2483; x_wconf 89' lang='lat' dir='ltr'>as-</span> 
     </span>
     <span class='ocr_line' id='line_1_20' title="bbox 267 2517 2960 2601; baseline -0.001 -17"><span class='ocrx_word' id='word_1_176' title='bbox 267 2519 520 2594; x_wconf 85' lang='lat' dir='ltr'>cendit,</span> <span class='ocrx_word' id='word_1_177' title='bbox 540 2519 653 2582; x_wconf 92' lang='lat' dir='ltr'>ubi</span> <span class='ocrx_word' id='word_1_178' title='bbox 677 2519 908 2581; x_wconf 89' lang='lat' dir='ltr'>altiore</span> <span class='ocrx_word' id='word_1_179' title='bbox 931 2535 1130 2581; x_wconf 89' lang='lat' dir='ltr'>aurea</span> <span class='ocrx_word' id='word_1_180' title='bbox 1153 2519 1312 2581; x_wconf 91' lang='lat' dir='ltr'>sede</span> <span class='ocrx_word' id='word_1_181' title='bbox 1341 2517 1559 2601; x_wconf 86' lang='lat' dir='ltr'>papali</span> <span class='ocrx_word' id='word_1_182' title='bbox 1582 2519 1961 2584; x_wconf 84' lang='lat' dir='ltr'>cardinales</span> <span class='ocrx_word' id='word_1_183' title='bbox 1989 2519 2289 2600; x_wconf 86' lang='lat' dir='ltr'>singulos</span> <span class='ocrx_word' id='word_1_184' title='bbox 2315 2520 2685 2596; x_wconf 83' lang='lat' dir='ltr'>inclinatOS,</span> <span class='ocrx_word' id='word_1_185' title='bbox 2713 2521 2960 2598; x_wconf 89' lang='lat' dir='ltr'>capite-</span> 
     </span>
     <span class='ocr_line' id='line_1_21' title="bbox 266 2615 2961 2698; baseline -0 -18"><span class='ocrx_word' id='word_1_186' title='bbox 266 2635 410 2698; x_wconf 89' lang='lat' dir='ltr'>que</span> <span class='ocrx_word' id='word_1_187' title='bbox 443 2615 733 2680; x_wconf 86' lang='lat' dir='ltr'>detectos</span> <span class='ocrx_word' id='word_1_188' title='bbox 758 2618 1044 2698; x_wconf 88' lang='lat' dir='ltr'>primum</span> <span class='ocrx_word' id='word_1_189' title='bbox 1077 2617 1164 2680; x_wconf 90' lang='lat' dir='ltr'>ad</span> <span class='ocrx_word' id='word_1_190' title='bbox 1188 2615 1656 2695; x_wconf 88' lang='lat' dir='ltr'>obedientiam,</span> <span class='ocrx_word' id='word_1_191' title='bbox 1685 2618 1815 2681; x_wconf 91' lang='lat' dir='ltr'>illis</span> <span class='ocrx_word' id='word_1_192' title='bbox 1848 2617 1931 2682; x_wconf 82' lang='lat' dir='ltr'>ad</span> <span class='ocrx_word' id='word_1_193' title='bbox 1967 2619 2291 2694; x_wconf 88' lang='lat' dir='ltr'>osculum,</span> <span class='ocrx_word' id='word_1_194' title='bbox 2326 2618 2611 2698; x_wconf 89' lang='lat' dir='ltr'>pluviale</span> <span class='ocrx_word' id='word_1_195' title='bbox 2656 2622 2961 2698; x_wconf 86' lang='lat' dir='ltr'>presente</span> 
     </span>
     <span class='ocr_line' id='line_1_22' title="bbox 267 2713 2962 2796; baseline -0.001 -17"><span class='ocrx_word' id='word_1_196' title='bbox 267 2718 603 2796; x_wconf 85' lang='lat' dir='ltr'>porrecta,</span> <span class='ocrx_word' id='word_1_197' title='bbox 635 2713 922 2779; x_wconf 86' lang='lat' dir='ltr'>fraterne</span> <span class='ocrx_word' id='word_1_198' title='bbox 949 2717 1218 2796; x_wconf 86' lang='lat' dir='ltr'>recepit.</span> <span class='ocrx_word' id='word_1_199' title='bbox 1252 2718 1424 2779; x_wconf 92' lang='lat' dir='ltr'>Dum</span> <span class='ocrx_word' id='word_1_200' title='bbox 1455 2733 1637 2780; x_wconf 85' lang='lat' dir='ltr'>sacra</span> <span class='ocrx_word' id='word_1_201' title='bbox 1682 2717 2020 2780; x_wconf 88' lang='lat' dir='ltr'>continuat</span> <span class='ocrx_word' id='word_1_202' title='bbox 2064 2733 2399 2780; x_wconf 87' lang='lat' dir='ltr'>sacrorum</span> <span class='ocrx_word' id='word_1_203' title='bbox 2440 2717 2719 2779; x_wconf 90' lang='lat' dir='ltr'>antistes</span> <span class='ocrx_word' id='word_1_204' title='bbox 2763 2732 2962 2795; x_wconf 90' lang='lat' dir='ltr'>quem</span> 
     </span>
     <span class='ocr_line' id='line_1_23' title="bbox 267 2813 2962 2897; baseline -0.001 -19"><span class='ocrx_word' id='word_1_205' title='bbox 267 2813 674 2896; x_wconf 87' lang='lat' dir='ltr'>magistrum</span> <span class='ocrx_word' id='word_1_206' title='bbox 713 2815 1238 2878; x_wconf 89' lang='lat' dir='ltr'>ceremoniarum</span> <span class='ocrx_word' id='word_1_207' title='bbox 1274 2815 1477 2896; x_wconf 90' lang='lat' dir='ltr'>vulgo</span> <span class='ocrx_word' id='word_1_208' title='bbox 1517 2813 1854 2893; x_wconf 88' lang='lat' dir='ltr'>describit,</span> <span class='ocrx_word' id='word_1_209' title='bbox 1890 2822 2197 2897; x_wconf 86' lang='lat' dir='ltr'>stuppam</span> <span class='ocrx_word' id='word_1_210' title='bbox 2232 2817 2542 2880; x_wconf 90' lang='lat' dir='ltr'>arundini</span> <span class='ocrx_word' id='word_1_211' title='bbox 2579 2817 2962 2896; x_wconf 88' lang='lat' dir='ltr'>impositam</span> 
     </span>
     <span class='ocr_line' id='line_1_24' title="bbox 271 2911 2961 2995; baseline -0.001 -18"><span class='ocrx_word' id='word_1_212' title='bbox 271 2913 466 2977; x_wconf 89' lang='lat' dir='ltr'>brevi</span> <span class='ocrx_word' id='word_1_213' title='bbox 493 2911 647 2994; x_wconf 87' lang='lat' dir='ltr'>igne</span> <span class='ocrx_word' id='word_1_214' title='bbox 676 2914 1072 2978; x_wconf 88' lang='lat' dir='ltr'>comburens</span> <span class='ocrx_word' id='word_1_215' title='bbox 1108 2913 1176 2976; x_wconf 89' lang='lat' dir='ltr'>in</span> <span class='ocrx_word' id='word_1_216' title='bbox 1207 2913 1425 2978; x_wconf 92' lang='lat' dir='ltr'>medio</span> <span class='ocrx_word' id='word_1_217' title='bbox 1453 2918 1556 2976; x_wconf 89' lang='lat' dir='ltr'>ter</span> <span class='ocrx_word' id='word_1_218' title='bbox 1583 2914 1826 2977; x_wconf 89' lang='lat' dir='ltr'>clamat</span> <span class='ocrx_word' id='word_1_219' title='bbox 1854 2913 2147 2978; x_wconf 76' lang='lat' dir='ltr'>ecclesiae</span> <span class='ocrx_word' id='word_1_220' title='bbox 2178 2932 2312 2977; x_wconf 91' lang='lat' dir='ltr'>non</span> <span class='ocrx_word' id='word_1_221' title='bbox 2335 2914 2401 2977; x_wconf 91' lang='lat' dir='ltr'>id</span> <span class='ocrx_word' id='word_1_222' title='bbox 2425 2914 2605 2995; x_wconf 89' lang='lat' dir='ltr'>quod</span> <span class='ocrx_word' id='word_1_223' title='bbox 2637 2913 2703 2976; x_wconf 90' lang='lat' dir='ltr'>in</span> <span class='ocrx_word' id='word_1_224' title='bbox 2726 2913 2961 2994; x_wconf 91' lang='lat' dir='ltr'>gallico</span> 
     </span>
     <span class='ocr_line' id='line_1_25' title="bbox 275 3010 2963 3094; baseline -0 -20"><span class='ocrx_word' id='word_1_225' title='bbox 275 3011 620 3091; x_wconf 85' lang='lat' dir='ltr'>triumpho</span> <span class='ocrx_word' id='word_1_226' title='bbox 639 3011 830 3076; x_wconf 90' lang='lat' dir='ltr'>miles</span> <span class='ocrx_word' id='word_1_227' title='bbox 853 3013 1075 3078; x_wconf 89' lang='lat' dir='ltr'>cesari</span> <span class='ocrx_word' id='word_1_228' title='bbox 1108 3011 1496 3076; x_wconf 90' lang='lat' dir='ltr'>memoravit</span> <span class='ocrx_word' id='word_1_229' title='bbox 1519 3010 1764 3075; x_wconf 89' lang='lat' dir='ltr'>Gallias</span> <span class='ocrx_word' id='word_1_230' title='bbox 1787 3013 1945 3076; x_wconf 88' lang='lat' dir='ltr'>cesa</span> <span class='ocrx_word' id='word_1_231' title='bbox 1956 3031 2094 3076; x_wconf 91' lang='lat' dir='ltr'>rem</span> <span class='ocrx_word' id='word_1_232' title='bbox 2117 3013 2469 3094; x_wconf 87' lang='lat' dir='ltr'>subegisse</span> <span class='ocrx_word' id='word_1_233' title='bbox 2498 3029 2632 3075; x_wconf 91' lang='lat' dir='ltr'>non</span> <span class='ocrx_word' id='word_1_234' title='bbox 2671 3012 2963 3074; x_wconf 87' lang='lat' dir='ltr'>Nicome-</span> 
     </span>
     <span class='ocr_line' id='line_1_26' title="bbox 273 3107 2965 3190; baseline -0.001 -16"><span class='ocrx_word' id='word_1_235' title='bbox 273 3109 468 3186; x_wconf 87' lang='lat' dir='ltr'>dem;</span> <span class='ocrx_word' id='word_1_236' title='bbox 494 3109 614 3173; x_wconf 89' lang='lat' dir='ltr'>sed</span> <span class='ocrx_word' id='word_1_237' title='bbox 633 3116 820 3190; x_wconf 88' lang='lat' dir='ltr'>pater</span> <span class='ocrx_word' id='word_1_238' title='bbox 841 3117 1071 3175; x_wconf 88' lang='lat' dir='ltr'>sancte</span> <span class='ocrx_word' id='word_1_239' title='bbox 1102 3109 1193 3175; x_wconf 90' lang='lat' dir='ltr'>sic</span> <span class='ocrx_word' id='word_1_240' title='bbox 1215 3111 1446 3174; x_wconf 89' lang='lat' dir='ltr'>transit</span> <span class='ocrx_word' id='word_1_241' title='bbox 1463 3107 1674 3190; x_wconf 86' lang='lat' dir='ltr'>gloria</span> <span class='ocrx_word' id='word_1_242' title='bbox 1704 3109 1939 3172; x_wconf 90' lang='lat' dir='ltr'>mundi</span> <span class='ocrx_word' id='word_1_243' title='bbox 1963 3131 1978 3172; x_wconf 74' lang='grc' dir='ltr'><strong><em>ε</em></strong></span> <span class='ocrx_word' id='word_1_244' title='bbox 2000 3109 2181 3174; x_wconf 87' lang='lat' dir='ltr'>Vana</span> <span class='ocrx_word' id='word_1_245' title='bbox 2200 3116 2357 3173; x_wconf 87' lang='lat' dir='ltr'>sunt</span> <span class='ocrx_word' id='word_1_246' title='bbox 2380 3110 2603 3173; x_wconf 89' lang='lat' dir='ltr'>omnia</span> <span class='ocrx_word' id='word_1_247' title='bbox 2625 3115 2688 3172; x_wconf 92' lang='lat' dir='ltr'>et</span> <span class='ocrx_word' id='word_1_248' title='bbox 2718 3109 2965 3171; x_wconf 87' lang='lat' dir='ltr'>habent</span> 
     </span>
     <span class='ocr_line' id='line_1_27' title="bbox 275 3205 2968 3292; baseline -0.001 -22"><span class='ocrx_word' id='word_1_249' title='bbox 275 3205 582 3292; x_wconf 80' lang='lat' dir='ltr'>subitum</span> <span class='ocrx_word' id='word_1_250' title='bbox 629 3209 926 3272; x_wconf 86' lang='lat' dir='ltr'>mortalia</span> <span class='ocrx_word' id='word_1_251' title='bbox 954 3225 1204 3272; x_wconf 91' lang='lat' dir='ltr'>casum.</span> <span class='ocrx_word' id='word_1_252' title='bbox 1237 3209 1383 3272; x_wconf 83' lang='lat' dir='ltr'>Mox</span> <span class='ocrx_word' id='word_1_253' title='bbox 1415 3205 1925 3288; x_wconf 88' lang='lat' dir='ltr'>celebratur[us]</span> <span class='ocrx_word' id='word_1_254' title='bbox 1965 3209 2170 3272; x_wconf 85' lang='lat' dir='ltr'>altare</span> <span class='ocrx_word' id='word_1_255' title='bbox 2198 3209 2419 3290; x_wconf 90' lang='lat' dir='ltr'>majus</span> <span class='ocrx_word' id='word_1_256' title='bbox 2465 3207 2642 3288; x_wconf 93' lang='lat' dir='ltr'>quod</span> <span class='ocrx_word' id='word_1_257' title='bbox 2674 3206 2968 3270; x_wconf 84' lang='lat' dir='ltr'>diximus</span> 
     </span>
     <span class='ocr_line' id='line_1_28' title="bbox 278 3301 2967 3389; baseline -0.002 -21"><span class='ocrx_word' id='word_1_258' title='bbox 278 3305 417 3369; x_wconf 83' lang='lat' dir='ltr'>divi</span> <span class='ocrx_word' id='word_1_259' title='bbox 463 3307 634 3369; x_wconf 90' lang='lat' dir='ltr'>Petri</span> <span class='ocrx_word' id='word_1_260' title='bbox 663 3307 878 3387; x_wconf 80' lang='lat' dir='ltr'>posito</span> <span class='ocrx_word' id='word_1_261' title='bbox 913 3303 1278 3372; x_wconf 81' lang='lat' dir='ltr'>faldistorio</span> <span class='ocrx_word' id='word_1_262' title='bbox 1323 3305 1718 3389; x_wconf 85' lang='lat' dir='ltr'>genuflexus</span> <span class='ocrx_word' id='word_1_263' title='bbox 1751 3307 2028 3387; x_wconf 85' lang='lat' dir='ltr'>supplex</span> <span class='ocrx_word' id='word_1_264' title='bbox 2072 3307 2326 3384; x_wconf 88' lang='lat' dir='ltr'>adorat,</span> <span class='ocrx_word' id='word_1_265' title='bbox 2369 3307 2690 3369; x_wconf 89' lang='lat' dir='ltr'>adversus</span> <span class='ocrx_word' id='word_1_266' title='bbox 2723 3301 2967 3365; x_wconf 88' lang='lat' dir='ltr'>diaboli</span> 
     </span>
     <span class='ocr_line' id='line_1_29' title="bbox 281 3399 2965 3485; baseline -0.002 -18"><span class='ocrx_word' id='word_1_267' title='bbox 281 3399 564 3467; x_wconf 90' lang='lat' dir='ltr'>insidias</span> <span class='ocrx_word' id='word_1_268' title='bbox 610 3409 1028 3485; x_wconf 89' lang='lat' dir='ltr'>pugnaturus</span> <span class='ocrx_word' id='word_1_269' title='bbox 1065 3407 1264 3469; x_wconf 90' lang='lat' dir='ltr'>armis</span> <span class='ocrx_word' id='word_1_270' title='bbox 1294 3405 1591 3470; x_wconf 89' lang='lat' dir='ltr'>induitur</span> <span class='ocrx_word' id='word_1_271' title='bbox 1619 3421 1752 3468; x_wconf 90' lang='lat' dir='ltr'>non</span> <span class='ocrx_word' id='word_1_272' title='bbox 1782 3405 2026 3485; x_wconf 90' lang='lat' dir='ltr'>quibus</span> <span class='ocrx_word' id='word_1_273' title='bbox 2058 3405 2253 3469; x_wconf 89' lang='lat' dir='ltr'>Cesar</span> <span class='ocrx_word' id='word_1_274' title='bbox 2296 3405 2363 3466; x_wconf 92' lang='lat' dir='ltr'>in</span> <span class='ocrx_word' id='word_1_275' title='bbox 2396 3420 2556 3466; x_wconf 92' lang='lat' dir='ltr'>suos</span> <span class='ocrx_word' id='word_1_276' title='bbox 2595 3407 2660 3466; x_wconf 91' lang='lat' dir='ltr'>et</span> <span class='ocrx_word' id='word_1_277' title='bbox 2703 3402 2965 3476; x_wconf 89' lang='lat' dir='ltr'>Marius,</span> 
     </span>
     <span class='ocr_line' id='line_1_30' title="bbox 285 3499 2971 3583; baseline -0.001 -19"><span class='ocrx_word' id='word_1_278' title='bbox 285 3499 412 3565; x_wconf 90' lang='lat' dir='ltr'>sed</span> <span class='ocrx_word' id='word_1_279' title='bbox 473 3499 770 3566; x_wconf 88' lang='lat' dir='ltr'>sandalia</span> <span class='ocrx_word' id='word_1_280' title='bbox 831 3504 1117 3583; x_wconf 90' lang='lat' dir='ltr'>primum</span> <span class='ocrx_word' id='word_1_281' title='bbox 1183 3501 1448 3582; x_wconf 86' lang='lat' dir='ltr'>calciat,</span> <span class='ocrx_word' id='word_1_282' title='bbox 1510 3503 1877 3580; x_wconf 80' lang='lat' dir='ltr'>Amictum,</span> <span class='ocrx_word' id='word_1_283' title='bbox 1934 3503 2183 3578; x_wconf 86' lang='lat' dir='ltr'>albam,</span> <span class='ocrx_word' id='word_1_284' title='bbox 2238 3503 2510 3578; x_wconf 91' lang='lat' dir='ltr'>stolam,</span> <span class='ocrx_word' id='word_1_285' title='bbox 2570 3499 2971 3580; x_wconf 88' lang='lat' dir='ltr'>Manipolum</span> 
     </span>
     <span class='ocr_line' id='line_1_31' title="bbox 283 3595 2968 3683; baseline -0.003 -21"><span class='ocrx_word' id='word_1_286' title='bbox 283 3596 561 3680; x_wconf 88' lang='lat' dir='ltr'>suscipit</span> <span class='ocrx_word' id='word_1_287' title='bbox 592 3603 656 3663; x_wconf 89' lang='lat' dir='ltr'>et</span> <span class='ocrx_word' id='word_1_288' title='bbox 699 3602 922 3665; x_wconf 89' lang='lat' dir='ltr'>casula</span> <span class='ocrx_word' id='word_1_289' title='bbox 953 3619 1090 3665; x_wconf 90' lang='lat' dir='ltr'>non</span> <span class='ocrx_word' id='word_1_290' title='bbox 1120 3599 1352 3683; x_wconf 84' lang='lat' dir='ltr'>clypeo</span> <span class='ocrx_word' id='word_1_291' title='bbox 1405 3603 1685 3683; x_wconf 86' lang='lat' dir='ltr'>tegitur,</span> <span class='ocrx_word' id='word_1_292' title='bbox 1730 3603 1914 3664; x_wconf 88' lang='lat' dir='ltr'>Mitre</span> <span class='ocrx_word' id='word_1_293' title='bbox 1944 3596 2213 3660; x_wconf 90' lang='lat' dir='ltr'>demum</span> <span class='ocrx_word' id='word_1_294' title='bbox 2243 3596 2453 3677; x_wconf 91' lang='lat' dir='ltr'>gloria</span> <span class='ocrx_word' id='word_1_295' title='bbox 2486 3599 2551 3658; x_wconf 87' lang='lat' dir='ltr'>et</span> <span class='ocrx_word' id='word_1_296' title='bbox 2580 3595 2831 3657; x_wconf 90' lang='lat' dir='ltr'>honore</span> <span class='ocrx_word' id='word_1_297' title='bbox 2861 3610 2968 3655; x_wconf 87' lang='lat' dir='ltr'>co—</span> 
     </span>
     <span class='ocr_line' id='line_1_32' title="bbox 281 3695 2971 3780; baseline -0.003 -20"><span class='ocrx_word' id='word_1_298' title='bbox 281 3703 563 3762; x_wconf 85' lang='lat' dir='ltr'>ronatur</span> <span class='ocrx_word' id='word_1_299' title='bbox 592 3697 672 3762; x_wconf 91' lang='lat' dir='ltr'>de</span> <span class='ocrx_word' id='word_1_300' title='bbox 697 3717 979 3779; x_wconf 88' lang='lat' dir='ltr'>quorum</span> <span class='ocrx_word' id='word_1_301' title='bbox 1011 3701 1377 3764; x_wconf 88' lang='lat' dir='ltr'>ministerio</span> <span class='ocrx_word' id='word_1_302' title='bbox 1405 3699 1748 3780; x_wconf 88' lang='lat' dir='ltr'>singulari,</span> <span class='ocrx_word' id='word_1_303' title='bbox 1777 3698 1959 3760; x_wconf 86' lang='lat' dir='ltr'>velut</span> <span class='ocrx_word' id='word_1_304' title='bbox 1988 3697 2329 3759; x_wconf 89' lang='lat' dir='ltr'>notissimo</span> <span class='ocrx_word' id='word_1_305' title='bbox 2358 3695 2636 3759; x_wconf 88' lang='lat' dir='ltr'>verbum</span> <span class='ocrx_word' id='word_1_306' title='bbox 2666 3708 2805 3756; x_wconf 93' lang='lat' dir='ltr'>non</span> <span class='ocrx_word' id='word_1_307' title='bbox 2832 3708 2971 3754; x_wconf 89' lang='lat' dir='ltr'>am-</span> 
     </span>
     <span class='ocr_line' id='line_1_33' title="bbox 284 3792 2968 3878; baseline -0.001 -22"><span class='ocrx_word' id='word_1_308' title='bbox 284 3793 465 3875; x_wconf 88' lang='lat' dir='ltr'>plius</span> <span class='ocrx_word' id='word_1_309' title='bbox 512 3792 751 3859; x_wconf 88' lang='lat' dir='ltr'>addam</span> <span class='ocrx_word' id='word_1_310' title='bbox 763 3841 990 3862; x_wconf 89' lang='grc'><strong>.........</strong></span> <span class='ocrx_word' id='word_1_311' title='bbox 1025 3799 1223 3862; x_wconf 86' lang='lat' dir='ltr'>Missa</span> <span class='ocrx_word' id='word_1_312' title='bbox 1257 3815 1375 3878; x_wconf 89' lang='lat' dir='ltr'>per</span> <span class='ocrx_word' id='word_1_313' title='bbox 1422 3797 1868 3860; x_wconf 88' lang='lat' dir='ltr'>Alexandrum</span> <span class='ocrx_word' id='word_1_314' title='bbox 1904 3793 2085 3857; x_wconf 91' lang='lat' dir='ltr'>omni</span> <span class='ocrx_word' id='word_1_315' title='bbox 2131 3811 2277 3856; x_wconf 90' lang='lat' dir='ltr'>cum</span> <span class='ocrx_word' id='word_1_316' title='bbox 2320 3793 2641 3873; x_wconf 90' lang='lat' dir='ltr'>dignitate</span> <span class='ocrx_word' id='word_1_317' title='bbox 2682 3794 2968 3870; x_wconf 87' lang='lat' dir='ltr'>peracta,</span> 
     </span>
     <span class='ocr_line' id='line_1_34' title="bbox 287 3889 2970 3980; baseline -0.001 -25"><span class='ocrx_word' id='word_1_318' title='bbox 287 3891 468 3956; x_wconf 86' lang='lat' dir='ltr'>idem</span> <span class='ocrx_word' id='word_1_319' title='bbox 497 3893 642 3974; x_wconf 89' lang='lat' dir='ltr'>ipse</span> <span class='ocrx_word' id='word_1_320' title='bbox 673 3893 892 3974; x_wconf 89' lang='lat' dir='ltr'>palam</span> <span class='ocrx_word' id='word_1_321' title='bbox 923 3913 994 3960; x_wconf 91' lang='lat' dir='ltr'>se</span> <span class='ocrx_word' id='word_1_322' title='bbox 1014 3895 1327 3980; x_wconf 87' lang='lat' dir='ltr'>gentibus</span> <span class='ocrx_word' id='word_1_323' title='bbox 1363 3895 1551 3960; x_wconf 80' lang='lat' dir='ltr'>offert</span> <span class='ocrx_word' id='word_1_324' title='bbox 1571 3898 1636 3958; x_wconf 88' lang='lat' dir='ltr'>et</span> <span class='ocrx_word' id='word_1_325' title='bbox 1664 3893 1917 3974; x_wconf 85' lang='lat' dir='ltr'>primus</span> <span class='ocrx_word' id='word_1_326' title='bbox 1948 3890 2374 3955; x_wconf 89' lang='lat' dir='ltr'>diaconorum</span> <span class='ocrx_word' id='word_1_327' title='bbox 2405 3889 2766 3954; x_wconf 89' lang='lat' dir='ltr'>cardinalis</span> <span class='ocrx_word' id='word_1_328' title='bbox 2797 3905 2831 3950; x_wconf 94' lang='lat' dir='ltr'>a</span> <span class='ocrx_word' id='word_1_329' title='bbox 2863 3905 2970 3951; x_wconf 90' lang='lat' dir='ltr'>me</span> 
     </span>
     <span class='ocr_line' id='line_1_35' title="bbox 286 3987 2967 4076; baseline -0.002 -25"><span class='ocrx_word' id='word_1_330' title='bbox 286 3989 482 4070; x_wconf 79' lang='lat' dir='ltr'>cujus</span> <span class='ocrx_word' id='word_1_331' title='bbox 506 3989 795 4054; x_wconf 81' lang='lat' dir='ltr'>officium</span> <span class='ocrx_word' id='word_1_332' title='bbox 821 3998 924 4057; x_wconf 89' lang='lat' dir='ltr'>est</span> <span class='ocrx_word' id='word_1_333' title='bbox 951 3998 1284 4074; x_wconf 86' lang='lat' dir='ltr'>receptam</span> <span class='ocrx_word' id='word_1_334' title='bbox 1313 3994 1615 4076; x_wconf 84' lang='lat' dir='ltr'>thyaram</span> <span class='ocrx_word' id='word_1_335' title='bbox 1645 4010 1845 4072; x_wconf 91' lang='lat' dir='ltr'>quam</span> <span class='ocrx_word' id='word_1_336' title='bbox 1874 4007 1997 4054; x_wconf 93' lang='lat' dir='ltr'>nos</span> <span class='ocrx_word' id='word_1_337' title='bbox 2028 4004 2308 4071; x_wconf 88' lang='lat' dir='ltr'>regnum</span> <span class='ocrx_word' id='word_1_338' title='bbox 2339 3988 2615 4051; x_wconf 90' lang='lat' dir='ltr'>dicimus</span> <span class='ocrx_word' id='word_1_339' title='bbox 2640 3987 2817 4048; x_wconf 91' lang='lat' dir='ltr'>illius</span> <span class='ocrx_word' id='word_1_340' title='bbox 2848 3987 2967 4046; x_wconf 90' lang='lat' dir='ltr'>im-</span> 
     </span>
     <span class='ocr_line' id='line_1_36' title="bbox 291 4081 2969 4173; baseline -0.002 -22"><span class='ocrx_word' id='word_1_341' title='bbox 291 4089 519 4166; x_wconf 85' lang='lat' dir='ltr'>posuit</span> <span class='ocrx_word' id='word_1_342' title='bbox 547 4090 746 4168; x_wconf 86' lang='lat' dir='ltr'>capiti</span> <span class='ocrx_word' id='word_1_343' title='bbox 774 4107 906 4172; x_wconf 89' lang='lat' dir='ltr'>quo</span> <span class='ocrx_word' id='word_1_344' title='bbox 950 4091 1018 4154; x_wconf 91' lang='lat' dir='ltr'>in</span> <span class='ocrx_word' id='word_1_345' title='bbox 1047 4094 1313 4173; x_wconf 88' lang='lat' dir='ltr'>signum</span> <span class='ocrx_word' id='word_1_346' title='bbox 1353 4092 1608 4172; x_wconf 87' lang='lat' dir='ltr'>imperii</span> <span class='ocrx_word' id='word_1_347' title='bbox 1649 4094 2000 4154; x_wconf 86' lang='lat' dir='ltr'>coronatur</span> <span class='ocrx_word' id='word_1_348' title='bbox 2037 4090 2104 4153; x_wconf 91' lang='lat' dir='ltr'>et</span> <span class='ocrx_word' id='word_1_349' title='bbox 2129 4087 2358 4164; x_wconf 79' lang='lat' dir='ltr'>utitur,</span> <span class='ocrx_word' id='word_1_350' title='bbox 2390 4081 2744 4166; x_wconf 89' lang='lat' dir='ltr'>aliquando</span> <span class='ocrx_word' id='word_1_351' title='bbox 2775 4085 2969 4146; x_wconf 83' lang='lat' dir='ltr'>mitra</span> 
     </span>
     <span class='ocr_line' id='line_1_37' title="bbox 293 4179 2971 4272; baseline -0.002 -25"><span class='ocrx_word' id='word_1_352' title='bbox 293 4189 518 4248; x_wconf 88' lang='lat' dir='ltr'>tamen</span> <span class='ocrx_word' id='word_1_353' title='bbox 563 4183 974 4267; x_wconf 81' lang='lat' dir='ltr'>frequentius</span> <span class='ocrx_word' id='word_1_354' title='bbox 1008 4195 1076 4255; x_wconf 91' lang='lat' dir='ltr'>et</span> <span class='ocrx_word' id='word_1_355' title='bbox 1105 4190 1352 4272; x_wconf 89' lang='lat' dir='ltr'>ubique</span> <span class='ocrx_word' id='word_1_356' title='bbox 1387 4211 1402 4252; x_wconf 75' lang='grc' dir='ltr'><strong><em>ε</em></strong></span> <span class='ocrx_word' id='word_1_357' title='bbox 1433 4185 1831 4252; x_wconf 87' lang='lat' dir='ltr'>Pontificalis</span> <span class='ocrx_word' id='word_1_358' title='bbox 1871 4187 2047 4250; x_wconf 91' lang='lat' dir='ltr'>enim</span> <span class='ocrx_word' id='word_1_359' title='bbox 2096 4183 2383 4268; x_wconf 89' lang='lat' dir='ltr'>dignitas</span> <span class='ocrx_word' id='word_1_360' title='bbox 2412 4181 2735 4262; x_wconf 89' lang='lat' dir='ltr'>imperiali</span> <span class='ocrx_word' id='word_1_361' title='bbox 2776 4179 2971 4242; x_wconf 81' lang='lat' dir='ltr'>diffu-</span> 
     </span>
     <span class='ocr_line' id='line_1_38' title="bbox 293 4285 842 4368; baseline 0.007 -23"><span class='ocrx_word' id='word_1_362' title='bbox 293 4285 434 4347; x_wconf 85' lang='lat' dir='ltr'>sior</span> <span class='ocrx_word' id='word_1_363' title='bbox 461 4289 564 4348; x_wconf 89' lang='lat' dir='ltr'>est</span> <span class='ocrx_word' id='word_1_364' title='bbox 571 4329 694 4348; x_wconf 93' lang='grc'><strong>.....</strong></span> <span class='ocrx_word' id='word_1_365' title='bbox 728 4285 842 4368; x_wconf 91' lang='grc'>(1).</span> 
     </span>
    </p>

    <p class='ocr_par' dir='ltr' id='par_1_3' title="bbox 299 4379 2971 4568">
     <span class='ocr_line' id='line_1_39' title="bbox 377 4379 2967 4468; baseline -0.003 -22"><span class='ocrx_word' id='word_1_366' title='bbox 377 4407 408 4440; x_wconf 90' lang='lat'>«</span> <span class='ocrx_word' id='word_1_367' title='bbox 457 4379 874 4450; x_wconf 85' lang='lat' dir='ltr'>Hieronimus</span> <span class='ocrx_word' id='word_1_368' title='bbox 905 4389 1195 4468; x_wconf 74' lang='lat' dir='ltr'>Porcisus</span> <span class='ocrx_word' id='word_1_369' title='bbox 1227 4389 1532 4453; x_wconf 87' lang='lat' dir='ltr'>Patritius</span> <span class='ocrx_word' id='word_1_370' title='bbox 1555 4389 1919 4466; x_wconf 79' lang='lat' dir='ltr'>Romasnus</span> <span class='ocrx_word' id='word_1_371' title='bbox 1942 4387 2124 4448; x_wconf 80' lang='lat' dir='ltr'>Rotae</span> <span class='ocrx_word' id='word_1_372' title='bbox 2154 4381 2533 4460; x_wconf 68' lang='lat' dir='ltr'>primasi-ius</span> <span class='ocrx_word' id='word_1_373' title='bbox 2561 4379 2839 4443; x_wconf 80' lang='lat' dir='ltr'>Auditor</span> <span class='ocrx_word' id='word_1_374' title='bbox 2867 4379 2967 4440; x_wconf 88' lang='lat' dir='ltr'>ci-</span> 
     </span>
     <span class='ocr_line' id='line_1_40' title="bbox 299 4477 2971 4568; baseline -0.002 -23"><span class='ocrx_word' id='word_1_375' title='bbox 299 4483 356 4545; x_wconf 87' lang='lat' dir='ltr'>vi</span> <span class='ocrx_word' id='word_1_376' title='bbox 363 4482 476 4560; x_wconf 70' lang='lat' dir='ltr'>llis</span> <span class='ocrx_word' id='word_1_377' title='bbox 507 4484 574 4544; x_wconf 91' lang='lat' dir='ltr'>et</span> <span class='ocrx_word' id='word_1_378' title='bbox 601 4481 921 4549; x_wconf 75' lang='lat' dir='ltr'>pontificii</span> <span class='ocrx_word' id='word_1_379' title='bbox 949 4487 1146 4567; x_wconf 80' lang='lat' dir='ltr'>lurlis</span> <span class='ocrx_word' id='word_1_380' title='bbox 1171 4491 1501 4568; x_wconf 83' lang='lat' dir='ltr'>interpres</span> <span class='ocrx_word' id='word_1_381' title='bbox 1521 4505 1597 4550; x_wconf 88' lang='lat' dir='ltr'>ac</span> <span class='ocrx_word' id='word_1_382' title='bbox 1619 4485 1838 4550; x_wconf 85' lang='lat' dir='ltr'>Sancti</span> <span class='ocrx_word' id='word_1_383' title='bbox 1858 4483 2029 4548; x_wconf 87' lang='lat' dir='ltr'>Petri</span> <span class='ocrx_word' id='word_1_384' title='bbox 2046 4481 2425 4558; x_wconf 77' lang='lat' dir='ltr'>canosnicus</span> <span class='ocrx_word' id='word_1_385' title='bbox 2447 4477 2885 4556; x_wconf 74' lang='lat' dir='ltr'>Ferdinandol</span> <span class='ocrx_word' id='word_1_386' title='bbox 2905 4483 2971 4540; x_wconf 88' lang='lat' dir='ltr'>et</span> 
     </span>
    </p>
   </div>
   <div class='ocr_carea' id='block_1_3' title="bbox 297 4577 2967 4761">
    <p class='ocr_par' dir='ltr' id='par_1_4' title="bbox 297 4577 2967 4761">
     <span class='ocr_line' id='line_1_41' title="bbox 297 4577 2967 4666; baseline -0.002 -23"><span class='ocrx_word' id='word_1_387' title='bbox 297 4579 393 4643; x_wconf 88' lang='lat' dir='ltr'>Eli</span> <span class='ocrx_word' id='word_1_388' title='bbox 405 4579 644 4644; x_wconf 83' lang='lat' dir='ltr'>sabeth</span> <span class='ocrx_word' id='word_1_389' title='bbox 667 4583 1231 4665; x_wconf 75' lang='lat' dir='ltr'>llislpaniarumet</span> <span class='ocrx_word' id='word_1_390' title='bbox 1253 4589 1374 4650; x_wconf 88' lang='lat' dir='ltr'>Gra</span> <span class='ocrx_word' id='word_1_391' title='bbox 1381 4588 1583 4666; x_wconf 77' lang='lat' dir='ltr'>lnatae</span> <span class='ocrx_word' id='word_1_392' title='bbox 1597 4585 1889 4666; x_wconf 85' lang='lat' dir='ltr'>Regibus</span> <span class='ocrx_word' id='word_1_393' title='bbox 1908 4580 2277 4662; x_wconf 78' lang='lat' dir='ltr'>AusgustiS‚</span> <span class='ocrx_word' id='word_1_394' title='bbox 2292 4579 2587 4642; x_wconf 89' lang='lat' dir='ltr'>Porcium</span> <span class='ocrx_word' id='word_1_395' title='bbox 2610 4577 2967 4654; x_wconf 74' lang='lat' dir='ltr'>comlmen-</span> 
     </span>
     <span class='ocr_line' id='line_1_42' title="bbox 299 4678 1029 4761; baseline 0.001 -20"><span class='ocrx_word' id='word_1_396' title='bbox 299 4678 548 4742; x_wconf 85' lang='lat' dir='ltr'>tarium</span> <span class='ocrx_word' id='word_1_397' title='bbox 575 4683 967 4761; x_wconf 88' lang='lat' dir='ltr'>compilavit.</span> <span class='ocrx_word' id='word_1_398' title='bbox 1003 4711 1029 4742; x_wconf 66' lang='grc' dir='ltr'><strong><em>ι</em></strong></span> 
     </span>
    </p>
   </div>
   <div class='ocr_carea' id='block_1_4' title="bbox 302 4947 2973 5336">
    <p class='ocr_par' dir='ltr' id='par_1_5' title="bbox 302 4947 2973 5336">
     <span class='ocr_line' id='line_1_43' title="bbox 367 4947 2970 5015; baseline -0.003 -14"><span class='ocrx_word' id='word_1_399' title='bbox 367 4953 414 5001; x_wconf 84' lang='grc'>1.</span> <span class='ocrx_word' id='word_1_400' title='bbox 451 4951 532 5002; x_wconf 86' lang='lat' dir='ltr'>On</span> <span class='ocrx_word' id='word_1_401' title='bbox 573 4953 704 5014; x_wconf 89' lang='lat' dir='ltr'>peut</span> <span class='ocrx_word' id='word_1_402' title='bbox 742 4951 857 5002; x_wconf 68' lang='lat' dir='ltr'>volt·</span> <span class='ocrx_word' id='word_1_403' title='bbox 893 4951 926 5002; x_wconf 65' lang='lat' dir='ltr'>a</span> <span class='ocrx_word' id='word_1_404' title='bbox 963 4951 1012 5000; x_wconf 87' lang='lat' dir='ltr'>la</span> <span class='ocrx_word' id='word_1_405' title='bbox 1051 4951 1192 5002; x_wconf 83' lang='lat' dir='ltr'>suite</span> <span class='ocrx_word' id='word_1_406' title='bbox 1238 4953 1316 5004; x_wconf 80' lang='lat' dir='ltr'>les</span> <span class='ocrx_word' id='word_1_407' title='bbox 1357 4951 1598 5003; x_wconf 76' lang='lat' dir='ltr'>discours</span> <span class='ocrx_word' id='word_1_408' title='bbox 1643 4951 1985 5002; x_wconf 72' lang='lat' dir='ltr'>u&#39;obcdlcnce</span> <span class='ocrx_word' id='word_1_409' title='bbox 2034 4951 2335 5015; x_wconf 80' lang='lat' dir='ltr'>prouonces</span> <span class='ocrx_word' id='word_1_410' title='bbox 2380 4963 2478 5014; x_wconf 87' lang='lat' dir='ltr'>par</span> <span class='ocrx_word' id='word_1_411' title='bbox 2515 4949 2593 4998; x_wconf 78' lang='lat' dir='ltr'>les</span> <span class='ocrx_word' id='word_1_412' title='bbox 2626 4950 2865 4998; x_wconf 54' lang='lat' dir='ltr'>orale-urs</span> <span class='ocrx_word' id='word_1_413' title='bbox 2906 4947 2970 4994; x_wconf 64' lang='lat' dir='ltr'>ale</span> 
     </span>
     <span class='ocr_line' id='line_1_44' title="bbox 302 5027 2969 5095; baseline -0.004 -12"><span class='ocrx_word' id='word_1_414' title='bbox 302 5035 523 5093; x_wconf 78' lang='lat' dir='ltr'>sienne,</span> <span class='ocrx_word' id='word_1_415' title='bbox 545 5031 614 5081; x_wconf 89' lang='lat' dir='ltr'>dc</span> <span class='ocrx_word' id='word_1_416' title='bbox 643 5033 908 5095; x_wconf 84' lang='lat' dir='ltr'>Lucques,</span> <span class='ocrx_word' id='word_1_417' title='bbox 940 5032 1006 5081; x_wconf 87' lang='lat' dir='ltr'>de</span> <span class='ocrx_word' id='word_1_418' title='bbox 1033 5033 1311 5094; x_wconf 79' lang='lat' dir='ltr'>‘Florence,</span> <span class='ocrx_word' id='word_1_419' title='bbox 1341 5034 1409 5084; x_wconf 91' lang='lat' dir='ltr'>de</span> <span class='ocrx_word' id='word_1_420' title='bbox 1439 5033 1627 5092; x_wconf 73' lang='lat' dir='ltr'>Genea,</span> <span class='ocrx_word' id='word_1_421' title='bbox 1651 5033 1718 5082; x_wconf 89' lang='lat' dir='ltr'>de</span> <span class='ocrx_word' id='word_1_422' title='bbox 1747 5033 1952 5093; x_wconf 76' lang='lat' dir='ltr'>Venise,</span> <span class='ocrx_word' id='word_1_423' title='bbox 1986 5032 2059 5082; x_wconf 85' lang='lat' dir='ltr'>du</span> <span class='ocrx_word' id='word_1_424' title='bbox 2088 5031 2169 5081; x_wconf 84' lang='lat' dir='ltr'>roi</span> <span class='ocrx_word' id='word_1_425' title='bbox 2202 5031 2267 5080; x_wconf 91' lang='lat' dir='ltr'>de</span> <span class='ocrx_word' id='word_1_426' title='bbox 2300 5031 2506 5094; x_wconf 81' lang='lat' dir='ltr'>Naples,</span> <span class='ocrx_word' id='word_1_427' title='bbox 2540 5029 2613 5079; x_wconf 88' lang='lat' dir='ltr'>du</span> <span class='ocrx_word' id='word_1_428' title='bbox 2640 5029 2874 5090; x_wconf 75' lang='lat' dir='ltr'>mai-quis</span> <span class='ocrx_word' id='word_1_429' title='bbox 2905 5027 2969 5076; x_wconf 62' lang='lat' dir='ltr'>du·</span> 
     </span>
     <span class='ocr_line' id='line_1_45' title="bbox 303 5109 2973 5178; baseline -0.003 -15"><span class='ocrx_word' id='word_1_430' title='bbox 303 5113 576 5172; x_wconf 54' lang='lat' dir='ltr'>tiemone,</span> <span class='ocrx_word' id='word_1_431' title='bbox 611 5111 704 5161; x_wconf 85' lang='lat' dir='ltr'>des</span> <span class='ocrx_word' id='word_1_432' title='bbox 733 5113 864 5162; x_wconf 86' lang='lat' dir='ltr'>dues</span> <span class='ocrx_word' id='word_1_433' title='bbox 895 5111 960 5163; x_wconf 87' lang='lat' dir='ltr'>de</span> <span class='ocrx_word' id='word_1_434' title='bbox 993 5114 1154 5163; x_wconf 80' lang='lat' dir='ltr'>Milan</span> <span class='ocrx_word' id='word_1_435' title='bbox 1185 5119 1239 5164; x_wconf 90' lang='lat' dir='ltr'>et</span> <span class='ocrx_word' id='word_1_436' title='bbox 1267 5114 1334 5163; x_wconf 87' lang='lat' dir='ltr'>de</span> <span class='ocrx_word' id='word_1_437' title='bbox 1363 5115 1500 5173; x_wconf 79' lang='lat' dir='ltr'>Bari,</span> <span class='ocrx_word' id='word_1_438' title='bbox 1531 5117 1584 5164; x_wconf 91' lang='lat' dir='ltr'>et</span> <span class='ocrx_word' id='word_1_439' title='bbox 1623 5115 1699 5164; x_wconf 87' lang='lat' dir='ltr'>les</span> <span class='ocrx_word' id='word_1_440' title='bbox 1739 5117 1997 5178; x_wconf 74' lang='lat' dir='ltr'>1·‹&#39;·ponses</span> <span class='ocrx_word' id='word_1_441' title='bbox 2028 5113 2099 5162; x_wconf 87' lang='lat' dir='ltr'>du</span> <span class='ocrx_word' id='word_1_442' title='bbox 2138 5126 2276 5176; x_wconf 86' lang='lat' dir='ltr'>pape</span> <span class='ocrx_word' id='word_1_443' title='bbox 2310 5111 2607 5160; x_wconf 77' lang='lat' dir='ltr'>Alexandre</span> <span class='ocrx_word' id='word_1_444' title='bbox 2633 5109 2713 5160; x_wconf 76' lang='lat' dir='ltr'>Vl.</span> <span class='ocrx_word' id='word_1_445' title='bbox 2750 5109 2809 5158; x_wconf 85' lang='grc' dir='ltr'>Η.</span> <span class='ocrx_word' id='word_1_446' title='bbox 2842 5109 2973 5156; x_wconf 81' lang='lat' dir='ltr'>Por·-</span> 
     </span>
     <span class='ocr_line' id='line_1_46' title="bbox 303 5187 2971 5256; baseline -0.003 -14"><span class='ocrx_word' id='word_1_447' title='bbox 303 5194 420 5244; x_wconf 83' lang='lat' dir='ltr'>cius</span> <span class='ocrx_word' id='word_1_448' title='bbox 447 5195 660 5256; x_wconf 85' lang='lat' dir='ltr'>promet</span> <span class='ocrx_word' id='word_1_449' title='bbox 689 5191 756 5244; x_wconf 81' lang='lat' dir='ltr'>de</span> <span class='ocrx_word' id='word_1_450' title='bbox 792 5193 998 5244; x_wconf 79' lang='lat' dir='ltr'>donner</span> <span class='ocrx_word' id='word_1_451' title='bbox 1026 5195 1158 5245; x_wconf 82' lang='lat' dir='ltr'>dans</span> <span class='ocrx_word' id='word_1_452' title='bbox 1191 5209 1260 5245; x_wconf 86' lang='lat' dir='ltr'>un</span> <span class='ocrx_word' id='word_1_453' title='bbox 1291 5199 1439 5245; x_wconf 75' lang='lat' dir='ltr'>autre</span> <span class='ocrx_word' id='word_1_454' title='bbox 1469 5195 1682 5244; x_wconf 82' lang='lat' dir='ltr'>volume</span> <span class='ocrx_word' id='word_1_455' title='bbox 1709 5193 1756 5243; x_wconf 83' lang='lat' dir='ltr'>la</span> <span class='ocrx_word' id='word_1_456' title='bbox 1787 5195 1924 5243; x_wconf 69' lang='lat' dir='ltr'>suite</span> <span class='ocrx_word' id='word_1_457' title='bbox 1956 5191 2048 5242; x_wconf 75' lang='lat' dir='ltr'>des</span> <span class='ocrx_word' id='word_1_458' title='bbox 2078 5192 2315 5241; x_wconf 73' lang='lat' dir='ltr'>discours</span> <span class='ocrx_word' id='word_1_459' title='bbox 2348 5189 2687 5240; x_wconf 66' lang='lat' dir='ltr'>d’obediencn·</span> <span class='ocrx_word' id='word_1_460' title='bbox 2718 5187 2813 5238; x_wconf 82' lang='lat' dir='ltr'>des</span> <span class='ocrx_word' id='word_1_461' title='bbox 2844 5187 2971 5235; x_wconf 65' lang='lat' dir='ltr'>&lt;lues</span> 
     </span>
     <span class='ocr_line' id='line_1_47' title="bbox 303 5269 2164 5336; baseline 0.001 -14"><span class='ocrx_word' id='word_1_462' title='bbox 303 5269 368 5322; x_wconf 81' lang='lat' dir='ltr'>dc</span> <span class='ocrx_word' id='word_1_463' title='bbox 397 5271 608 5331; x_wconf 63' lang='lat' dir='ltr'>Savoin,</span> <span class='ocrx_word' id='word_1_464' title='bbox 639 5271 736 5322; x_wconf 64' lang='lat' dir='ltr'>dns</span> <span class='ocrx_word' id='word_1_465' title='bbox 763 5272 870 5322; x_wconf 68' lang='lat' dir='ltr'>ruis</span> <span class='ocrx_word' id='word_1_466' title='bbox 900 5271 964 5322; x_wconf 76' lang='lat' dir='ltr'>de</span> <span class='ocrx_word' id='word_1_467' title='bbox 997 5273 1214 5334; x_wconf 73' lang='lat' dir='ltr'>Franco,</span> <span class='ocrx_word' id='word_1_468' title='bbox 1246 5273 1622 5336; x_wconf 64' lang='lat' dir='ltr'>‹l&#39;Anglcterrc,</span> <span class='ocrx_word' id='word_1_469' title='bbox 1657 5273 1721 5324; x_wconf 87' lang='lat' dir='ltr'>de</span> <span class='ocrx_word' id='word_1_470' title='bbox 1757 5271 2041 5333; x_wconf 70' lang='lat' dir='ltr'>Lusitaniv,</span> <span class='ocrx_word' id='word_1_471' title='bbox 2065 5275 2164 5323; x_wconf 60' lang='lat' dir='ltr'>‹fiv-</span> 
     </span>
    </p>
   </div>
   <div class='ocr_carea' id='block_1_5' title="bbox 593 5389 2694 5444">
    <p class='ocr_par' dir='ltr' id='par_1_6' title="bbox 593 5389 2694 5444">
     <span class='ocr_line' id='line_1_48' title="bbox 593 5389 2694 5444; baseline -0.002 -1"><span class='ocrx_word' id='word_1_472' title='bbox 593 5409 641 5444; x_wconf 76' lang='grc' dir='ltr'>Τ.</span> <span class='ocrx_word' id='word_1_473' title='bbox 687 5408 741 5444; x_wconf 82' lang='grc' dir='ltr'>ιι.</span> <span class='ocrx_word' id='word_1_474' title='bbox 2626 5389 2694 5440; x_wconf 65' lang='lat'>132»</span> 
     </span>
    </p>
   </div>
  </div>
 </body>
</html>
