3625 6059
240 558 534 623 [Decembre
564 558 722 620 1⁴92]
899 556 1152 615 RERUM
1198 554 1654 615 URBANARUM
1701 555 2219 617 COMMENTARn.
2820 569 2893 623 29

240 714 394 788 hinc
421 720 494 787 et
519 710 698 785 inde
725 712 932 809 juxta
959 712 1208 785 sedem
1253 714 1473 810 Papc,
1509 715 1953 809 competenti
1995 721 2237 789 tamen
2268 717 2525 814 spatio,
2562 718 2895 797 videlicet

239 838 440 913 unius
465 860 710 912 caune·
743 860 908 910 cum
953 836 1251 914 dimidia
1291 837 1402 913 vel
1441 837 1658 929 circa,
1706 838 2137 913 intermedio
2182 840 2478 917 dimisso
2522 866 2654 939 pro
2698 844 2893 942 epis-

239 966 424 1061 copis
453 970 520 1037 et
547 962 1000 1061 presbyteris
1029 962 1122 1035 ad
1149 961 1524 1037 dexteram
1555 967 1776 1061 Pape‚
1813 971 1887 1037 et
1917 964 2241 1040 diaconis
2278 967 2765 1043 cardinalibus
2790 970 2883 1043 ad

239 1088 576 1163 sinistram
603 1088 898 1186 positiS,
943 1088 1044 1162 ita
1081 1088 1274 1186 quod
1313 1087 1712 1163 cardinales
1749 1089 1888 1187 ipsi
1924 1090 2015 1164 ab
2061 1114 2207 1165 uno
2246 1091 2471 1167 latere
2512 1092 2763 1182 altare,
2799 1096 2889 1167 ab

241 1214 368 1287 alio
424 1234 600 1288 vero
665 1218 942 1311 Papam
998 1212 1533 1311 conspicerent,
1610 1237 1694 1288 ac
1758 1237 1889 1312 pro
1959 1215 2253 1311 prelatis
2328 1216 2889 1316 quintuplicibus

239 1339 526 1414 scamnis
587 1346 794 1413 retro
852 1337 1218 1411 banchum
1287 1337 1756 1413 diaconorum
1822 1339 2327 1432 cardinalium,
2368 1348 2441 1416 et
2480 1344 2887 1417 oratori-bus

237 1466 420 1540 laicis
459 1471 662 1540 retro
709 1487 1090 1538 scamnum
1137 1463 1730 1562 presbyterorum
1769 1464 2275 1558 cardinalium,
2310 1473 2385 1543 et
2408 1474 2609 1542 extra
2636 1490 2887 1542 versus

234 1589 434 1663 altare
485 1589 934 1687 predictum,
979 1596 1053 1663 et
1090 1610 1224 1685 pro
1265 1588 1562 1687 prelatis
1612 1592 1804 1685 Pape
1845 1590 2352 1667 assistentibus
2390 1592 2482 1667 ad
2521 1593 2883 1666 sinistram

233 1718 404 1811 Pape
431 1713 504 1787 in
535 1720 1036 1789 transversum
1069 1737 1284 1811 supra
1313 1712 1681 1787 banchum
1721 1714 2197 1789 diaconorum
2234 1717 2561 1792 ordinate
2599 1718 2878 1815 positis,

233 1840 344 1913 SS.
375 1842 454 1913 D.
487 1842 573 1913 N.
618 1846 926 1937 paratus
961 1861 1165 1913 more
1205 1837 1418 1912 solito
1457 1846 1530 1913 et
1558 1839 1847 1937 pluviali
1878 1840 2396 1916 Innocentiano
2436 1842 2878 1940 pulchriore,

230 1970 296 2036 et
319 1962 520 2038 mitra
551 1965 865 2039 Paulina
892 1962 1336 2063 preciosiore
1365 1962 1560 2039 venit
1594 1964 1683 2037 ad
1723 1964 2077 2063 capellam
2117 1966 2544 2062 predictam,
2592 1968 2710 2042 ubi
2744 1976 2883 2042 sta-

231 2091 342 2165 tim
369 2092 654 2188 incepta
693 2096 808 2165 est
837 2090 1060 2163 missa
1107 2088 1358 2163 ordine
1399 2088 1640 2163 solito.
1685 2088 2150 2183 subdiaconi,
2186 2091 2581 2184 auditores,
2618 2092 2879 2191 acolyti

229 2224 290 2289 et
317 2214 544 2291 clerici
577 2238 882 2289 camere
913 2220 1270 2289 steterunt
1297 2220 1372 2287 et
1403 2213 1748 2288 sederunt
1775 2214 1869 2288 ad
1913 2215 2271 2289 sinistram
2304 2220 2497 2314 Pape
2530 2240 2777 2291 versus
2803 2223 2876 2289 et

233 2346 374 2413 ante
399 2340 752 2415 diaconos
783 2339 1228 2429 cardinales3
1265 2337 1526 2413 deinde
1558 2337 1648 2411 ad
1678 2338 2013 2413 eamdem
2047 2364 2343 2414 manum
2372 2364 2623 2417 versus
2654 2341 2879 2417 altare

235 2465 622 2541 cubicularii
700 2488 989 2554 omneS,
1061 2463 1505 2564 presbyteris
1559 2471 1630 2537 et
1685 2464 2044 2562 episcopis
2112 2465 2597 2540 cardinalibus
2658 2466 2877 2541 facies

231 2596 585 2665 vertentes.
622 2590 926 2665 Nobiles
961 2589 1054 2663 ad
1087 2589 1348 2663 solium
1388 2589 1644 2664 sedere
1685 2589 1878 2663 soliti
1908 2596 1981 2664 et
2011 2590 2131 2664 alii
2160 2592 2625 2689 quamplures
2654 2597 2877 2667 stete-

237 2722 375 2787 runt
407 2716 492 2789 ad
533 2716 874 2790 dextram
921 2718 1112 2813 Pape
1175 2720 1372 2788 retro
1419 2712 1778 2787 banchum
1832 2714 2341 2812 episcoporum
2392 2724 2463 2792 et
2506 2718 2877 2817 presbyte-

236 2864 450 2917 rorum
495 2842 1024 2932 cardinalium;
1075 2841 1395 2917 scutiferi
1453 2846 1646 2940 Pape
1692 2850 1857 2940 post
1910 2844 2332 2919 assistentes
2378 2849 2450 2920 et
2498 2844 2865 2923 banchum

233 2966 681 3043 diaconorum
726 2968 1226 3057 cardinalium,
1287 2991 1372 3041 ac
1425 2990 1640 3065 snpra
1704 2967 2021 3064 prelatos
2082 2969 2172 3042 ad
2228 2968 2594 3043 sinistram
2645 2974 2865 3067 Pape.

232 3094 498 3167 Missam
545 3094 941 3169 celebravit
998 3097 1080 3168 R.
1136 3092 1210 3165 in
1262 3092 1546 3166 Christo
1598 3095 1694 3166 P..
1729 3096 1814 3165 D.
1881 3093 2435 3167 Bartholomeus
2484 3094 2869 3191 episcopus

231 3216 640 3295 Sutrinensis
691 3226 766 3294 et
808 3218 1238 3317 NepesinuS‚
1279 3220 1405 3292 SS.
1461 3220 1546 3289 D.
1597 3220 1685 3291 N.
1725 3240 1913 3315 pape
1967 3219 2323 3292 secundus
2374 3220 2853 3312 secretarius;

235 3340 384 3416 dixit
423 3346 736 3442 primam
791 3344 1196 3419 orationem
1246 3342 1720 3433 ordinariam,
1770 3342 2140 3433 videlicet,
2190 3342 2389 3417 Deus
2432 3346 2559 3443 qui
2614 3346 2866 3421 salutis

235 3478 454 3559 eterne,
487 3471 618 3545 sub
655 3494 790 3544 sua
815 3468 1278 3545 conclusione
1307 3492 1322 3558 ;
1360 3468 1620 3545 deinde
1650 3491 1783 3566 pro
1817 3472 2033 3565 Papa,
2077 3468 2277 3541 Deus
2313 3471 2655 3561 omnium,
2702 3483 2863 3562 etc„

239 3598 300 3665 et
335 3592 530 3669 aliam
577 3617 722 3694 pro
774 3618 974 3691 rege,
1029 3593 1166 3667 sub
1207 3593 1348 3671 alia
1387 3592 1857 3669 conclusione
1912 3616 2131 3691 quam
2176 3617 2307 3691 pro
2357 3618 2527 3693 rege
2570 3595 2868 3670 inferius

237 3715 581 3794 adnotabo.
639 3718 952 3795 Volebat
997 3718 1216 3793 etiam
1254 3718 1613 3793 Sanctitas
1662 3740 1792 3793 sua
1839 3718 2031 3815 quod
2076 3719 2165 3792 de
2215 3720 2552 3795 omnibus
2599 3720 2867 3795 octavis

239 3842 804 3918 commemoratio
831 3842 1194 3917 ordinaria
1221 3842 1640 3932 haberetur,
1667 3842 1798 3917 sed
1824 3865 1961 3939 ego
1986 3866 2323 3918 asserens
2353 3843 2543 3918 hanc
2573 3844 2867 3919 missam

239 3966 498 4044 votivam
533 3992 732 4059 esse,
767 3977 1155 4067 propterea
1193 3967 1324 4045 sibi
1359 3968 2130 4043 commemorationem
2174 3967 2590 4067 hujusmodi
2628 3968 2867 4042 minus

241 4092 612 4185 convenire,
665 4093 978 4167 maxime
1018 4115 1183 4167 cum
1221 4092 1586 4167 ordinaria
1629 4092 1853 4166 missa
1890 4092 1982 4165 sit
2020 4092 2092 4165 in
2133 4092 2323 4166 dicta
2365 4091 2657 4168 basilica
2696 4115 2863 4167 cum

241 4208 614 4309 hujusmodi
647 4218 1456 4293 commemorationibus
1488 4217 1875 4309 celebrata,
1911 4240 1995 4291 ac
2024 4224 2411 4315 propterea
2438 4216 2669 4313 ipsam
2692 4217 2867 4293 voti-

239 4354 369 4410 vam
407 4341 696 4417 omissis
737 4340 1544 4417 commemorationibus
1583 4339 2099 4416 solemniorem
2144 4342 2484 4432 futuram,
2534 4342 2863 4440 persuasi

243 4460 566 4542 Sanctitati
603 4491 766 4557 sue,
811 4476 890 4541 ut
926 4468 1082 4566 ipsa
1117 4467 1339 4541 missa
1382 4489 1548 4540 cum
1577 4466 1806 4541 tribus
1840 4466 2211 4542 dumtaxat
2254 4466 2860 4565 supranominatis

243 4589 642 4668 orationibus
681 4593 1066 4684 diceretur,
1112 4594 1318 4691 cujus
1364 4591 1723 4667 Sanctitas
1761 4616 1917 4683 sua,
1949 4591 2196 4667 habito
2228 4596 2665 4665 RRmorum.
2705 4591 2855 4664 DD.

243 4717 428 4790 sancti
455 4720 649 4793 Petri
690 4720 786 4795 ad
817 4718 1150 4812 Vincula,
1194 4720 1536 4794 Senensis
1577 4726 1649 4794 et
1677 4716 2055 4793 camerarii
2094 4740 2312 4813 super
2341 4716 2483 4790 hoc
2524 4714 2854 4805 consili0,

243 4840 336 4932 qui
361 4866 636 4919 mecum
675 4852 1092 4935 senserunt,
1136 4869 1354 4943 super
1390 4845 1534 4918 hoc
1577 4850 1819 4919 tamen
1862 4867 1905 4917 a
1944 4865 2061 4917 me
2102 4842 2435 4939 primitus
2462 4840 2853 4931 informati,

245 4971 558 5044 consensit
584 4971 781 5068 quod
815 4970 1546 5045 commemorationes
1589 4968 1947 5043 ordinarie
1988 4966 2517 5043 omitterentur.
2568 4969 2857 5044 Dictum

241 5094 326 5161 est
359 5090 583 5169 Gloria
621 5097 699 5170 in
737 5096 1051 5185 eccelsia,
1107 5094 1359 5185 Crede,
1407 5100 1478 5171 et
1517 5093 1660 5169 alia
1696 5094 1943 5169 omnia
1968 5116 2171 5169 more
2208 5094 2447 5169 solito.

323 5216 526 5296 Finita
559 5222 809 5314 missa,
851 5227 1236 5319 antequam
1287 5224 1480 5317 Papa
1517 5218 1979 5295 benediceret
2028 5219 2470 5311 solemniter,
2518 5223 2853 5292 cantores
