3625 6059
676 547 779 602 146
1584 539 1611 594 J
1623 539 1940 596 OHANNIS
1991 537 2438 603 BURCHARDI,
3041 535 3174 597 [Mai
3209 537 3344 597 ¹434]

674 696 897 769 nostri
963 692 1138 768 Jesu
1208 691 1477 765 Christi
1538 693 1884 766 custodiat
1914 725 1923 730 ’
1949 693 2262 765 animam
2320 703 2516 763 tuam
2581 689 2654 762 in
2721 690 2932 763 vitam
2997 703 3335 764 etemam.

674 821 941 896 Amen.

774 951 1266 1046 Apportantur
1316 946 1631 1042 ampulle
1683 943 1828 1018 vini
1878 951 1950 1018 et
1999 968 2184 1042 aque
2239 944 2330 1017 de
2379 942 2772 1034 credentia,
2831 942 3020 1017 facta
3068 940 3370 1016 ibidem'

679 1076 877 1173 prius
907 1074 1135 1172 proba
1172 1095 1310 1170 que
1343 1079 1415 1145 et
1446 1070 1767 1146 secundo
1794 1070 1876 1143 fit
1903 1069 2096 1168 apud
2143 1070 2393 1160 altare,
2429 1076 2501 1144 ut
2530 1071 2756 1169 prius.
2793 1073 3105 1167 Legatus
3147 1073 3336 1165 pate-

676 1225 846 1274 nam
891 1221 1108 1296 super
1146 1198 1449 1272 calicem
1506 1197 1894 1293 diligenter
1943 1196 2217 1270 excutit
2263 1201 2336 1269 et
2389 1195 2652 1292 digitos
2706 1194 2930 1270 abluit
2971 1201 3046 1268 et
3091 1194 3331 1282 sumit,

679 1331 831 1400 tum
863 1325 982 1399 dat
1010 1324 1166 1422 regi
1198 1323 1808 1422 purificationem,
1848 1327 1996 1396 tum
2027 1326 2364 1419 patenam
2397 1345 2614 1418 super
2651 1321 2980 1414 calicem,
3017 1326 3097 1395 ut
3127 1345 3338 1417 supra

676 1451 986 1540 excutit3
1024 1448 1422 1524 infunditur
1459 1449 1595 1524 sibi
1637 1449 1912 1538 vinum,
1953 1447 2313 1547 purificat,
2351 1471 2429 1520 se
2461 1447 2683 1521 abluit
2710 1446 3002 1544 digitos,
3039 1452 3112 1522 et
3141 1446 3340 1519 ablu-

679 1575 951 1649 tionem
983 1575 1227 1666 sumit,
1262 1574 1526 1672 accipit
1555 1573 1871 1663 mitram,
1907 1572 2090 1647 levat
2118 1597 2375 1646 manus
2407 1580 2479 1648 et
2507 1572 2803 1646 missam
2832 1570 3144 1670 perficit.

774 1705 950 1792 Rex,
988 1707 1277 1796 sumpta
1303 1700 1818 1773 communione
1846 1705 1918 1774 et
1946 1698 2482 1796 purificatione,
2518 1698 2776 1796 accipit
2803 1720 3152 1773 coronam
3179 1703 3342 1772 ante

677 1825 1007 1900 ultimum
1058 1826 1360 1924 gradum
1410 1825 1681 1915 altariS,
1736 1849 1820 1898 ac
1869 1833 2235 1922 sceptrum
2286 1832 2359 1899 et
2403 1847 2736 1923 pomum;
2791 1829 2860 1898 et
2903 1824 3093 1898 facta
3141 1823 3340 1897 altari

677 1977 844 2026 cum
892 1951 1125 2050 capite
1175 1951 1600 2042 reverentia,
1651 1949 1840 2025 redit
1888 1950 1979 2025 ad
2033 1951 2431 2025 thalamum
2487 1973 2724 2040 suum,
2777 1973 2822 2022 a
2867 1948 3151 2024 duobus
3200 1949 3343 2023 suis

676 2078 1179 2153 assistentibus
1214 2101 1381 2153 cum
1414 2076 1645 2151 mitris
1676 2077 2103 2167 associatus„
2139 2076 2260 2150 ubi
2292 2077 2366 2149 in
2399 2076 2570 2151 sede
2615 2099 2746 2150 sua
2784 2075 3232 2173 genuflectit,
3275 2083 3348 2150 et

675 2204 991 2278 dimissis
1021 2227 1319 2294 corona,
1360 2211 1647 2303 sceptro
1668 2211 1740 2278 et
1772 2203 2009 2294 mitra,
2034 2203 2211 2302 legit
2233 2203 2852 2292 communionem,
2880 2208 2952 2277 et
2971 2209 3164 2300 post,
3189 2225 3348 2276 ora-

674 2330 947 2405 tionem
979 2330 1068 2404 de
1098 2329 1367 2428 Spiritu
1398 2335 1645 2404 sancto
1679 2329 1791 2403 cui
1825 2329 2022 2403 addit
2052 2352 2182 2428 per
2211 2353 2290 2404 se
2323 2335 2752 2426 sequentem
2785 2353 2800 2401 :

768 2456 972 2531 Deus
1028 2455 1153 2554 qui
1208 2456 1305 2530 ad
1344 2455 1866 2552 predicandum
1920 2456 2142 2528 eterni
2186 2456 2394 2554 reqm'
2443 2456 2911 2554 evanqelium,
2971 2479 3348 2528 romanum

675 2583 1049 2679 imperium
1088 2583 1513 2678 preparas-ti,
1560 2581 1907 2678 protende
1951 2582 2230 2680 fam-edo
2289 2595 2408 2654 tuo
2465 2605 2664 2655 arma
2717 2581 3018 2670 celestia,
3077 2594 3157 2654 ut
3195 2606 3353 2678 pax

672 2707 991 2779 Ecclesia
1048 2707 1247 2779 nulla
1304 2707 1623 2779 turbetur
1680 2718 2080 2803 tempestate
2138 2706 2472 2780 bellorum
2527 2732 2549 2779 .·
2592 2731 2722 2804 per
2779 2706 2882 2778 D.
2937 2704 3042 2780 N.
3097 2705 3348 2781 Jesum

675 2831 1033 2904 Chris-teme
1068 2832 1308 2928 filium
1353 2819 1579 2923 tuum,
1628 2833 1754 2929 φατ’
1797 2849 2024 2905 tecum
2072 2833 2234 2906 vivit
2279 2845 2349 2905 et
2381 2845 2634 2930 reqnat
2674 2843 2834 2922 etc„
2885 2831 3138 2906 ambas
3181 2841 3350 2930 post

666 2957 1071 3031 orationem
1102 2958 1233 3033 sub
1265 2956 1683 3056 hujusmodi
1716 2959 2130 3033 conditione
2163 2958 2628 3032 concludens.

763 3083 997 3157 Finita
1025 3084 1249 3158 missa
1278 3090 1349 3158 et
1380 3083 1888 3160 benedictione
1917 3109 2051 3182 per
2076 3085 2395 3182 legatum
2428 3084 2618 3166 data,
2665 3084 2858 3158 idem
2888 3084 3173 3182 legatus
3219 3081 3338 3159 dat

662 3208 1063 3305 plenariam
1118 3209 1640 3306 indulgentiam
1689 3211 2024 3285 omnibus
2071 3212 2439 3307 utriusque
2493 3235 2702 3285 sexus
2757 3211 2878 3306 qui
2933 3211 3158 3286 misse
3207 3237 3336 3285 seu

666 3334 1152 3407 benedictioni
1214 3358 1342 3407 sue
1398 3335 1818 3432 hujusmodi
1885 3335 2397 3425 interfuerunt,
2463 3337 2672 3433 juxta
2727 3335 3143 3412 facultatem
3209 3361 3344 3434 per

666 3458 936 3532 bullam
957 3459 1158 3555 justa
1186 3459 1407 3532 altare
1435 3459 1722 3557 publice
1754 3485 2149 3559 appensam
2181 3461 2314 3533 sibi
2347 3483 2808 3551 concessam;
2845 3487 3064 3559 quam
3093 3461 3339 3538 indul-

666 3582 985 3680 gentiam
1025 3587 1108 3656 R.
1156 3587 1236 3656 P.
1288 3589 1375 3657 D.
1426 3585 2020 3685 archiepiscopus
2067 3587 2515 3661 Patracensis
2553 3586 2664 3661 vel
2707 3587 2904 3662 aliud
2945 3589 3038 3662 ad
3083 3589 3342 3664 volun-

666 3715 889 3782 tatem
936 3708 1160 3807 ipsius
1212 3709 1431 3806 legati
1485 3711 1922 3809 promulgat,
1978 3720 2172 3786 stans
2225 3713 2297 3785 in
2346 3713 2590 3788 medio
2641 3713 2886 3788 altaris
2941 3739 3196 3788 versus
3253 3713 3343 3788 ad

664 3833 1035 3931 populum.
1074 3838 1408 3932 LegatuS,
1444 3836 1827 3934 publicatis
1868 3838 2358 3935 indulgentiiS,
2396 3840 2487 3912 ad
2515 3839 2740 3914 altare
2782 3865 2858 3913 se
2894 3841 3126 3930 vertit,
3165 3839 3342 3915 dicit

664 3958 1019 4033 Dominus
1052 3961 1424 4053 vobiscum,
1458 3961 1763 4036 Initium
1791 3965 2021 4036 sancti
2049 3963 2396 4061 evanyelie‘
2423 3976 2580 4054 ete„
2620 3965 2854 4062 signat
2879 3966 3104 4042 altare
3137 3971 3212 4042 et
3245 3967 3340 4039 ibi

662 4086 1116 4183 evangelium
1144 4085 1381 4183 ipsum
1406 4086 1715 4184 perficit.

763 4215 914 4285 Rex
953 4213 1242 4287 interim
1287 4213 1549 4310 accipit
1588 4236 1962 4306 coronam,
2009 4221 2375 4314 sceptrum
2417 4222 2490 4290 et
2517 4239 2854 4314 pomum;
2889 4218 3222 4292 ascendit
3251 4217 3340 4293 ad

664 4361 1086 4436 supremum
1118 4329 1420 4438 gradum
1465 4341 1731 4430 altariS,
1778 4341 2221 4440 genuflectit.
2261 4348 2602 4442 Legatus,
2638 4345 2955 4443 acceptis
2986 4368 3338 4444 corpora-

661 4463 849 4539 libus
890 4465 1238 4540 ambabus
1280 4467 1639 4558 manibuS,
1688 4474 1760 4540 et
1800 4469 1940 4542 illis
1983 4468 2338 4544 indicibus
2383 4469 2625 4543 medio
2670 4471 3014 4562 extensiS,
3061 4468 3138 4543 in
3177 4495 3338 4544 mo-

666 4590 836 4662 dum
868 4592 1444 4667 semirotundum
1482 4592 1791 4689 plicatiS,
1829 4593 1949 4667 illa
1989 4595 2142 4691 regi
2173 4594 2472 4693 porrigit
2506 4594 2927 4686 osculanda,
2975 4599 3127 4668 tum
3159 4595 3336 4668 dex-

662 4717 852 4788 trum
890 4715 1151 4790 deinde
1198 4717 1567 4790 sinistrum
1610 4717 1860 4791 oculos
1895 4719 2088 4816 regis
2129 4721 2381 4817 tangit,
2425 4726 2496 4795 et
2539 4721 2691 4818 regi
2733 4720 2992 4795 iterum
3031 4718 3338 4818 porrigit

662 4839 1053 4914 osculanda
1088 4866 1104 4914 ε
1141 4840 1434 4916 demum
1465 4867 1632 4916 cum
1659 4843 1833 4941 ipsis
1866 4844 2148 4942 signum
2185 4845 2418 4920 crucis
2444 4871 2665 4946 super
2687 4869 2938 4946 regem
2963 4845 3330 4944 producit,

664 4963 786 5061 qui
822 4966 1052 5063 surgit
1093 4991 1108 5039 ε
1148 4966 1539 5064 imponitur
1573 4967 1708 5040 sibi
1748 4993 2022 5044 corona
2063 4996 2076 5042 :
2115 4971 2368 5070 recipit
2401 4979 2763 5071 sceptrum
2795 4979 2866 5048 et
2895 4995 3228 5070 pomum,
3265 4977 3338 5046 et

660 5091 734 5163 in
776 5089 1208 5183 faldistorio,
1253 5092 1447 5188 quod
1480 5098 1648 5190 post
1684 5096 2006 5170 medium
2037 5096 2277 5170 altaris
2307 5121 2552 5172 versus
2593 5122 2818 5173 cornu
2849 5097 3154 5195 epistole
3195 5094 3336 5170 sibi

662 5217 981 5312 ponitur,
1022 5217 1253 5293 sedet.
