3625 6059
737 476 803 531 16
1647 468 1998 526 JOHANNIS
2036 468 2492 553 'BURCHARDL
2898 474 3217 536 [Decembre
3248 476 3403 539 1492]

736 648 892 698 rem
937 648 1024 699 ex
1056 623 1369 720 antiquis
1412 621 1819 719 principum
1850 646 1893 695 a
1930 622 2235 696 sinistris
2270 629 2337 696 et
2371 631 2614 698 cetera
2650 647 2854 698 more
2891 625 3128 700 solito.
3167 632 3411 727 Reve-

734 750 1037 823 rendum
1111 771 1287 823 vero
1345 752 1430 821 D.
1496 748 1948 820 Leonardum
2016 748 2438 846 episcopum
2496 748 2761 824 Montis
2836 750 3082 839 Pilosi,
3143 753 3265 848 qui
3325 751 3405 826 in

735 874 1040 949 servitiis
1079 873 1250 948 dicti
1286 871 1629 970 principis
1675 878 1943 946 etcum
1980 897 2067 946 eo
2099 872 2320 963 venit,
2353 873 2580 948 locavi
2613 897 2781 948 cum
2823 874 3075 949 ultimo
3117 877 3406 974 prelato

733 999 974 1097 palatii
1018 1024 1062 1072 a
1100 998 1403 1072 sinistris
1435 996 1559 1096 (1).
1596 999 1858 1071 Fuerat
1906 998 2122 1073 etiam
2170 999 2461 1095 quidam
2510 1000 2692 1073 alius
2724 999 2998 1091 doctor,
3052 1026 3195 1075 una
3232 1026 3407 1076 cum

733 1125 1032 1223 prefatis
1057 1126 1406 1224 principe,
1452 1124 1744 1223 prelatis
1771 1129 1844 1198 et
1876 1123 2217 1213 dominiS,
2252 1148 2383 1223 pro
2418 1147 2610 1198 nono
2642 1126 2807 1201 loco
2841 1126 3239 1217 ordinatus,
3276 1126 3407 1224 qui

730 1249 1147 1325 infirmitate
1190 1275 1321 1347 per
1361 1250 1545 1324 viam
1583 1250 1947 1339 detentuS,
1988 1272 2137 1323 non
2166 1250 2386 1322 venit.

833 1376 1326 1474 Equitavimus
1383 1376 1524 1449 hoc
1583 1356 1867 1465 ofdine,
1930 1374 2040 1447 via
2096 1379 2291 1449 recta
2341 1376 2552 1472 juxta
2608 1378 2971 1453 Coliseum
3026 1404 3071 1451 a
3128 1377 3405 1452 dextris

737 1502 1141 1591 dimissum,
1199 1502 1290 1575 ad
1344 1507 1662 1573 sanctam
1718 1481 2021 1573 Mariamf
2071 1524 2329 1573 novam
2380 1500 2584 1597 juxta
2635 1502 2995 1600 hospitale
3052 1504 3404 1578 Consola-

737 1628 951 1701 tionis
984 1650 1115 1725 per
1144 1632 1308 1700 ante
1342 1626 1638 1698 domum
1672 1625 1761 1699 de
1801 1623 2133 1713 Sabellis,
2170 1625 2589 1717 piscariam,
2625 1626 2938 1724 plateam
2967 1633 3005 1702 J
3013 1628 3399 1719 udeorum,

734 1774 1074 1848 campum
1117 1750 1325 1825 Flore
1375 1750 1466 1823 ad
1503 1749 1849 1848 palatium
1898 1734 2400 1847 apostolicum,
2452 1749 2647 1847 apud
2692 1757 3023 1826 sanctum
3073 1754 3400 1825 Petrum.

733 1878 1040 1949 Causam
1083 1898 1284 1949 more
1317 1874 1788 1949 cardinalium
1827 1874 2085 1971 opinor
2120 1874 2374 1964 fuisse,
2420 1876 2590 1971 quia
2627 1876 2951 1974 pontifex
2996 1876 3409 1949 conabatur

729 2000 1135 2099 principem
1166 1999 1542 2091 divertere,
1579 2024 1669 2073 ne
1708 1999 1929 2073 hodie
1961 1999 2053 2073 ad
2090 1998 2461 2096 palatium,
2506 2002 2634 2075 sed
2664 2010 2865 2075 recta
2905 2002 3021 2074 via
3050 2001 3144 2075 ad
3170 2006 3407 2098 Apos-

733 2127 943 2216 tolos,
984 2125 1105 2200 ubi
1134 2126 1609 2225 hospitandus
1645 2133 1828 2215 erat,
1869 2127 2251 2224 equitaret,
2286 2125 2455 2199 licet
2487 2126 2687 2223 prius
2720 2126 2789 2197 in
2823 2126 3170 2223 principis
3201 2126 3402 2201 arbi-

731 2251 867 2325 trio
907 2250 981 2323 id
1009 2251 1252 2348 sepius
1300 2250 1732 2347 reliquisset.
1784 2254 1955 2325 Post
1986 2251 2328 2348 principis
2355 2251 2693 2341 baroneS,
2742 2249 3023 2325 nobiles
3067 2259 3140 2325 et
3178 2251 3396 2325 fami-

726 2376 898 2451 liam
939 2356 1260 2468 omnem,
1307 2377 1464 2474 ipso
1507 2376 1610 2450 sic
1655 2375 1967 2466 volente,
2014 2378 2421 2473 equitarunt
2460 2375 2783 2450 scutiferi
2825 2400 3039 2473 pape,
3076 2376 3397 2450 barones

725 2502 956 2576 nostri
987 2526 1156 2577 cum
1188 2501 1566 2598 capitaneo
1596 2502 1872 2598 palatii,
1906 2507 2074 2575 ante
2106 2499 2449 2599 principis
2492 2500 2635 2573 duo
2668 2506 2739 2573 et
2775 2522 2960 2596 pape
2993 2500 3396 2574 servientes

728 2648 1093 2703 armorum
1129 2625 1536 2722 equitarunt
1567 2649 1692 2698 sex
1734 2624 1952 2723 pagii.
1992 2623 2275 2697 Primus
2316 2649 2482 2697 cum
2514 2624 2773 2699 balista
2808 2630 3155 2721 argentea
3182 2624 3397 2699 inau-

728 2761 884 2827 rata
913 2758 984 2826 et
1015 2751 1358 2848 pharetra
1395 2758 1741 2847 argentea
1768 2751 2118 2840 inaurata,
2155 2774 2357 2824 more
2398 2750 2751 2847 gallicano
2784 2756 3055 2823 vestem
3094 2756 3397 2846 gestans

727 2876 801 2949 in
843 2899 1032 2972 equo
1081 2874 1376 2972 gallico;
1421 2874 1784 2949 secundus
1824 2896 1991 2949 cum
2035 2874 2402 2949 chivarina
2436 2898 2641 2949 more
2680 2878 3079 2977 Turcarum
3121 2897 3395 2970 equum

724 3002 1112 3075 barbarum
1155 3001 1488 3098 equitans
1529 3006 1602 3075 et
1642 3004 2039 3074 Turcarum
2080 3023 2284 3075 more
2322 3000 2658 3091 vestitus3
2709 3000 2962 3074 tertius
2999 2999 3395 3074 lancettatn

720 3125 1012 3222 longam
1044 3151 1248 3201 more
1267 3126 1642 3224 hispanico
1671 3131 1929 3200 tenens
1952 3132 2025 3200 et
2036 3128 2316 3223 janetto
2338 3125 2819 3224 Hispanorum
2844 3149 3045 3199 more
3068 3125 3397 3200 insidens

721 3249 798 3321 in
827 3250 1141 3324 vestibus
1200 3250 1630 3349 hispanicis;
1664 3257 1963 3348 quartus
2016 3250 2440 3324 mantellum
2466 3250 2848 3347 pluvialem
2879 3273 3012 3347 pro
3044 3248 3391 3337 Domine,

723 3374 1015 3470 quintus
1048 3374 1367 3450 valisiam
1397 3376 1890 3465 cremisinam,
1932 3380 2176 3449 sextus
2217 3398 2466 3449 ensem
2500 3375 2574 3448 in
2603 3375 2861 3472 vagina
2898 3399 3065 3449 cum
3097 3354 3393 3449 manico

724 3522 814 3573 ex
842 3500 1062 3597 perlis
1089 3508 1160 3575 et
1185 3500 1532 3598 preciosis
1562 3500 1920 3597 lapidibus
1953 3501 2384 3598 composite,
2422 3500 2899 3575 estimationis
2930 3524 3057 3575 sex
3083 3499 3391 3573 millium

723 3623 1176 3699 ducatorum.
1257 3624 1533 3722 Singuli
1590 3624 2118 3722 pulcherrimos
2178 3648 2403 3721 equos
2462 3625 2867 3721 equitantes
2925 3624 3382 3701 deferebant.

723 3772 980 3823 omnes
1009 3750 1363 3825 bruchato
1400 3773 1621 3823 aureo
1660 3749 1895 3823 vestiti
1926 3755 1999 3823 et
2028 3748 2360 3823 clenodia
2389 3757 2554 3823 ante
2587 3759 2841 3846 pectus
2882 3756 2955 3823 et
2986 3774 3207 3847 super
3235 3749 3383 3822 bir-

725 3874 896 3949 retis
941 3883 1013 3949 et
1057 3875 1350 3973 capellis
1389 3875 1803 3949 deferentes
1835 3897 2097 3972 magne
2144 3874 2647 3949 estimationis.
2686 3875 3031 3972 Princeps
3063 3880 3261 3949 veste
3293 3873 3385 3947 de

720 4001 962 4077 veluto
991 4001 1279 4077 violatio
1309 4000 1604 4075 indutus
1635 4005 1814 4088 erat,
1852 4000 2209 4073 collanam
2239 3998 2517 4073 habens
2548 4023 2636 4074 ex
2665 4000 2886 4098 perlis
2920 4006 2991 4075 et
3020 4000 3383 4099 lapidibus

723 4125 1199 4200 estimationis
1229 4148 1360 4201 sex
1397 4124 1700 4200 millium
1742 4123 2194 4215 ducatorum,
2246 4123 2617 4221 cingulum
2661 4148 2827 4200 cum
2873 4148 3047 4199 ense
3082 4124 3387 4199 estima-

721 4247 940 4321 tionis
997 4247 1356 4345 ejusdem,
1416 4247 1699 4323 frenum
1756 4254 1986 4323 totum
2046 4271 2136 4321 ex
2191 4248 2411 4345 perlis
2474 4255 2547 4322 et
2600 4249 2953 4347 preciosis
3018 4248 3389 4346 lapidibus

721 4372 1204 4471 compositum
1234 4372 1492 4447 valoris
1523 4373 1741 4447 trium
1770 4374 2074 4447 millium
2106 4396 2192 4446 ac
2231 4379 2462 4447 totum
2505 4374 2675 4471 equi
2716 4374 2824 4448 sui
2863 4373 3391 4451 fornimentum

604 4502 614 4511 ‘
721 4504 1053 4572 auratum
1083 4495 1344 4571 abante
1377 4503 1450 4570 et
1479 4502 1674 4571 retro
1705 4503 2023 4594 gestans,

817 4622 1316 4699 Precedebant
1367 4620 1711 4707 familiam
1769 4644 1976 4695 suam
2026 4620 2248 4695 salme
2308 4620 2645 4713 ducente,
2710 4644 2965 4697 omnes
3015 4622 3391 4721 coopertis

799 4900 850 4957 1.
885 4898 992 4957 Les
1019 4916 1166 4957 mss.
1203 4900 1308 4957 149
1335 4906 1390 4957 et
1416 4900 1558 4959 5160
1594 4900 1841 4956 donnent
1868 4914 1973 4954 une
2000 4898 2203 4971 phrase
2240 4896 2333 4971 qui
2370 4900 2456 4953 est
2492 4896 2882 4955 certainement
2920 4914 3027 4953 une
3064 4897 3394 4955 annotation

721 4991 790 5047 de
821 4991 892 5048 P.
933 4990 1001 5047 de
1018 4989 1235 5046 Grassis
1259 5007 1274 5047 z
1309 5011 1338 5040 «
1368 4988 1430 5045 Si
1455 4988 1560 5047 iste
1593 4987 1835 5063 prelatus
1864 4986 1968 5044 fuit
1986 4988 2173 5061 dispar
2200 4992 2255 5042 et
2274 4986 2443 5057 solus,
2466 4986 2604 5043 bene
2624 4986 2726 5044 fuit
2744 5004 2867 5043 cum
2892 4986 2998 5044 isto
3012 4986 3228 5060 prelato
3248 4982 3399 5062 prin·

728 5078 883 5155 cipis,
915 5078 1004 5135 sin
1046 5085 1230 5135 autem
1270 5077 1553 5135 debuisset
1579 5095 1704 5135 esse
1742 5094 1865 5134 cum
1894 5074 2070 5151 primo
2116 5074 2322 5150 prelato
2352 5075 2419 5132 de
2448 5075 2597 5133 curia
2625 5080 2680 5132 et
2716 5075 3127 5151 archiepiscopo
3166 5078 3241 5133 ad
3270 5078 3396 5153 ejus

724 5170 1080 5229 dexteram.»
