3625 6059
353 531 527 591 [Aont
560 531 701 592 ¹499]
1028 529 1283 586 RERUM
1332 530 1785 588 URBANARUM
1835 533 2361 594 COMMENTARH.
2929 545 3034 598 549

456 684 799 772 sabbato,
839 688 879 758 3
913 686 1227 780 augusti,
1263 691 1426 758 ante
1462 685 1683 775 diem,
1724 688 2020 761 recessit
2053 713 2138 762 ex
2177 690 2364 764 Urbe
2401 696 2645 766 Rmus,
2690 697 2772 766 D.
2807 697 3036 768 cardi-

348 810 541 882 nalis
592 835 650 882 s,
698 809 1043 893 Severini,
1090 810 1316 883 iturus
1366 811 1853 884 Mediolanum
1899 837 2064 886 cum
2117 814 2306 887 bona
2349 818 2582 906 gratia
2624 825 2696 891 et
2740 819 3036 894 lieentia

354 937 553 1031 Pape
587 933 706 1031 (1).

454 1059 858 1147 Dominica,
897 1063 939 1130 4
988 1059 1259 1131 mensis
1304 1061 1615 1154 augusti,
1654 1065 1726 1134 S.
1766 1067 1848 1134 D.
1888 1067 1972 1134 N.
2012 1062 2180 1136 fecit
2225 1065 2734 1138 consistorium
2784 1091 3028 1142 secre-

348 1191 511 1256 tum
558 1184 647 1256 ad
696 1181 1291 1279 supplicationem
1342 1185 1527 1256 Rmi.
1582 1188 1665 1256 D.
1712 1187 2095 1260 cardinalis
2147 1213 2205 1261 s.
2259 1189 2577 1286 Dionysii
2620 1189 2915 1275 infirmi,
2953 1193 3025 1264 in

344 1333 497 1405 quo
544 1311 737 1382 idem
780 1309 1165 1382 cardinalis
1210 1333 1340 1407 per
1383 1316 1663 1383 certum
1716 1299 2262 1406 procuratorem
2319 1336 2530 1385 suum
2578 1315 2794 1388 cessit
2838 1316 3028 1410 regi-

344 1437 533 1508 mini
578 1442 649 1508 et
691 1434 1289 1510 administrationi
1342 1460 1470 1508 seu
1517 1435 1947 1510 commende
1990 1435 2298 1510 ecclesie
2347 1438 2870 1527 Lombariensi,
2908 1442 3022 1513 cui

344 1561 661 1658 prefecit
700 1561 773 1634 in
822 1561 1480 1635 administratorem
1534 1564 1657 1635 SS.
1717 1567 1801 1634 D.
1860 1569 2107 1635 noster
2157 1566 2238 1636 R.
2294 1566 2372 1634 P.
2428 1568 2511 1635 D.
2569 1564 3022 1660 Dionysium,

346 1685 661 1780 predicti
694 1686 1077 1760 cardinalis
1108 1693 1477 1782 nepotem,
1518 1708 1672 1776 seu,
1714 1694 1786 1758 ut
1819 1684 1936 1758 alii
1965 1684 2236 1775 dicunt,
2273 1685 2531 1759 filium.

454 1810 664 1883 Feria
730 1811 970 1900 tertia,
1030 1817 1070 1882 6
1130 1811 1397 1883 mensis
1460 1811 1769 1906 augusti,
1826 1811 2016 1884 circa
2071 1810 2253 1883 hora
2309 1813 2564 1884 horam
2622 1837 2794 1905 xvn,
2849 1817 3028 1890 obiit

344 1943 609 2010 Rmus.
644 1938 719 2010 in
760 1937 1041 2011 Christo
1083 1941 1161 2010 P.
1197 1937 1279 2008 D.
1317 1935 1713 2024 Johannes,
1751 1934 1936 2008 tituli
1981 1960 2039 2007 S.
2080 1936 2345 2010 Sabine
2385 1936 2763 2036 presbyter
2791 1941 3028 2014 cardi-

344 2064 566 2152 naliS,
619 2088 677 2136 S.
730 2063 1053 2158 Dionysii
1104 2061 1489 2155 vulgariter
1538 2067 2024 2157 nuncupatuS,
2075 2061 2281 2158 cujus
2327 2063 2569 2136 anima
2618 2063 3024 2158 requiescat

342 2189 419 2260 in
474 2211 657 2286 pace
706 2214 723 2261 :
775 2211 1015 2261 amen.
1068 2187 1228 2259 Fuit
1280 2185 1413 2257 iste
1461 2182 1844 2256 cardinalis
1904 2184 1975 2254 in
2026 2185 2495 2275 consistoriO,
2547 2186 2661 2259 die
2709 2191 3017 2279 veneriS,

348 2319 449 2386 26
483 2313 756 2387 mensis
794 2312 954 2410 julii
986 2313 1313 2409 proxime
1361 2308 1713 2406 preteriti,
1752 2309 1824 2380 in
1866 2332 2008 2404 quo
2051 2312 2131 2380 R.
2179 2313 2258 2382 P.
2309 2313 2394 2381 D.
2433 2309 2801 2383 Johannes
2851 2316 3023 2386 Fer-

350 2463 522 2512 rara
580 2439 852 2513 electus
908 2435 1404 2535 Melphitensis
1458 2434 1831 2508 absolutus
1891 2433 2019 2507 fuit
2077 2457 2120 2505 a
2168 2433 2450 2506 vinculo
2510 2457 2652 2529 quo
2711 2437 3018 2510 ecclesie

344 2558 813 2656 Melphitensi
850 2559 1115 2654 ligatus
1163 2569 1343 2652 erat,
1391 2569 1462 2635 et
1510 2562 1876 2658 prefectus
1919 2559 2224 2632 ecclesie
2269 2559 2696 2648 Arelatensi,
2740 2561 2828 2633 de
2876 2586 3018 2658 quo

348 2685 589 2759 dictus
632 2683 1016 2758 cardinalis
1048 2685 1161 2757 cui
1195 2709 1329 2782 per
1358 2689 1483 2760 SS.
1522 2690 1609 2758 D.
1648 2690 1731 2759 N.
1769 2686 2128 2783 promissa
2161 2685 2292 2758 fuit
2335 2687 2567 2782 prima
2607 2686 2918 2760 ecclesia
2949 2688 3018 2762 in

354 2833 587 2906 regno
644 2810 941 2884 Francie
992 2815 1363 2902 vacatura,
1411 2833 1543 2907 pro
1594 2835 1681 2884 eo
1732 2810 1926 2906 quod
1971 2810 2399 2884 commende
2452 2810 2758 2883 ecclesie
2810 2812 3020 2885 Viva-

352 2935 579 3009 riensi
624 2942 971 3024 cessaret,
1006 2935 1190 3008 adeo
1237 2934 1563 3009 turbatus
1612 2943 1683 3008 et
1727 2944 2136 3010 commotus
2181 2937 2337 3027 fuit,
2381 2938 2596 3032 quod,
2635 2945 3020 3034 postquam

349 3087 391 3135 e
442 3061 874 3135 consistorio
933 3061 1228 3135 domum
1284 3060 1519 3152 rediit,
1568 3059 1822 3134 invasit
1886 3084 2053 3135 eum
2118 3062 2474 3152 alteratio,
2525 3069 2594 3135 et
2659 3085 2788 3158 pro
2833 3063 3022 3137 dicta

344 3189 781 3263 alteratione
837 3186 1109 3260 vocavit
1146 3185 1569 3282 magistrum
1613 3185 1981 3261 Andream
2040 3187 2253 3262 Vives
2310 3194 2379 3260 et
2427 3186 2889 3260 Theodorum
2931 3188 3019 3261 de

345 3313 817 3409 Cocleghein,
871 3309 1190 3385 medices
1242 3333 1438 3401 SUOS,
1491 3311 1611 3407 qui
1663 3311 1755 3398 ei,
1790 3313 2159 3386 dominica
2209 3319 2299 3385 28
2345 3313 2534 3409 julii,
2585 3311 3018 3385 medicinam

350 3440 533 3512 adeo
564 3437 947 3511 violentam
985 3436 1597 3524 ministraverunt,
1630 3436 1825 3532 quod
1867 3460 2032 3511 eum
2077 3462 2202 3510 xiv
2243 3438 2518 3511 vicibus
2561 3437 2652 3510 ad
2692 3445 3021 3534 egestum

348 3564 795 3660 provocavit,
850 3585 935 3634 ac
996 3561 1207 3632 nimis
1267 3558 1685 3651 debilitavit,
1746 3568 1818 3634 et
1878 3560 2158 3634 febrem
2225 3561 2526 3635 validam
2585 3562 3014 3658 provocavit.

350 3689 683 3776 Veneris,
728 3693 769 3759 2
818 3686 1129 3783 augusti,
1173 3684 1523 3758 ordinavit
1572 3691 2088 3759 testamentum
2137 3711 2373 3760 suum.
2427 3685 2765 3777 SabbatO,
2805 3691 2845 3759 3
2891 3711 3020 3760 au-

350 3814 571 3909 gusti,
612 3814 682 3884 in
720 3835 981 3908 magno
1024 3811 1466 3909 paroxismo,
1502 3809 1891 3882 celebravit
1932 3810 2000 3880 in
2048 3812 2324 3906 capella
2370 3812 2514 3884 sive
2560 3834 2854 3884 camera
2891 3836 3022 3884 sua

350 3939 645 4016 missam
676 3961 841 4009 eum
891 3961 1157 4032 magna
1196 3935 1601 4008 devotione.
1644 3934 2022 4006 Dominica
2056 3941 2125 4022 4,
2164 3935 2380 4007 cessit
2413 3933 3017 4010 administrationi

346 4085 505 4152 sue,
550 4070 623 4136 ut
668 4087 885 4158 supra
932 4061 1103 4154 (lixi,
1150 4066 1221 4135 et
1267 4059 1547 4149 martis,
1596 4065 1637 4129 6
1679 4059 1990 4154 augusti,
2043 4067 2332 4156 recepto
2381 4065 2838 4132 sacramento
2892 4081 3018 4133 ex-

350 4195 579 4263 treme
634 4188 990 4262 unctionis
1047 4186 1508 4261 devotissime
1563 4192 1633 4257 et
1680 4183 1922 4258 anima
1980 4208 2108 4256 sua
2163 4208 2292 4281 per
2341 4183 2758 4257 sacerdotes
2817 4205 3020 4257 com-

352 4313 718 4401 mendata,
753 4338 939 4387 uuus
973 4314 1429 4387 sacerdotum
1464 4335 1705 4384 coram
1740 4335 1827 4385 eo
1865 4311 2072 4408 juxta
2102 4311 2261 4409 ejus
2293 4311 2559 4384 lectum
2593 4311 3019 4408 genuflexus

350 4441 765 4537 passionem
818 4441 1077 4536 {legit-13
1138 4439 1257 4534 qui
1308 4461 1473 4513 cum
1528 4438 1599 4508 in
1654 4437 1970 4532 quodam
2025 4437 2240 4510 verbo
2292 4447 2632 4528 errasset,
2690 4438 3018 4512 cardina-

346 4565 469 4656 lis,
521 4565 641 4660 qui
702 4564 1068 4660 loquelam
1120 4565 1493 4651 amiserat,
1544 4585 1755 4634 manu
1819 4561 2118 4635 dextera
2169 4561 2454 4634 strinxit
2506 4562 2812 4658 legentis
2862 4585 3018 4636 ma-

348 4714 551 4780 num,
604 4697 677 4763 ut
735 4691 1168 4786 intelligeret
1229 4713 1305 4763 se
1360 4712 1684 4773 erras-sm
1742 4695 1813 4759 et
1875 4687 2088 4783 paulo
2139 4693 2300 4782 post
2351 4686 2590 4759 emisit
2657 4687 3011 4784 spiritum.

351 4821 511 4902 Quo
558 4815 853 4903 emisso,
904 4839 1040 4908 ego
1083 4824 1400 4896 vocatus,
1440 4813 1571 4886 feci
1619 4835 1785 4886 eum
1839 4812 2082 4898 lavari,
2146 4811 2294 4884 radi
2358 4819 2429 4884 et
2480 4811 2717 4884 vestiri
2765 4819 2836 4886 et
2882 4813 3020 4885 alia

350 4943 437 5014 ad
486 4941 906 5036 hujusmodi
968 4948 1396 5037 opportuna,
1450 4945 1521 5010 et
1569 4938 1656 5011 de
1699 4936 2212 5009 commissione
2269 4943 2738 5010 executorum
2797 4937 3019 5010 cedu-

422 5133 467 5186 1.
516 5155 540 5172 ··
680 5147 773 5200 per
803 5146 997 5183 conzar
1026 5125 1075 5180 le
1110 5145 1266 5180 cosso
1296 5125 1347 5179 di
1392 5124 1472 5178 sui
1508 5122 1695 5178 t'rntelli
1728 5139 1829 5176 eon
1862 5121 1894 5177 ἰ1
1931 5139 1984 5175 re
2021 5122 2070 5175 cli
2107 5122 2305 5176 Franza
2338 5131 2390 5176 et
2423 5122 2464 5175 la
2501 5120 2820 5188 ιἳὶῥῑηονὶτι...
2859 5146 2884 5170 υ
2918 5121 3016 5174 Sa-

354 5227 507 5279 nutO.
542 5227 581 5274 t.
618 5219 689 5286 ll,
715 5217 816 5274 rol.
856 5217 1010 5274 1049.
