3625 6059
244 552 429 617 [Aout.
463 554 613 616 1⁴⁹⁸]
926 552 1183 613 RERUM
1226 554 1685 614 URBANARUM
1734 556 2256 619 COMMENTARII.
2843 568 2944 625 311

250 734 407 808 que
438 732 575 808 per
600 732 731 785 eos
759 716 1101 785 annotata
1129 710 1295 785 duci
1317 718 1831 809 presentarunt
1856 736 2021 786 cum
2047 713 2453 813 adjectione
2486 714 2727 792 tamen
2753 722 2950 817 quod

251 837 447 933 ipsis
480 858 945 932 nequaquam
976 835 1333 911 videretur
1361 837 1624 912 ducem
1658 838 1728 911 in
1754 840 2175 935 receptione
2206 839 2423 937 legati
2459 867 2547 916 ex
2574 866 2759 940 equo
2791 847 2951 921 des-

250 962 595 1035 cendere
636 961 942 1052 deber-03
978 962 1175 1059 quod
1198 985 1337 1059 ego
1370 988 1459 1037 ex
1489 963 2010 1038 deliberatione
2048 963 2466 1062 hujusmodi
2509 970 2946 1066 receptionis

250 1084 611 1159 cedulam
654 1110 787 1183 per
824 1090 913 1160 D.
948 1086 1349 1161 Mattheum
1384 1094 1478 1185 (1)
1512 1090 1832 1177 Galeam,
1875 1088 2202 1163 ducalem
2250 1092 2726 1165 secretarium
2765 1094 2944 1167 mihi

254 1209 547 1285 lectam
592 1211 1029 1308 intelligens,
1064 1213 1237 1308 petii
1268 1219 1341 1288 et
1371 1213 1643 1289 obtinui
1675 1238 1719 1287 a
1746 1214 1932 1288 duee
1959 1236 2076 1287 me
2109 1214 2373 1305 audiri;
2411 1214 2522 1289 eui
2566 1216 2709 1290 dixi
2749 1218 2948 1291 ordi-

254 1338 653 1411 nationem
716 1337 1155 1435 receptionis
1200 1338 1417 1435 legati
1485 1345 1558 1413 et
1619 1363 1832 1413 suum
1881 1340 2258 1413 decretum
2311 1340 2609 1431 vidisse,
2666 1364 2750 1415 ac
2798 1365 2944 1416 uno

254 1462 606 1561 dempto,
639 1463 713 1535 in
744 1464 1081 1537 omnibus
1112 1465 1430 1560 placere,
1460 1466 1534 1539 in
1580 1488 1667 1539 eo
1710 1465 2042 1540 videlieet
2080 1489 2226 1540 non
2263 1466 2551 1563 placere
2591 1490 2736 1564 quo
2777 1491 2947 1543 con-

258 1588 573 1663 siliariis
620 1587 987 1662 videretur
1032 1590 1274 1685 legato
1320 1614 1409 1663 ex
1452 1614 1641 1688 equo
1671 1589 2259 1665 descendendum
2293 1616 2436 1665 non
2481 1616 2681 1686 esse;
2726 1605 2822 1685 et,
2871 1602 2944 1668 ut

254 1736 531 1788 eorum
574 1713 652 1785 in
688 1713 831 1787 hoc
872 1736 1197 1787 errorem
1244 1714 1733 1801 ostenderem,
1774 1716 2069 1791 recitavi
2095 1715 2457 1791 reeordari
2499 1742 2614 1793 me
2659 1720 2946 1793 Federi-

254 1862 431 1913 cum
470 1840 793 1929 tertium,
820 1844 1313 1915 Romanorum
1346 1842 1863 1939 imperatorem
1890 1841 2191 1932 Nieeno,
2216 1844 2518 1918 Senensi
2541 1851 2612 1920 et
2637 1870 2696 1919 s.
2721 1847 2942 1919 Marci

254 1966 757 2041 cardinalibus
796 1966 1053 2063 legatis
1097 1968 1380 2041 obviam
1424 1969 1709 2043 venisse
1741 1969 1872 2061 (2),
1909 1980 1980 2046 et
2021 1995 2110 2045 ex
2157 1995 2344 2069 equo
2387 1971 2708 2069 singulos
2746 1971 2944 2067 ipsos

258 2092 775 2183 descendisse,
820 2099 891 2167 et
918 2101 1346 2167 veneranter
1384 2117 1511 2167 eos
1562 2118 1696 2192 pro
1728 2095 2012 2171 honore
2045 2096 2236 2170 sedis
2265 2096 2660 2195 apostolice
2705 2118 2948 2169 susee-

260 2220 508 2317 pisse3
553 2220 747 2295 bone
784 2219 1139 2293 memorie
1180 2218 1548 2293 Galeatius
1588 2220 1907 2316 quintuS,
1944 2219 2088 2295 dux
2121 2221 2532 2311 Mediolani,
2569 2244 2758 2295 anno
2791 2224 2938 2309 LX,

264 2346 461 2417 venit
508 2344 796 2419 obviam
841 2343 1031 2419 bone
1081 2345 1431 2418 memorie
1482 2370 1541 2416 s,
1590 2345 1765 2419 Sixti
1814 2346 2240 2445 presbytero
2286 2346 2662 2435 cardinali,
2695 2345 2940 2441 legato

262 2468 767 2543 Mediolanum
812 2471 1073 2562 misso;
1105 2470 1324 2567 quod,
1372 2471 1539 2547 lieet
1568 2471 1920 2561 viderem,
1951 2495 2096 2545 non
2130 2478 2374 2546 tamen
2407 2470 2678 2545 adverti
2717 2492 2807 2542 an
2851 2493 2940 2543 ex

268 2618 463 2692 equo
512 2596 1001 2670 descenderit.
1055 2596 1458 2671 Potuissem
1488 2602 1731 2671 tamen
1763 2596 2126 2671 addidisse
2152 2596 2347 2695 quod
2377 2598 2530 2694 ipse
2571 2596 2936 2670 Galeatius

274 2720 447 2809 dux,
486 2744 661 2794 cum
690 2721 1011 2818 prefatus
1042 2722 1355 2795 Nicenus
1385 2722 1796 2813 cardinaliS,
1829 2722 2110 2819 legatus
2145 2723 2235 2796 ad
2265 2722 2644 2796 Franciam
2678 2722 2932 2810 iturum,

264 2844 759 2920 Mediolanum
782 2847 1276 2943 pertransiret,
1314 2846 1450 2920 sibi
1469 2848 1661 2921 venit
1682 2848 1963 2923 obviam
1991 2871 2125 2944 per
2145 2848 2352 2944 plura
2372 2847 2708 2919 milliaria
2739 2852 2938 2919 extra

270 2972 567 3063 Urbem,
608 2980 679 3047 et
716 2973 957 3071 legato
996 2972 1173 3062 viso,
1210 2973 1586 3047 descendit
1625 2996 1711 3047 ex
1745 2995 1961 3069 equo,
1999 2972 2216 3044 etiam
2253 2978 2582 3068 tempore
2611 2970 2938 3067 pluvioso

268 3105 339 3170 et
362 3098 609 3173 lutoso
642 3106 715 3171 et
739 3122 871 3195 per
892 3098 1136 3196 plures
1166 3119 1419 3194 passus
1451 3098 1757 3195 pedibus
1788 3096 2135 3171 incedens
2165 3118 2328 3167 eum
2364 3094 2673 3168 accessit
2701 3094 2939 3167 humi-

265 3222 427 3297 liter
456 3229 533 3298 et
562 3231 1009 3297 reverenter.
1044 3227 1197 3299 Hoc
1227 3222 1509 3319 prefato
1546 3224 1715 3296 duci
1749 3220 2108 3295 Ludovico
2138 3220 2379 3313 retuli,
2411 3243 2558 3295 non
2591 3229 2934 3317 tanquam

272 3348 399 3421 sibi
438 3350 687 3445 legem
733 3347 1031 3423 daturus
1072 3350 1200 3423 sed
1240 3356 1317 3421 ut
1366 3372 1497 3423 sua
1534 3348 1981 3423 Excellentia
2019 3348 2110 3422 de
2141 3347 2610 3421 consiliorum
2641 3370 2939 3421 suorum

264 3474 537 3567 judicio
570 3480 644 3547 et
688 3474 981 3549 decreto
1012 3475 1283 3549 rectius
1323 3482 1571 3570 posset
1615 3482 1687 3548 et
1723 3474 2120 3572 perfectius
2146 3473 2500 3572 judicare.
2539 3473 2938 3570 Respondit

273 3598 447 3673 mihi
492 3598 643 3672 dux
686 3599 824 3673 hec
866 3599 976 3673 vel
1024 3600 1290 3673 similia
1328 3601 1546 3674 verba
1590 3628 1604 3673 :
1651 3630 1684 3667 «
1726 3600 2072 3697 Magister
2115 3598 2721 3689 ceremoniarum,
2756 3597 2939 3672 hab-

276 3724 509 3798 biamo
562 3724 904 3798 mandato
953 3724 1004 3797 il
1052 3726 1544 3822 protonotario
1596 3726 1687 3798 de
1751 3724 1988 3822 Nigris
2041 3724 2646 3799 reverendissimo
2697 3723 2938 3821 legato

274 3876 397 3949 per
436 3851 827 3926 intendere
881 3850 1123 3948 quello
1168 3850 1304 3923 che
1358 3848 1747 3923 habbiamo
1796 3872 1840 3922 a
1885 3849 1994 3923 far
2043 3850 2159 3922 noi
2209 3849 2284 3921 in
2327 3848 2692 3922 honorare
2737 3849 2938 3922 detto

273 3977 507 4073 legato
552 3976 678 4075 (3).
715 3976 1095 4051 Crediamo
1140 3998 1287 4051 non
1333 3974 1675 4048 habbiate
1726 3974 1870 4047 mai
1918 3974 2180 4048 veduto
2231 3976 2432 4046 Duea
2473 3973 2545 4045 di
2586 3973 2851 4046 Milano
2887 3972 2938 4045 il

275 4102 479 4197 quale
526 4102 797 4176 habbia
831 4101 1009 4175 fatto
1052 4100 1293 4198 quello
1325 4100 1463 4175 che
1506 4098 1897 4173 habbiamo
1929 4099 2108 4172 fatto
2152 4098 2312 4188 noi3
2350 4120 2481 4194 per
2518 4103 2773 4194 questo
2805 4120 2936 4195 po-

278 4234 413 4301 tete
455 4227 931 4324 persuadervi
973 4225 1111 4301 che
1160 4226 1393 4299 anche
1445 4226 1518 4298 in
1566 4229 1828 4321 questo
1883 4248 2027 4297 non
2057 4200 2474 4298 'habbiamo
2517 4222 2822 4319 bisogno
2865 4224 2936 4296 di
2993 4238 3004 4249 ·

280 4358 545 4426 mastro
576 4352 649 4425 di
677 4352 1119 4427 ceremonie.
1156 4350 1505 4425 Andatevi
1538 4372 1677 4425 con
1711 4350 1870 4423 Dio.
1907 4380 1941 4417 n
1981 4350 2458 4423 Interfuerunt
2485 4348 2936 4446 responsioni

278 4476 695 4575 huJusmodi
756 4477 1044 4551 ducissa
1106 4476 1529 4566 Mediolani,
1598 4476 1965 4551 secretarii
2033 4482 2105 4549 et
2175 4474 2360 4547 forte
2409 4498 2450 4546 L
2499 4473 2611 4547 vel
2675 4498 2764 4546 Lx
2811 4482 2935 4547 aut

280 4604 463 4679 circa
490 4604 641 4678 alii.
676 4607 833 4690 Qua
860 4602 1133 4693 habita,
1169 4602 1622 4699 cognoscens
1642 4600 1960 4675 coleram
1994 4599 2222 4691 ducis»,
2260 4599 2533 4695 absque
2559 4598 2700 4673 alia
2726 4599 2935 4696 repli-

280 4730 579 4821 catione,
610 4729 908 4803 recessi.

346 4898 392 4953 1.
436 4892 886 4963 BartholomeuS,
916 4892 1053 4949 dans
1081 4894 1157 4953 M.
1191 4894 1417 4963 Sanuto‚
1452 4895 1656 4963 Diarii,
1686 4900 1727 4951 t.
1762 4894 1806 4961 Ι,
1834 4892 1936 4948 eol.
1969 4890 2092 4946 304.

342 4986 391 5043 2.
432 5008 463 5037 «
593 4982 963 5041 cardinalibus
991 4982 1187 5058 legatis
1218 4984 1528 5041 successive
1556 4984 1626 5039 ad
1654 5000 1779 5039 eum
1804 4978 2150 5037 venientibus
2179 4978 2396 5037 obviam
2415 4982 2750 5041 venisse...»
2783 4983 2930 5055 (149,

286 5072 319 5129 t'.
446 5118 459 5133 .
532 5118 545 5134 .

342 5074 473 5221 331.9«
490 5077 571 5143 v)
610 5162 795 5238 quella
833 5163 880 5221 si
917 5164 991 5221 ha
1026 5165 1098 5222 da
1131 5164 1241 5221 fare
1269 5182 1367 5239 per
1402 5164 1441 5220 li
1479 5162 1654 5220 nostri
1693 5162 1749 5217 id
1787 5162 2124 5221 honorare...
2167 5181 2196 5219 e
2229 5169 2409 5238 potete
2439 5160 2790 5238 persuadervi
2828 5161 2931 5217 che

288 5252 441 5310 anche
470 5253 527 5310 in
555 5260 755 5328 questo
784 5270 1033 5328 sapremo
1062 5254 1162 5310 che
1192 5254 1302 5311 fare
1326 5274 1339 5313 z
1372 5270 1483 5311 non
1512 5250 1803 5309 habbiamo
1811 5275 1957 5312 .....
1985 5252 2105 5321 149,
2139 5252 2176 5307 t’.
2208 5252 2333 5312 320.
