3625 6059
751 540 865 599 236
1420 616 1427 623 ‚
1646 541 2010 601 -JOHANNIS
2058 543 2500 619 ssuaannm,
2528 534 2536 541 '
3021 554 3232 620 [imvm
3253 560 3364 624 uss]

753 695 910 775 ‚sive
958 695 1195 770 banda
1234 720 1367 795 per
1409 697 1679 772 Urbem
1728 699 2001 775 fiebant
2035 701 2168 775 sub
2205 704 2501 777 nomine
2543 704 2716 781 dicti
2757 708 2949 805 regis
2989 714 3060 784 et
3097 734 3226 786 non
3261 717 3366 788 sub

762 820 1058 895 nomine
1092 826 1309 921 Pape.
1634 910 1641 917 ‚

858 947 1069 1020 Feria
1100 955 1381 1046 quarta,
1438 955 1529 1024 28
1565 950 1908 1048 januarii,
1965 956 2092 1049 SS.
2149 959 2233 1029 D.
2289 964 2540 1032 nostro
2585 958 2940 1035 existente
2983 960 3056 1033 in
3103 963 3370 1037 secunda

760 1070 926 1143 aula
965 1071 1109 1145 sive
1157 1096 1447 1148 camera
1476 1076 1683 1173 juxta
1709 1075 1980 1151 lobiam
2020 1085 2227 1177 porte
2256 1079 2529 1178 palatii,
2567 1091 2637 1157 et
2669 1108 2836 1158 cum
2877 1084 3218 1159 tredecim
3243 1112 3370 1161 car-

757 1194 1151 1289 dinalibuS‚
1187 1197 1519 1276 videlicet
1575 1204 1978 1295 Parmensi,
2027 1228 2088 1277 s.
2146 1208 2552 1299 Anastasie,
2607 1210 2874 1284 Montis
2923 1210 3229 1308 Regalis„
3269 1216 3370 1286 Ur-

760 1325 947 1416 sinn,
996 1346 1056 1395 s.
1095 1326 1444 1425 Dionysii,
1478 1326 1996 1421 Alexandrian,
2047 1333 2426 1423 Gurcensi,
2469 1332 2939 1431 presbyteriS,
2985 1360 3047 1409 s.
3093 1336 3368 1433 Georgii,

760 1474 819 1523 s.
860 1450 1214 1541 Severini,
1260 1450 1670 1543 Valentino,
1718 1452 2088 1545 Cesarin0,
2126 1454 2470 1531 Grimano
2536 1460 2610 1531 et
2644 1460 3020 1551 Farnesio,
3093 1462 3273 1535 venit
3306 1462 3374 1535 de

760 1574 1024 1672 palatio
1056 1600 1117 1649 s.
1152 1576 1375 1651 Marci
1405 1575 1826 1652 associatus.
1868 1579 2144 1655 Armati
2174 1604 2431 1660 omnes
2463 1606 2631 1657 cum
2672 1607 2844 1682 rege
2876 1586 2969 1661 ad
2996 1586 3376 1684 pontificem

762 1724 930 1775 cum
974 1723 1119 1797 quo
1162 1724 1289 1777 rex
1331 1700 1467 1777 fuit
1514 1701 1709 1779 solus
1756 1703 2316 1801 aliquantulum3
2363 1708 2629 1784 deinde
2672 1733 2839 1785 cum
2885 1711 3062 1810 ipsis
3105 1712 3374 1803 duobus»,

764 1824 1149 1927 cardinalis
1191 1826 1619 1901 Valentinus
1661 1851 1793 1924 per
1849 1835 2181 1925 quartam
2233 1841 2513 1930 partem
2553 1836 2764 1910 unius
2812 1836 3024 1911 hore.
3081 1840 3252 1911 Tum
3289 1862 3380 1911 re-

764 1953 989 2027 cessit
1030 1976 1157 2027 rex
1199 1952 1596 2031 associatus
1642 1978 1685 2029 a
1737 1960 1929 2055 Papa
1973 1959 2572 2051 etocardinalibus
2616 1984 2748 2059 per
2795 1961 3050 2036 ambas
3095 1986 3378 2037 cameras
3509 1980 3511 2031 ἕ

760 2076 1127 2177 predictas
1188 2102 1412 2175 nsque
1470 2104 1689 2177 supra
1739 2081 2388 2161 deambulatorium
2440 2109 2575 2182 per
2624 2085 2819 2183 quod
2871 2086 3014 2161 itur
3064 2087 3153 2161 de
3207 2088 3381 2161 dictis
3509 2140 3511 2143 ι

765 2204 1043 2281 duobus
1072 2205 1381 2280 cameris
1412 2204 1505 2279 ad
1542 2206 1820 2301 priores
1855 2208 2342 2285 habitationes
2369 2210 2641 2308 palatii,
2677 2210 2798 2285 ubi
2831 2213 3230 2308 genuflexit
3255 2236 3380 2301 rex,

764 2331 1053 2406 detecto
1093 2332 1355 2430 capite,
1392 2340 1465 2407 et
1503 2337 1722 2430 Papa,
1759 2332 2088 2432 deposito
2123 2334 2354 2409 bireto
2385 2336 2623 2432 ipsum
2663 2360 2912 2435 regem
2951 2338 3382 2436 genuflexum

766 2457 1223 2533 deosculatus
1256 2466 1390 2533 est.
1429 2463 1580 2533 Rex
1608 2457 1809 2533 finxit
1849 2482 1926 2535 se
1961 2460 2224 2535 amodo
2263 2460 2448 2537 velle
2485 2462 2708 2560 pedes
2750 2466 2940 2560 Pape
2981 2462 3381 2547 deosculari,

768 2588 963 2682 Papa
1000 2589 1243 2660 autem
1294 2584 1365 2657 id
1412 2582 1569 2658 fieri
1616 2584 1815 2658 nullo
1860 2584 2080 2659 modo
2127 2586 2346 2661 voluit
2383 2586 2792 2679 admittere,
2843 2590 3140 2663 recessit
3180 2612 3300 2662 rex
3330 2594 3388 2661 et
3509 2670 3511 2677 Ι

766 2709 1093 2784 ascendit
1140 2728 1405 2806 equum
1452 2728 1663 2783 suum
1708 2717 1875 2785 ante
1921 2710 2187 2807 gradus
2230 2719 2438 2809 porte
2486 2711 2676 2787 horti
2721 2714 2986 2788 secreti
3027 2714 3166 2788 sibi
3206 2736 3388 2811 para·

767 2844 951 2927 tum,
1003 2836 1124 2910 ubi
1166 2835 1683 2933 aliquantulum
1740 2837 2185 2913 cardinalem
2225 2838 2688 2917 Valentinum
2729 2840 3130 2936 expectavit
3167 2860 3390 2915 secum

766 2965 1064 3054 iturum,
1104 2966 1294 3061 Papa
1325 2968 1397 3037 et
1422 2961 1904 3038 cardinalibus
1932 2986 2064 3060 per
2084 2962 2739 3039 deambulatorium
2759 2971 3026 3040 cuncta
3053 2964 3392 3041 cernenti-

766 3091 933 3180 bus;
968 3089 1154 3163 venit
1189 3088 1481 3162 tandem
1508 3087 1892 3163 cardinalis
1916 3088 2342 3165 Valentinus
2359 3089 2450 3163 ad
2465 3089 2912 3186 pontificem,
2945 3098 3020 3166 et
3039 3091 3130 3166 ab
3159 3090 3390 3166 eodem

760 3216 1200 3302 licentiatuS,
1279 3213 1353 3285 in
1417 3215 1679 3289 eodem
1747 3212 1912 3287 loco
1975 3213 2094 3287 ubi
2167 3238 2294 3289 rex
2344 3214 2799 3308 ascenderat,
2859 3216 3130 3291 mulam
3209 3238 3392 3289 suam

767 3341 1095 3421 ascendit
1137 3344 1213 3418 in
1262 3366 1493 3441 cappa
1536 3340 2010 3433 cardinalitia,
2064 3349 2138 3417 et
2186 3342 2476 3417 donavit
2519 3344 2672 3441 regi
2717 3367 2846 3417 sex
2889 3342 3394 3440 pulcherrimos

768 3488 994 3565 equos
1034 3470 1107 3541 in
1151 3467 1375 3543 frenis
1414 3468 1568 3542 sine
1606 3468 1799 3542 sellis
1840 3468 2109 3543 ibidem
2151 3475 2422 3542 stantes
2460 3474 2531 3543 et
2572 3474 2888 3566 paratos.
2935 3470 3394 3542 Recesserunt

770 3592 876 3667 sic
906 3602 1050 3665 'rex
1098 3615 1263 3667 cum
1313 3570 1658 3668 cardinali
1700 3592 2086 3669 Valentino
2135 3616 2178 3667 a
2225 3592 2532 3667 sinistris
2579 3592 2771 3689 regis
2821 3593 3208 3689 equitante,
3260 3591 3396 3665 aliis

770 3718 1255 3794 cardinalibus
1312 3741 1619 3817 quorum
1674 3720 2100 3793 societatem
2154 3742 2284 3793 rex
2339 3719 2637 3793 omnino
2688 3718 2962 3793 habere
3009 3722 3260 3811 noluit,
3307 3718 3400 3817 (ut

766 3845 885 3919 his
915 3845 991 3918 in
1019 3843 1163 3919 hoc
1193 3843 1435 3918 minus
1464 3845 1812 3922 molestus
1845 3850 2094 3939 esset),
2131 3869 2297 3920 cum
2332 3848 2524 3941 Papa
2553 3843 2970 3942 supradicto
3002 3844 3398 3921 deambula-

768 3970 956 4045 torio
987 3970 1341 4044 stantibus
1374 3977 1446 4045 et
1474 3968 1918 4058 videntibus;
1967 3974 2040 4043 et
2083 3968 2493 4065 equitarunt
2523 3976 2722 4044 recta
2756 3969 2871 4043 via
2907 3969 3000 4043 ad
3037 3970 3393 4058 Marinum,

766 4120 911 4193 quo
941 4096 1198 4171 eadem
1229 4096 1347 4171 die
1377 4102 1860 4194 pervenerunt
1889 4117 2059 4191 rege
2079 4117 2210 4192 per
2239 4096 2504 4168 Urbem
2527 4094 2933 4192 equitante3
2968 4097 3398 4170 recesserunt

774 4222 993 4294 etiam
1031 4245 1122 4294 ex
1152 4220 1341 4296 Urbe
1372 4244 1431 4293 s,
1471 4220 1661 4294 Petri
1694 4219 1785 4293 ad
1812 4218 2143 4309 Vincula,
2181 4219 2485 4293 Sabellis
2517 4228 2590 4293 et
2615 4219 2968 4295 Columna
2993 4218 3395 4305 cardinaleS,

773 4353 845 4422 et
877 4370 1041 4421 cum
1074 4348 1179 4421 eis
1210 4346 1498 4420 auditor
1526 4370 1846 4437 camere,
1883 4369 2134 4444 regem
2165 4345 2595 4421 associatur-i
2628 4352 2898 4420 etcum
2929 4368 3020 4419 eo
3061 4345 3249 4418 ituri.

871 4473 1143 4548 Eodem
1176 4497 1368 4565 sero,
1418 4480 1768 4578 sequutus
1800 4480 1909 4547 est
1939 4473 2158 4547 etiam
2193 4496 2440 4569 regem
2472 4470 2851 4547 cardinalis
2884 4471 3265 4545 Gurcensis
3291 4464 3398 4564 qui

770 4624 939 4676 eum
970 4625 1137 4675 cum
1169 4599 1329 4674 aliis
1360 4599 1848 4674 cardinalibus
1877 4597 2222 4697 predictis
2270 4620 2494 4694 usque
2526 4596 2615 4671 ad
2648 4618 2952 4694 regnum
2985 4592 3346 4670 associavit
3379 4612 3396 4661 ε

772 4725 993 4799 frater
1020 4748 1305 4823 quoque
1336 4726 1580 4823 magni
1612 4725 1826 4799 Turci
1856 4748 2112 4822 parum
2152 4731 2319 4799 ante
2351 4723 2750 4799 discessum
2781 4720 2976 4819 regis
3008 4718 3296 4796 recessit
3321 4714 3400 4787 de

772 4855 1023 4925 sancto
1052 4854 1324 4942 Marco,
1359 4852 1549 4926 bene
1588 4851 2014 4941 associatuS,
2058 4851 2416 4924 Marinum
2456 4849 2716 4941 iturus,
2760 4846 3024 4923 deinde
3055 4868 3218 4920 cum
3247 4862 3402 4937 rege

768 4997 902 5075 pro
931 4974 1136 5048 libito
1168 4998 1335 5067 suo;
1381 4984 1548 5075 post
1584 5000 1960 5052 recessum
1991 4976 2183 5075 regis
2212 4981 2571 5050 venerunt
2600 4973 2692 5048 ad
2730 4970 3152 5071 pontificem
3189 4965 3404 5047 cardi-

770 5101 972 5178 nales
1002 5121 1287 5191 omnes,
1320 5102 1413 5175 ad
1441 5124 1571 5175 sua
1601 5102 1859 5201 singuli
1891 5103 2057 5177 ituri
2091 5100 2212 5202 (1).

804 5248 809 5255 ⁸
844 5268 897 5327 1.
930 5266 1071 5343 Voy.
1106 5266 1336 5325 Sanuto.
1369 5268 1443 5325 Di
1470 5267 1526 5324 la
1546 5270 1767 5340 partita
1796 5270 1878 5326 dil
1905 5285 1965 5325 re
1995 5270 2057 5325 di
2085 5270 2296 5325 Franza
2323 5273 2376 5325 et
2415 5283 2559 5325 come
2589 5266 2857 5341 prospero
2886 5264 2946 5319 in
2973 5264 3184 5330 Reame,
3211 5274 3265 5333 p.
3299 5248 3405 5309 {95-
