<?xml version="1.0" encoding="UTF-8"?>
<!DOCTYPE html PUBLIC "-//W3C//DTD XHTML 1.0 Transitional//EN"
    "http://www.w3.org/TR/xhtml1/DTD/xhtml1-transitional.dtd">
<html xmlns="http://www.w3.org/1999/xhtml" xml:lang="en" lang="en">
 <head>
  <title>
</title>
<meta http-equiv="Content-Type" content="text/html;charset=utf-8" />
  <meta name='ocr-system' content='tesseract 3.04.00' />
  <meta name='ocr-capabilities' content='ocr_page ocr_carea ocr_par ocr_line ocrx_word'/>
</head>
<body>
  <div class='ocr_page' id='page_1' title='image "./johannisburchar00unkngoog_0414.png"; bbox 0 0 3625 6059; ppageno 0'>
   <div class='ocr_carea' id='block_1_1' title="bbox 695 461 3377 535">
    <p class='ocr_par' dir='ltr' id='par_1_1' title="bbox 695 461 3377 535">
     <span class='ocr_line' id='line_1_1' title="bbox 695 461 3377 535; baseline -0.001 -8"><span class='ocrx_word' id='word_1_1' title='bbox 695 472 806 528; x_wconf 82' lang='lat'>402</span> <span class='ocrx_word' id='word_1_2' title='bbox 1607 463 1961 523; x_wconf 85' lang='lat' dir='ltr'><strong>JOHANNIS</strong></span> <span class='ocrx_word' id='word_1_3' title='bbox 2010 461 2453 535; x_wconf 87' lang='lat' dir='ltr'>BURCHARDI,</span> <span class='ocrx_word' id='word_1_4' title='bbox 2852 467 3189 533; x_wconf 75' lang='lat' dir='ltr'>[Septembre</span> <span class='ocrx_word' id='word_1_5' title='bbox 3218 474 3377 535; x_wconf 69' lang='lat'>1497]</span> 
     </span>
    </p>
   </div>
   <div class='ocr_carea' id='block_1_2' title="bbox 678 619 3378 4849">
    <p class='ocr_par' dir='ltr' id='par_1_2' title="bbox 690 619 3378 1447">
     <span class='ocr_line' id='line_1_2' title="bbox 693 619 3371 719; baseline 0 -22"><span class='ocrx_word' id='word_1_6' title='bbox 693 622 830 697; x_wconf 88' lang='lat' dir='ltr'>sibi</span> <span class='ocrx_word' id='word_1_7' title='bbox 870 619 1083 718; x_wconf 87' lang='lat' dir='ltr'>copia</span> <span class='ocrx_word' id='word_1_8' title='bbox 1118 620 1306 694; x_wconf 91' lang='lat' dir='ltr'>illius</span> <span class='ocrx_word' id='word_1_9' title='bbox 1343 642 1476 718; x_wconf 89' lang='lat' dir='ltr'>per</span> <span class='ocrx_word' id='word_1_10' title='bbox 1518 619 1882 693; x_wconf 87' lang='lat' dir='ltr'>notarium</span> <span class='ocrx_word' id='word_1_11' title='bbox 1924 619 2352 715; x_wconf 87' lang='lat' dir='ltr'>subscripta,</span> <span class='ocrx_word' id='word_1_12' title='bbox 2402 624 2473 693; x_wconf 88' lang='lat' dir='ltr'>et</span> <span class='ocrx_word' id='word_1_13' title='bbox 2509 640 2788 705; x_wconf 84' lang='lat' dir='ltr'>nomen</span> <span class='ocrx_word' id='word_1_14' title='bbox 2832 626 2907 693; x_wconf 91' lang='lat' dir='ltr'>et</span> <span class='ocrx_word' id='word_1_15' title='bbox 2950 644 3371 719; x_wconf 81' lang='lat' dir='ltr'>cognomen</span> 
     </span>
     <span class='ocr_line' id='line_1_3' title="bbox 690 744 3375 847; baseline 0.001 -26"><span class='ocrx_word' id='word_1_16' title='bbox 690 746 1178 847; x_wconf 75' lang='lat' dir='ltr'>procuratoris</span> <span class='ocrx_word' id='word_1_17' title='bbox 1211 750 1284 819; x_wconf 92' lang='lat' dir='ltr'>et</span> <span class='ocrx_word' id='word_1_18' title='bbox 1309 745 1571 820; x_wconf 88' lang='lat' dir='ltr'>notarii</span> <span class='ocrx_word' id='word_1_19' title='bbox 1605 745 1694 820; x_wconf 91' lang='lat' dir='ltr'>de</span> <span class='ocrx_word' id='word_1_20' title='bbox 1726 745 1830 818; x_wconf 91' lang='lat' dir='ltr'>eis</span> <span class='ocrx_word' id='word_1_21' title='bbox 1859 744 2115 842; x_wconf 85' lang='lat' dir='ltr'>rogati,</span> <span class='ocrx_word' id='word_1_22' title='bbox 2152 766 2287 820; x_wconf 85' lang='lat' dir='ltr'>nec</span> <span class='ocrx_word' id='word_1_23' title='bbox 2319 768 2452 841; x_wconf 91' lang='lat' dir='ltr'>per</span> <span class='ocrx_word' id='word_1_24' title='bbox 2478 744 2549 817; x_wconf 91' lang='lat' dir='ltr'>id</span> <span class='ocrx_word' id='word_1_25' title='bbox 2582 744 2874 840; x_wconf 90' lang='lat' dir='ltr'>quidem</span> <span class='ocrx_word' id='word_1_26' title='bbox 2906 770 3067 820; x_wconf 89' lang='lat' dir='ltr'>eam</span> <span class='ocrx_word' id='word_1_27' title='bbox 3098 772 3375 846; x_wconf 85' lang='lat' dir='ltr'>accep-</span> 
     </span>
     <span class='ocr_line' id='line_1_4' title="bbox 693 868 3373 969; baseline 0 -23"><span class='ocrx_word' id='word_1_28' title='bbox 693 879 876 948; x_wconf 88' lang='lat' dir='ltr'>taret</span> <span class='ocrx_word' id='word_1_29' title='bbox 913 871 1024 945; x_wconf 86' lang='lat' dir='ltr'>vel</span> <span class='ocrx_word' id='word_1_30' title='bbox 1066 895 1358 969; x_wconf 89' lang='lat' dir='ltr'>quoquo</span> <span class='ocrx_word' id='word_1_31' title='bbox 1413 870 1632 945; x_wconf 90' lang='lat' dir='ltr'>modo</span> <span class='ocrx_word' id='word_1_32' title='bbox 1677 869 2117 959; x_wconf 90' lang='lat' dir='ltr'>admitteret,</span> <span class='ocrx_word' id='word_1_33' title='bbox 2178 869 2306 944; x_wconf 90' lang='lat' dir='ltr'>sed</span> <span class='ocrx_word' id='word_1_34' title='bbox 2346 892 2435 943; x_wconf 90' lang='lat' dir='ltr'>ea</span> <span class='ocrx_word' id='word_1_35' title='bbox 2484 868 2733 943; x_wconf 89' lang='lat' dir='ltr'>habita</span> <span class='ocrx_word' id='word_1_36' title='bbox 2784 872 2859 943; x_wconf 90' lang='lat' dir='ltr'>in</span> <span class='ocrx_word' id='word_1_37' title='bbox 2898 872 3137 968; x_wconf 88' lang='lat' dir='ltr'>prima</span> <span class='ocrx_word' id='word_1_38' title='bbox 3186 898 3373 949; x_wconf 87' lang='lat' dir='ltr'>can-</span> 
     </span>
     <span class='ocr_line' id='line_1_5' title="bbox 692 994 3371 1093; baseline 0 -22"><span class='ocrx_word' id='word_1_39' title='bbox 692 997 984 1071; x_wconf 85' lang='lat' dir='ltr'>cellaria</span> <span class='ocrx_word' id='word_1_40' title='bbox 1026 996 1358 1093; x_wconf 78' lang='lat' dir='ltr'>sequenti</span> <span class='ocrx_word' id='word_1_41' title='bbox 1416 995 1508 1070; x_wconf 90' lang='lat' dir='ltr'>ad</span> <span class='ocrx_word' id='word_1_42' title='bbox 1548 1019 1846 1093; x_wconf 89' lang='lat' dir='ltr'>parcum</span> <span class='ocrx_word' id='word_1_43' title='bbox 1887 1018 2017 1092; x_wconf 90' lang='lat' dir='ltr'>pro</span> <span class='ocrx_word' id='word_1_44' title='bbox 2060 994 2531 1092; x_wconf 79' lang='lat' dir='ltr'>responsione</span> <span class='ocrx_word' id='word_1_45' title='bbox 2578 994 2713 1067; x_wconf 90' lang='lat' dir='ltr'>sibi</span> <span class='ocrx_word' id='word_1_46' title='bbox 2768 996 3007 1071; x_wconf 90' lang='lat' dir='ltr'>danda</span> <span class='ocrx_word' id='word_1_47' title='bbox 3061 999 3371 1073; x_wconf 86' lang='lat' dir='ltr'>rediret.</span> 
     </span>
     <span class='ocr_line' id='line_1_6' title="bbox 695 1118 3373 1219; baseline 0.001 -24"><span class='ocrx_word' id='word_1_48' title='bbox 695 1126 784 1195; x_wconf 88' lang='lat' dir='ltr'>Et</span> <span class='ocrx_word' id='word_1_49' title='bbox 831 1145 1047 1219; x_wconf 91' lang='lat' dir='ltr'>super</span> <span class='ocrx_word' id='word_1_50' title='bbox 1091 1120 1207 1194; x_wconf 91' lang='lat' dir='ltr'>his</span> <span class='ocrx_word' id='word_1_51' title='bbox 1251 1119 1588 1195; x_wconf 89' lang='lat' dir='ltr'>omnibus</span> <span class='ocrx_word' id='word_1_52' title='bbox 1634 1118 2000 1215; x_wconf 79' lang='lat' dir='ltr'>requisivit</span> <span class='ocrx_word' id='word_1_53' title='bbox 2041 1118 2445 1216; x_wconf 91' lang='lat' dir='ltr'>predictum</span> <span class='ocrx_word' id='word_1_54' title='bbox 2487 1118 2955 1195; x_wconf 85' lang='lat' dir='ltr'>substitutum</span> <span class='ocrx_word' id='word_1_55' title='bbox 2999 1124 3373 1198; x_wconf 87' lang='lat' dir='ltr'>notarium</span> 
     </span>
     <span class='ocr_line' id='line_1_7' title="bbox 698 1241 3378 1343; baseline 0.001 -22"><span class='ocrx_word' id='word_1_56' title='bbox 698 1246 1132 1321; x_wconf 79' lang='lat' dir='ltr'>cancellarie</span> <span class='ocrx_word' id='word_1_57' title='bbox 1182 1252 1598 1343; x_wconf 79' lang='lat' dir='ltr'>presentem</span> <span class='ocrx_word' id='word_1_58' title='bbox 1647 1251 1722 1316; x_wconf 79' lang='lat' dir='ltr'>ut</span> <span class='ocrx_word' id='word_1_59' title='bbox 1782 1241 2097 1340; x_wconf 88' lang='lat' dir='ltr'>desuper</span> <span class='ocrx_word' id='word_1_60' title='bbox 2142 1242 2275 1341; x_wconf 91' lang='lat' dir='ltr'>ipsi</span> <span class='ocrx_word' id='word_1_61' title='bbox 2323 1244 2605 1341; x_wconf 84' lang='lat' dir='ltr'>regenti</span> <span class='ocrx_word' id='word_1_62' title='bbox 2654 1246 3049 1322; x_wconf 85' lang='lat' dir='ltr'>conficeret</span> <span class='ocrx_word' id='word_1_63' title='bbox 3094 1248 3378 1323; x_wconf 87' lang='lat' dir='ltr'>instru-</span> 
     </span>
     <span class='ocr_line' id='line_1_8' title="bbox 695 1378 1050 1447; baseline -0.008 0"><span class='ocrx_word' id='word_1_64' title='bbox 695 1378 1050 1447; x_wconf 89' lang='lat' dir='ltr'>mentum.</span> 
     </span>
    </p>

    <p class='ocr_par' dir='ltr' id='par_1_3' title="bbox 678 1494 3375 4849">
     <span class='ocr_line' id='line_1_9' title="bbox 793 1494 3373 1594; baseline 0 -21"><span class='ocrx_word' id='word_1_65' title='bbox 793 1497 1003 1573; x_wconf 88' lang='lat' dir='ltr'>Feria</span> <span class='ocrx_word' id='word_1_66' title='bbox 1039 1502 1320 1594; x_wconf 86' lang='lat' dir='ltr'>quarta,</span> <span class='ocrx_word' id='word_1_67' title='bbox 1366 1500 1408 1568; x_wconf 88' lang='lat'>6</span> <span class='ocrx_word' id='word_1_68' title='bbox 1453 1494 1910 1592; x_wconf 82' lang='lat' dir='ltr'>septembriS,</span> <span class='ocrx_word' id='word_1_69' title='bbox 1956 1494 2031 1567; x_wconf 92' lang='lat' dir='ltr'>in</span> <span class='ocrx_word' id='word_1_70' title='bbox 2066 1517 2309 1586; x_wconf 88' lang='lat' dir='ltr'>mane,</span> <span class='ocrx_word' id='word_1_71' title='bbox 2353 1496 2602 1569; x_wconf 86' lang='lat' dir='ltr'>RRmi.</span> <span class='ocrx_word' id='word_1_72' title='bbox 2653 1498 2805 1569; x_wconf 92' lang='lat' dir='ltr'>DD.</span> <span class='ocrx_word' id='word_1_73' title='bbox 2854 1498 3269 1573; x_wconf 84' lang='lat' dir='ltr'>cardinales</span> <span class='ocrx_word' id='word_1_74' title='bbox 3306 1502 3373 1573; x_wconf 87' lang='lat' dir='ltr'>in</span> 
     </span>
     <span class='ocr_line' id='line_1_10' title="bbox 698 1618 3375 1717; baseline -0 -18"><span class='ocrx_word' id='word_1_75' title='bbox 698 1624 888 1699; x_wconf 89' lang='lat' dir='ltr'>Urbe</span> <span class='ocrx_word' id='word_1_76' title='bbox 947 1622 1340 1697; x_wconf 86' lang='lat' dir='ltr'>existentes</span> <span class='ocrx_word' id='word_1_77' title='bbox 1399 1620 1811 1717; x_wconf 82' lang='lat' dir='ltr'>equitarunt</span> <span class='ocrx_word' id='word_1_78' title='bbox 1888 1620 1980 1694; x_wconf 90' lang='lat' dir='ltr'>ad</span> <span class='ocrx_word' id='word_1_79' title='bbox 2046 1619 2565 1695; x_wconf 88' lang='lat' dir='ltr'>monasterium</span> <span class='ocrx_word' id='word_1_80' title='bbox 2626 1618 2838 1695; x_wconf 89' lang='lat' dir='ltr'>beate</span> <span class='ocrx_word' id='word_1_81' title='bbox 2896 1622 3119 1695; x_wconf 89' lang='lat' dir='ltr'>Marie</span> <span class='ocrx_word' id='word_1_82' title='bbox 3178 1646 3375 1698; x_wconf 74' lang='lat' dir='ltr'>nove</span> 
     </span>
     <span class='ocr_line' id='line_1_11' title="bbox 695 1744 3373 1845; baseline -0 -23"><span class='ocrx_word' id='word_1_83' title='bbox 695 1746 1060 1845; x_wconf 84' lang='lat' dir='ltr'>recepturi</span> <span class='ocrx_word' id='word_1_84' title='bbox 1118 1751 1407 1819; x_wconf 89' lang='lat' dir='ltr'>Rmum.</span> <span class='ocrx_word' id='word_1_85' title='bbox 1473 1748 1558 1819; x_wconf 91' lang='lat' dir='ltr'>D.</span> <span class='ocrx_word' id='word_1_86' title='bbox 1621 1745 2062 1819; x_wconf 83' lang='lat' dir='ltr'>cardinalem</span> <span class='ocrx_word' id='word_1_87' title='bbox 2114 1744 2577 1821; x_wconf 79' lang='lat' dir='ltr'>Valentinum</span> <span class='ocrx_word' id='word_1_88' title='bbox 2627 1768 2860 1842; x_wconf 91' lang='lat' dir='ltr'>nuper</span> <span class='ocrx_word' id='word_1_89' title='bbox 2912 1744 3002 1819; x_wconf 88' lang='lat' dir='ltr'>ad</span> <span class='ocrx_word' id='word_1_90' title='bbox 3048 1770 3373 1843; x_wconf 84' lang='lat' dir='ltr'>regnum</span> 
     </span>
     <span class='ocr_line' id='line_1_12' title="bbox 695 1868 3373 1971; baseline -0.001 -22"><span class='ocrx_word' id='word_1_91' title='bbox 695 1872 1251 1971; x_wconf 89' lang='lat' dir='ltr'>Neapolitanum</span> <span class='ocrx_word' id='word_1_92' title='bbox 1317 1870 1409 1945; x_wconf 93' lang='lat' dir='ltr'>ad</span> <span class='ocrx_word' id='word_1_93' title='bbox 1478 1870 1977 1945; x_wconf 85' lang='lat' dir='ltr'>coronandum</span> <span class='ocrx_word' id='word_1_94' title='bbox 2044 1868 2589 1948; x_wconf 83' lang='lat' dir='ltr'>serenissimum</span> <span class='ocrx_word' id='word_1_95' title='bbox 2656 1870 3083 1945; x_wconf 90' lang='lat' dir='ltr'>Federicum</span> <span class='ocrx_word' id='word_1_96' title='bbox 3170 1871 3373 1945; x_wconf 86' lang='lat' dir='ltr'>illius</span> 
     </span>
     <span class='ocr_line' id='line_1_13' title="bbox 696 1994 3373 2094; baseline -0 -22"><span class='ocrx_word' id='word_1_97' title='bbox 696 2020 976 2094; x_wconf 88' lang='lat' dir='ltr'>regem,</span> <span class='ocrx_word' id='word_1_98' title='bbox 1016 1997 1338 2094; x_wconf 85' lang='lat' dir='ltr'>legatum</span> <span class='ocrx_word' id='word_1_99' title='bbox 1377 1996 1468 2070; x_wconf 90' lang='lat' dir='ltr'>de</span> <span class='ocrx_word' id='word_1_100' title='bbox 1505 1994 1756 2087; x_wconf 86' lang='lat' dir='ltr'>latere,</span> <span class='ocrx_word' id='word_1_101' title='bbox 1802 1996 2107 2071; x_wconf 91' lang='lat' dir='ltr'>missum</span> <span class='ocrx_word' id='word_1_102' title='bbox 2148 1994 2273 2091; x_wconf 88' lang='lat'>(1),</span> <span class='ocrx_word' id='word_1_103' title='bbox 2320 1994 2441 2091; x_wconf 89' lang='lat' dir='ltr'>qui</span> <span class='ocrx_word' id='word_1_104' title='bbox 2480 1994 2642 2069; x_wconf 89' lang='lat' dir='ltr'>heri</span> <span class='ocrx_word' id='word_1_105' title='bbox 2672 2018 2835 2069; x_wconf 85' lang='lat' dir='ltr'>sero</span> <span class='ocrx_word' id='word_1_106' title='bbox 2864 1996 3033 2070; x_wconf 89' lang='lat' dir='ltr'>inde</span> <span class='ocrx_word' id='word_1_107' title='bbox 3074 1995 3171 2069; x_wconf 92' lang='lat' dir='ltr'>ad</span> <span class='ocrx_word' id='word_1_108' title='bbox 3214 1998 3373 2071; x_wconf 91' lang='lat' dir='ltr'>dic-</span> 
     </span>
     <span class='ocr_line' id='line_1_14' title="bbox 700 2120 3371 2218; baseline 0.001 -23"><span class='ocrx_word' id='word_1_109' title='bbox 700 2127 851 2196; x_wconf 92' lang='lat' dir='ltr'>tum</span> <span class='ocrx_word' id='word_1_110' title='bbox 895 2122 1412 2196; x_wconf 87' lang='lat' dir='ltr'>monasterium</span> <span class='ocrx_word' id='word_1_111' title='bbox 1453 2120 1800 2211; x_wconf 87' lang='lat' dir='ltr'>redierat;</span> <span class='ocrx_word' id='word_1_112' title='bbox 1836 2121 2098 2217; x_wconf 90' lang='lat' dir='ltr'>quibus</span> <span class='ocrx_word' id='word_1_113' title='bbox 2128 2121 2283 2218; x_wconf 90' lang='lat' dir='ltr'>ipse</span> <span class='ocrx_word' id='word_1_114' title='bbox 2313 2120 2695 2193; x_wconf 87' lang='lat' dir='ltr'>cardinalis</span> <span class='ocrx_word' id='word_1_115' title='bbox 2724 2120 3152 2197; x_wconf 88' lang='lat' dir='ltr'>Valentinus</span> <span class='ocrx_word' id='word_1_116' title='bbox 3196 2146 3371 2197; x_wconf 89' lang='lat' dir='ltr'>suc·</span> 
     </span>
     <span class='ocr_line' id='line_1_15' title="bbox 699 2243 3369 2343; baseline 0.001 -25"><span class='ocrx_word' id='word_1_117' title='bbox 699 2243 1000 2336; x_wconf 86' lang='lat' dir='ltr'>cessive,</span> <span class='ocrx_word' id='word_1_118' title='bbox 1037 2244 1338 2343; x_wconf 84' lang='lat' dir='ltr'>singulis</span> <span class='ocrx_word' id='word_1_119' title='bbox 1367 2244 1817 2319; x_wconf 87' lang='lat' dir='ltr'>venientibus</span> <span class='ocrx_word' id='word_1_120' title='bbox 1849 2244 1939 2318; x_wconf 84' lang='lat' dir='ltr'>ad</span> <span class='ocrx_word' id='word_1_121' title='bbox 1968 2251 2278 2341; x_wconf 91' lang='lat' dir='ltr'>portam,</span> <span class='ocrx_word' id='word_1_122' title='bbox 2314 2244 2403 2318; x_wconf 91' lang='lat' dir='ltr'>ad</span> <span class='ocrx_word' id='word_1_123' title='bbox 2431 2244 2655 2340; x_wconf 80' lang='lat' dir='ltr'>pedes</span> <span class='ocrx_word' id='word_1_124' title='bbox 2686 2244 3041 2319; x_wconf 87' lang='lat' dir='ltr'>scalarum</span> <span class='ocrx_word' id='word_1_125' title='bbox 3073 2247 3369 2321; x_wconf 76' lang='lat' dir='ltr'>obviam</span> 
     </span>
     <span class='ocr_line' id='line_1_16' title="bbox 695 2354 3369 2468; baseline -0 -24"><span class='ocrx_word' id='word_1_126' title='bbox 695 2370 889 2446; x_wconf 85' lang='lat' dir='ltr'>venit</span> <span class='ocrx_word' id='word_1_127' title='bbox 926 2377 1002 2445; x_wconf 92' lang='lat' dir='ltr'>et</span> <span class='ocrx_word' id='word_1_128' title='bbox 1030 2394 1154 2446; x_wconf 91' lang='lat' dir='ltr'>eos</span> <span class='ocrx_word' id='word_1_129' title='bbox 1193 2394 1420 2467; x_wconf 87' lang='lat' dir='ltr'>usque</span> <span class='ocrx_word' id='word_1_130' title='bbox 1455 2370 1549 2444; x_wconf 87' lang='lat' dir='ltr'>ad</span> <span class='ocrx_word' id='word_1_131' title='bbox 1586 2354 1828 2445; x_wconf 87' lang='lat' dir='ltr'>locum</span> <span class='ocrx_word' id='word_1_132' title='bbox 1870 2369 2365 2467; x_wconf 80' lang='lat' dir='ltr'>capitularem,</span> <span class='ocrx_word' id='word_1_133' title='bbox 2415 2392 2620 2444; x_wconf 90' lang='lat' dir='ltr'>more</span> <span class='ocrx_word' id='word_1_134' title='bbox 2662 2369 2870 2443; x_wconf 90' lang='lat' dir='ltr'>solito</span> <span class='ocrx_word' id='word_1_135' title='bbox 2910 2376 3251 2468; x_wconf 90' lang='lat' dir='ltr'>paratum</span> <span class='ocrx_word' id='word_1_136' title='bbox 3302 2380 3369 2445; x_wconf 89' lang='lat' dir='ltr'>et</span> 
     </span>
     <span class='ocr_line' id='line_1_17' title="bbox 697 2494 3360 2589; baseline -0.001 -18"><span class='ocrx_word' id='word_1_137' title='bbox 697 2503 1062 2589; x_wconf 88' lang='lat' dir='ltr'>ornatum,</span> <span class='ocrx_word' id='word_1_138' title='bbox 1092 2496 1434 2571; x_wconf 86' lang='lat' dir='ltr'>conduxit</span> <span class='ocrx_word' id='word_1_139' title='bbox 1465 2519 1594 2569; x_wconf 92' lang='lat' dir='ltr'>seu</span> <span class='ocrx_word' id='word_1_140' title='bbox 1624 2495 2028 2570; x_wconf 86' lang='lat' dir='ltr'>associavit.</span> <span class='ocrx_word' id='word_1_141' title='bbox 2067 2495 2347 2570; x_wconf 83' lang='lat' dir='ltr'>Primus</span> <span class='ocrx_word' id='word_1_142' title='bbox 2378 2494 2413 2566; x_wconf 88' lang='lat' dir='ltr'><strong>f</strong></span> <span class='ocrx_word' id='word_1_143' title='bbox 2414 2495 2511 2567; x_wconf 90' lang='lat' dir='ltr'>uit</span> <span class='ocrx_word' id='word_1_144' title='bbox 2542 2494 2925 2569; x_wconf 89' lang='lat' dir='ltr'>cardinalis</span> <span class='ocrx_word' id='word_1_145' title='bbox 2956 2497 3313 2569; x_wconf 88' lang='lat' dir='ltr'>Senensis</span> <span class='ocrx_word' id='word_1_146' title='bbox 3345 2522 3360 2569; x_wconf 93' lang='lat'><strong>:</strong></span> 
     </span>
     <span class='ocr_line' id='line_1_18' title="bbox 693 2619 3363 2717; baseline 0 -23"><span class='ocrx_word' id='word_1_147' title='bbox 693 2621 1054 2695; x_wconf 89' lang='lat' dir='ltr'>intrarunt</span> <span class='ocrx_word' id='word_1_148' title='bbox 1093 2643 1260 2695; x_wconf 88' lang='lat' dir='ltr'>cum</span> <span class='ocrx_word' id='word_1_149' title='bbox 1304 2621 1718 2713; x_wconf 85' lang='lat' dir='ltr'>Valentino,</span> <span class='ocrx_word' id='word_1_150' title='bbox 1784 2624 2108 2695; x_wconf 85' lang='lat' dir='ltr'>Senense</span> <span class='ocrx_word' id='word_1_151' title='bbox 2162 2620 2593 2711; x_wconf 84' lang='lat' dir='ltr'>associante,</span> <span class='ocrx_word' id='word_1_152' title='bbox 2638 2620 2731 2693; x_wconf 87' lang='lat' dir='ltr'>ad</span> <span class='ocrx_word' id='word_1_153' title='bbox 2779 2619 3023 2693; x_wconf 87' lang='lat' dir='ltr'>locum</span> <span class='ocrx_word' id='word_1_154' title='bbox 3066 2620 3363 2717; x_wconf 88' lang='lat' dir='ltr'>predic-</span> 
     </span>
     <span class='ocr_line' id='line_1_19' title="bbox 692 2746 3363 2844; baseline 0 -23"><span class='ocrx_word' id='word_1_155' title='bbox 692 2751 846 2821; x_wconf 91' lang='lat' dir='ltr'>tum</span> <span class='ocrx_word' id='word_1_156' title='bbox 891 2750 1048 2821; x_wconf 91' lang='lat' dir='ltr'>Don</span> <span class='ocrx_word' id='word_1_157' title='bbox 1095 2746 1476 2821; x_wconf 83' lang='lat' dir='ltr'>Goffredus</span> <span class='ocrx_word' id='word_1_158' title='bbox 1523 2747 1812 2844; x_wconf 85' lang='lat' dir='ltr'>Borgia,</span> <span class='ocrx_word' id='word_1_159' title='bbox 1864 2748 1987 2820; x_wconf 90' lang='lat' dir='ltr'>SS.</span> <span class='ocrx_word' id='word_1_160' title='bbox 2039 2748 2125 2819; x_wconf 91' lang='lat' dir='ltr'>D.</span> <span class='ocrx_word' id='word_1_161' title='bbox 2174 2748 2258 2823; x_wconf 89' lang='lat' dir='ltr'>N.</span> <span class='ocrx_word' id='word_1_162' title='bbox 2306 2767 2490 2843; x_wconf 88' lang='lat' dir='ltr'>pape</span> <span class='ocrx_word' id='word_1_163' title='bbox 2534 2768 2763 2842; x_wconf 90' lang='lat' dir='ltr'>nepos</span> <span class='ocrx_word' id='word_1_164' title='bbox 2808 2769 2895 2819; x_wconf 86' lang='lat' dir='ltr'>ex</span> <span class='ocrx_word' id='word_1_165' title='bbox 2941 2769 3187 2821; x_wconf 87' lang='lat' dir='ltr'>sorore</span> <span class='ocrx_word' id='word_1_166' title='bbox 3230 2772 3363 2821; x_wconf 87' lang='lat' dir='ltr'>sua</span> 
     </span>
     <span class='ocr_line' id='line_1_20' title="bbox 691 2850 3359 2971; baseline 0 -24"><span class='ocrx_word' id='word_1_167' title='bbox 691 2872 964 2948; x_wconf 87' lang='lat' dir='ltr'>carnali</span> <span class='ocrx_word' id='word_1_168' title='bbox 993 2850 1307 2971; x_wconf 85' lang='lat' dir='ltr'>genitus,</span> <span class='ocrx_word' id='word_1_169' title='bbox 1359 2878 1566 2970; x_wconf 87' lang='lat' dir='ltr'>pater</span> <span class='ocrx_word' id='word_1_170' title='bbox 1607 2871 1796 2945; x_wconf 90' lang='lat' dir='ltr'>Rmi.</span> <span class='ocrx_word' id='word_1_171' title='bbox 1848 2874 1931 2945; x_wconf 87' lang='lat' dir='ltr'>D.</span> <span class='ocrx_word' id='word_1_172' title='bbox 1982 2870 2366 2945; x_wconf 88' lang='lat' dir='ltr'>cardinalis</span> <span class='ocrx_word' id='word_1_173' title='bbox 2401 2871 2490 2945; x_wconf 92' lang='lat' dir='ltr'>de</span> <span class='ocrx_word' id='word_1_174' title='bbox 2528 2871 2816 2968; x_wconf 84' lang='lat' dir='ltr'>Borgia,</span> <span class='ocrx_word' id='word_1_175' title='bbox 2851 2871 3145 2968; x_wconf 89' lang='lat' dir='ltr'>quidam</span> <span class='ocrx_word' id='word_1_176' title='bbox 3174 2873 3359 2947; x_wconf 86' lang='lat' dir='ltr'>alius</span> 
     </span>
     <span class='ocr_line' id='line_1_21' title="bbox 691 2995 3357 3097; baseline -0.001 -24"><span class='ocrx_word' id='word_1_177' title='bbox 691 2998 1211 3092; x_wconf 81' lang='lat' dir='ltr'>nobilissimuS,</span> <span class='ocrx_word' id='word_1_178' title='bbox 1271 3004 1516 3073; x_wconf 89' lang='lat' dir='ltr'>orator</span> <span class='ocrx_word' id='word_1_179' title='bbox 1566 2999 1758 3097; x_wconf 84' lang='lat' dir='ltr'>regis</span> <span class='ocrx_word' id='word_1_180' title='bbox 1809 2995 2151 3095; x_wconf 90' lang='lat' dir='ltr'>Hispanie</span> <span class='ocrx_word' id='word_1_181' title='bbox 2198 2996 2450 3088; x_wconf 79' lang='lat' dir='ltr'>laicuS,</span> <span class='ocrx_word' id='word_1_182' title='bbox 2504 3003 2751 3071; x_wconf 89' lang='lat' dir='ltr'>orator</span> <span class='ocrx_word' id='word_1_183' title='bbox 2790 3001 3241 3073; x_wconf 89' lang='lat' dir='ltr'>Venetorum</span> <span class='ocrx_word' id='word_1_184' title='bbox 3290 3006 3357 3073; x_wconf 88' lang='lat' dir='ltr'>et</span> 
     </span>
     <span class='ocr_line' id='line_1_22' title="bbox 695 3121 3354 3223; baseline 0 -26"><span class='ocrx_word' id='word_1_185' title='bbox 695 3124 1080 3221; x_wconf 90' lang='lat' dir='ltr'>episcopus</span> <span class='ocrx_word' id='word_1_186' title='bbox 1129 3124 1529 3223; x_wconf 89' lang='lat' dir='ltr'>Paphensis</span> <span class='ocrx_word' id='word_1_187' title='bbox 1580 3148 1596 3197; x_wconf 88' lang='lat'>:</span> <span class='ocrx_word' id='word_1_188' title='bbox 1640 3123 1858 3221; x_wconf 90' lang='lat' dir='ltr'>primi</span> <span class='ocrx_word' id='word_1_189' title='bbox 1896 3123 2038 3196; x_wconf 92' lang='lat' dir='ltr'>duo</span> <span class='ocrx_word' id='word_1_190' title='bbox 2083 3129 2155 3197; x_wconf 90' lang='lat' dir='ltr'>et</span> <span class='ocrx_word' id='word_1_191' title='bbox 2197 3121 2423 3195; x_wconf 88' lang='lat' dir='ltr'>ultimi</span> <span class='ocrx_word' id='word_1_192' title='bbox 2466 3122 2610 3196; x_wconf 92' lang='lat' dir='ltr'>duo</span> <span class='ocrx_word' id='word_1_193' title='bbox 2660 3121 3010 3196; x_wconf 87' lang='lat' dir='ltr'>sederunt</span> <span class='ocrx_word' id='word_1_194' title='bbox 3050 3124 3141 3196; x_wconf 87' lang='lat' dir='ltr'>ad</span> <span class='ocrx_word' id='word_1_195' title='bbox 3180 3124 3354 3197; x_wconf 83' lang='lat' dir='ltr'>dex-</span> 
     </span>
     <span class='ocr_line' id='line_1_23' title="bbox 699 3246 3347 3345; baseline 0 -25"><span class='ocrx_word' id='word_1_196' title='bbox 699 3256 926 3323; x_wconf 88' lang='lat' dir='ltr'>teram</span> <span class='ocrx_word' id='word_1_197' title='bbox 978 3248 1310 3323; x_wconf 89' lang='lat' dir='ltr'>intrantis</span> <span class='ocrx_word' id='word_1_198' title='bbox 1368 3250 1644 3323; x_wconf 89' lang='lat' dir='ltr'>dictum</span> <span class='ocrx_word' id='word_1_199' title='bbox 1689 3249 1961 3338; x_wconf 89' lang='lat' dir='ltr'>locum,</span> <span class='ocrx_word' id='word_1_200' title='bbox 2006 3248 2082 3321; x_wconf 89' lang='lat' dir='ltr'>in</span> <span class='ocrx_word' id='word_1_201' title='bbox 2140 3271 2229 3321; x_wconf 93' lang='lat' dir='ltr'>eo</span> <span class='ocrx_word' id='word_1_202' title='bbox 2277 3248 2605 3345; x_wconf 88' lang='lat' dir='ltr'>apposito</span> <span class='ocrx_word' id='word_1_203' title='bbox 2648 3247 2925 3322; x_wconf 89' lang='lat' dir='ltr'>directo</span> <span class='ocrx_word' id='word_1_204' title='bbox 2978 3246 3347 3336; x_wconf 85' lang='lat' dir='ltr'>cardinali,</span> 
     </span>
     <span class='ocr_line' id='line_1_24' title="bbox 696 3371 3349 3467; baseline -0.001 -20"><span class='ocrx_word' id='word_1_205' title='bbox 696 3396 814 3448; x_wconf 89' lang='lat' dir='ltr'>me</span> <span class='ocrx_word' id='word_1_206' title='bbox 863 3372 1150 3447; x_wconf 86' lang='lat' dir='ltr'>interim</span> <span class='ocrx_word' id='word_1_207' title='bbox 1196 3374 1272 3446; x_wconf 90' lang='lat' dir='ltr'>in</span> <span class='ocrx_word' id='word_1_208' title='bbox 1321 3375 1627 3449; x_wconf 87' lang='lat' dir='ltr'>ecclesia</span> <span class='ocrx_word' id='word_1_209' title='bbox 1674 3373 1846 3449; x_wconf 90' lang='lat' dir='ltr'>dicti</span> <span class='ocrx_word' id='word_1_210' title='bbox 1892 3371 2310 3467; x_wconf 84' lang='lat' dir='ltr'>monasterii</span> <span class='ocrx_word' id='word_1_211' title='bbox 2361 3374 2713 3447; x_wconf 85' lang='lat' dir='ltr'>existente</span> <span class='ocrx_word' id='word_1_212' title='bbox 2764 3380 2837 3447; x_wconf 87' lang='lat' dir='ltr'>et</span> <span class='ocrx_word' id='word_1_213' title='bbox 2884 3372 3182 3447; x_wconf 87' lang='lat' dir='ltr'>missam</span> <span class='ocrx_word' id='word_1_214' title='bbox 3226 3397 3349 3447; x_wconf 88' lang='lat' dir='ltr'>au-</span> 
     </span>
     <span class='ocr_line' id='line_1_25' title="bbox 695 3496 3341 3596; baseline -0 -25"><span class='ocrx_word' id='word_1_215' title='bbox 695 3497 936 3572; x_wconf 90' lang='lat' dir='ltr'>diente</span> <span class='ocrx_word' id='word_1_216' title='bbox 969 3503 1042 3573; x_wconf 90' lang='lat' dir='ltr'>et</span> <span class='ocrx_word' id='word_1_217' title='bbox 1071 3496 1269 3573; x_wconf 91' lang='lat' dir='ltr'>socio</span> <span class='ocrx_word' id='word_1_218' title='bbox 1298 3523 1465 3574; x_wconf 92' lang='lat' dir='ltr'>meo</span> <span class='ocrx_word' id='word_1_219' title='bbox 1497 3499 1690 3574; x_wconf 89' lang='lat' dir='ltr'>dicta</span> <span class='ocrx_word' id='word_1_220' title='bbox 1719 3499 2003 3574; x_wconf 86' lang='lat' dir='ltr'>vidente</span> <span class='ocrx_word' id='word_1_221' title='bbox 2035 3506 2108 3574; x_wconf 90' lang='lat' dir='ltr'>et</span> <span class='ocrx_word' id='word_1_222' title='bbox 2138 3498 2421 3591; x_wconf 89' lang='lat' dir='ltr'>silente,</span> <span class='ocrx_word' id='word_1_223' title='bbox 2458 3522 2627 3572; x_wconf 90' lang='lat' dir='ltr'>cum</span> <span class='ocrx_word' id='word_1_224' title='bbox 2660 3497 2751 3572; x_wconf 90' lang='lat' dir='ltr'>sit</span> <span class='ocrx_word' id='word_1_225' title='bbox 2778 3498 2933 3596; x_wconf 87' lang='lat' dir='ltr'>ipse</span> <span class='ocrx_word' id='word_1_226' title='bbox 2964 3497 3341 3595; x_wconf 86' lang='lat' dir='ltr'>Hispanus.</span> 
     </span>
     <span class='ocr_line' id='line_1_26' title="bbox 693 3622 3349 3720; baseline -0.001 -23"><span class='ocrx_word' id='word_1_227' title='bbox 693 3626 1276 3720; x_wconf 70' lang='lat' dir='ltr'>Supervenerunt</span> <span class='ocrx_word' id='word_1_228' title='bbox 1319 3624 1580 3700; x_wconf 87' lang='lat' dir='ltr'>deinde</span> <span class='ocrx_word' id='word_1_229' title='bbox 1629 3650 1688 3698; x_wconf 86' lang='lat' dir='ltr'>S.</span> <span class='ocrx_word' id='word_1_230' title='bbox 1744 3624 2086 3699; x_wconf 85' lang='lat' dir='ltr'>Praxedis</span> <span class='ocrx_word' id='word_1_231' title='bbox 2139 3631 2209 3700; x_wconf 89' lang='lat' dir='ltr'>et</span> <span class='ocrx_word' id='word_1_232' title='bbox 2258 3625 2641 3698; x_wconf 88' lang='lat' dir='ltr'>Grimanus</span> <span class='ocrx_word' id='word_1_233' title='bbox 2688 3624 3090 3698; x_wconf 87' lang='lat' dir='ltr'>cardinales</span> <span class='ocrx_word' id='word_1_234' title='bbox 3139 3622 3259 3720; x_wconf 87' lang='lat' dir='ltr'>qui</span> <span class='ocrx_word' id='word_1_235' title='bbox 3308 3646 3349 3695; x_wconf 86' lang='lat' dir='ltr'>a</span> 
     </span>
     <span class='ocr_line' id='line_1_27' title="bbox 689 3746 3347 3846; baseline -0.002 -23"><span class='ocrx_word' id='word_1_236' title='bbox 689 3746 1074 3823; x_wconf 88' lang='lat' dir='ltr'>Valentino</span> <span class='ocrx_word' id='word_1_237' title='bbox 1111 3749 1411 3846; x_wconf 86' lang='lat' dir='ltr'>recepti,</span> <span class='ocrx_word' id='word_1_238' title='bbox 1445 3749 1658 3846; x_wconf 84' lang='lat' dir='ltr'>juxta</span> <span class='ocrx_word' id='word_1_239' title='bbox 1695 3751 2096 3824; x_wconf 88' lang='lat' dir='ltr'>Senensem</span> <span class='ocrx_word' id='word_1_240' title='bbox 2138 3772 2215 3823; x_wconf 93' lang='lat' dir='ltr'>se</span> <span class='ocrx_word' id='word_1_241' title='bbox 2257 3750 2726 3841; x_wconf 86' lang='lat' dir='ltr'>collocarunt,</span> <span class='ocrx_word' id='word_1_242' title='bbox 2764 3755 2837 3822; x_wconf 90' lang='lat' dir='ltr'>et</span> <span class='ocrx_word' id='word_1_243' title='bbox 2875 3755 3121 3825; x_wconf 88' lang='lat' dir='ltr'>orator</span> <span class='ocrx_word' id='word_1_244' title='bbox 3160 3746 3347 3846; x_wconf 84' lang='lat' dir='ltr'>regis</span> 
     </span>
     <span class='ocr_line' id='line_1_28' title="bbox 691 3871 3343 3974; baseline 0.002 -29"><span class='ocrx_word' id='word_1_245' title='bbox 691 3871 1032 3971; x_wconf 88' lang='lat' dir='ltr'>Hispanie</span> <span class='ocrx_word' id='word_1_246' title='bbox 1075 3874 1166 3947; x_wconf 87' lang='lat' dir='ltr'>ad</span> <span class='ocrx_word' id='word_1_247' title='bbox 1196 3872 1561 3948; x_wconf 89' lang='lat' dir='ltr'>sinistram</span> <span class='ocrx_word' id='word_1_248' title='bbox 1602 3874 1968 3951; x_wconf 88' lang='lat' dir='ltr'>Valentini</span> <span class='ocrx_word' id='word_1_249' title='bbox 2009 3876 2133 3971; x_wconf 91' lang='lat' dir='ltr'>qui</span> <span class='ocrx_word' id='word_1_250' title='bbox 2177 3874 2509 3950; x_wconf 90' lang='lat' dir='ltr'>ultimum</span> <span class='ocrx_word' id='word_1_251' title='bbox 2548 3876 2792 3950; x_wconf 89' lang='lat' dir='ltr'>locum</span> <span class='ocrx_word' id='word_1_252' title='bbox 2830 3877 3173 3952; x_wconf 88' lang='lat' dir='ltr'>tenebat:</span> <span class='ocrx_word' id='word_1_253' title='bbox 3206 3898 3343 3974; x_wconf 84' lang='lat' dir='ltr'>ego</span> 
     </span>
     <span class='ocr_line' id='line_1_29' title="bbox 686 3995 3335 4099; baseline 0.002 -30"><span class='ocrx_word' id='word_1_254' title='bbox 686 3995 763 4069; x_wconf 89' lang='lat' dir='ltr'>id</span> <span class='ocrx_word' id='word_1_255' title='bbox 790 3998 1267 4097; x_wconf 77' lang='lat' dir='ltr'>prospicienS,</span> <span class='ocrx_word' id='word_1_256' title='bbox 1305 3996 1427 4094; x_wconf 88' lang='lat' dir='ltr'>qui</span> <span class='ocrx_word' id='word_1_257' title='bbox 1458 4005 1622 4095; x_wconf 90' lang='lat' dir='ltr'>post</span> <span class='ocrx_word' id='word_1_258' title='bbox 1651 3998 1882 4072; x_wconf 89' lang='lat' dir='ltr'>dictos</span> <span class='ocrx_word' id='word_1_259' title='bbox 1916 3998 2319 4075; x_wconf 87' lang='lat' dir='ltr'>cardinales</span> <span class='ocrx_word' id='word_1_260' title='bbox 2349 4001 2755 4099; x_wconf 86' lang='lat' dir='ltr'>predictum</span> <span class='ocrx_word' id='word_1_261' title='bbox 2791 4002 3037 4079; x_wconf 85' lang='lat' dir='ltr'>locum</span> <span class='ocrx_word' id='word_1_262' title='bbox 3068 4002 3335 4089; x_wconf 78' lang='lat' dir='ltr'>intravi,</span> 
     </span>
     <span class='ocr_line' id='line_1_30' title="bbox 689 4122 3335 4227; baseline 0.002 -32"><span class='ocrx_word' id='word_1_263' title='bbox 689 4123 962 4219; x_wconf 82' lang='lat' dir='ltr'>rogavi,</span> <span class='ocrx_word' id='word_1_264' title='bbox 1015 4130 1088 4198; x_wconf 87' lang='lat' dir='ltr'>et</span> <span class='ocrx_word' id='word_1_265' title='bbox 1138 4123 1327 4197; x_wconf 90' lang='lat' dir='ltr'>bene</span> <span class='ocrx_word' id='word_1_266' title='bbox 1375 4122 1542 4212; x_wconf 90' lang='lat' dir='ltr'>feci,</span> <span class='ocrx_word' id='word_1_267' title='bbox 1610 4122 1780 4221; x_wconf 86' lang='lat' dir='ltr'>quia</span> <span class='ocrx_word' id='word_1_268' title='bbox 1831 4122 2255 4201; x_wconf 88' lang='lat' dir='ltr'>indecenter</span> <span class='ocrx_word' id='word_1_269' title='bbox 2307 4126 2656 4203; x_wconf 88' lang='lat' dir='ltr'>sedebant</span> <span class='ocrx_word' id='word_1_270' title='bbox 2709 4150 2964 4203; x_wconf 87' lang='lat' dir='ltr'>omnes</span> <span class='ocrx_word' id='word_1_271' title='bbox 3014 4126 3335 4227; x_wconf 88' lang='lat' dir='ltr'>predicti,</span> 
     </span>
     <span class='ocr_line' id='line_1_31' title="bbox 682 4245 3339 4350; baseline 0.003 -33"><span class='ocrx_word' id='word_1_272' title='bbox 682 4245 920 4342; x_wconf 89' lang='lat' dir='ltr'>primo</span> <span class='ocrx_word' id='word_1_273' title='bbox 947 4254 1311 4322; x_wconf 89' lang='lat' dir='ltr'>oratorem</span> <span class='ocrx_word' id='word_1_274' title='bbox 1343 4248 1855 4346; x_wconf 85' lang='lat' dir='ltr'>Hispaniarum</span> <span class='ocrx_word' id='word_1_275' title='bbox 1880 4257 1960 4322; x_wconf 89' lang='lat' dir='ltr'>ut</span> <span class='ocrx_word' id='word_1_276' title='bbox 1988 4249 2232 4325; x_wconf 87' lang='lat' dir='ltr'>locum</span> <span class='ocrx_word' id='word_1_277' title='bbox 2253 4249 2488 4349; x_wconf 90' lang='lat' dir='ltr'>ipsum</span> <span class='ocrx_word' id='word_1_278' title='bbox 2523 4252 2645 4349; x_wconf 89' lang='lat' dir='ltr'>qui</span> <span class='ocrx_word' id='word_1_279' title='bbox 2667 4276 2797 4350; x_wconf 91' lang='lat' dir='ltr'>pro</span> <span class='ocrx_word' id='word_1_280' title='bbox 2820 4252 2995 4327; x_wconf 89' lang='lat' dir='ltr'>solis</span> <span class='ocrx_word' id='word_1_281' title='bbox 3020 4250 3339 4325; x_wconf 84' lang='lat' dir='ltr'>cardina-</span> 
     </span>
     <span class='ocr_line' id='line_1_32' title="bbox 682 4369 3334 4474; baseline 0.004 -30"><span class='ocrx_word' id='word_1_282' title='bbox 682 4369 870 4444; x_wconf 90' lang='lat' dir='ltr'>libus</span> <span class='ocrx_word' id='word_1_283' title='bbox 900 4379 1194 4470; x_wconf 89' lang='lat' dir='ltr'>paratus</span> <span class='ocrx_word' id='word_1_284' title='bbox 1230 4380 1450 4464; x_wconf 89' lang='lat' dir='ltr'>esset,</span> <span class='ocrx_word' id='word_1_285' title='bbox 1487 4372 1740 4448; x_wconf 87' lang='lat' dir='ltr'>exiret.</span> <span class='ocrx_word' id='word_1_286' title='bbox 1780 4378 1969 4471; x_wconf 84' lang='lat' dir='ltr'>Egre</span> <span class='ocrx_word' id='word_1_287' title='bbox 2000 4374 2156 4449; x_wconf 89' lang='lat' dir='ltr'>tulit</span> <span class='ocrx_word' id='word_1_288' title='bbox 2187 4374 2259 4448; x_wconf 92' lang='lat' dir='ltr'>id</span> <span class='ocrx_word' id='word_1_289' title='bbox 2297 4374 2501 4451; x_wconf 90' lang='lat' dir='ltr'>valde</span> <span class='ocrx_word' id='word_1_290' title='bbox 2532 4376 2686 4474; x_wconf 85' lang='lat' dir='ltr'>ipse</span> <span class='ocrx_word' id='word_1_291' title='bbox 2727 4383 2971 4453; x_wconf 88' lang='lat' dir='ltr'>orator</span> <span class='ocrx_word' id='word_1_292' title='bbox 3009 4386 3081 4452; x_wconf 90' lang='lat' dir='ltr'>et</span> <span class='ocrx_word' id='word_1_293' title='bbox 3110 4376 3334 4455; x_wconf 82' lang='lat' dir='ltr'>dictus</span> 
     </span>
     <span class='ocr_line' id='line_1_33' title="bbox 679 4497 3332 4600; baseline 0 -29"><span class='ocrx_word' id='word_1_294' title='bbox 679 4497 1042 4574; x_wconf 81' lang='lat' dir='ltr'>Jofl&#39;redus</span> <span class='ocrx_word' id='word_1_295' title='bbox 1077 4498 1550 4573; x_wconf 90' lang='lat' dir='ltr'>nihilominus</span> <span class='ocrx_word' id='word_1_296' title='bbox 1589 4522 1757 4573; x_wconf 90' lang='lat' dir='ltr'>cum</span> <span class='ocrx_word' id='word_1_297' title='bbox 1787 4499 2201 4594; x_wconf 81' lang='lat' dir='ltr'>ValentinO,</span> <span class='ocrx_word' id='word_1_298' title='bbox 2238 4502 2712 4600; x_wconf 90' lang='lat' dir='ltr'>Neapolitano</span> <span class='ocrx_word' id='word_1_299' title='bbox 2732 4510 2882 4577; x_wconf 83' lang='lat' dir='ltr'>ets.</span> <span class='ocrx_word' id='word_1_300' title='bbox 2906 4501 3148 4577; x_wconf 89' lang='lat' dir='ltr'>Crucis</span> <span class='ocrx_word' id='word_1_301' title='bbox 3176 4522 3332 4573; x_wconf 81' lang='lat' dir='ltr'>car-</span> 
     </span>
     <span class='ocr_line' id='line_1_34' title="bbox 682 4604 3329 4721; baseline 0.001 -26"><span class='ocrx_word' id='word_1_302' title='bbox 682 4623 1036 4697; x_wconf 91' lang='lat' dir='ltr'>dinalibus</span> <span class='ocrx_word' id='word_1_303' title='bbox 1091 4625 1306 4698; x_wconf 90' lang='lat' dir='ltr'>simul</span> <span class='ocrx_word' id='word_1_304' title='bbox 1356 4624 1802 4701; x_wconf 87' lang='lat' dir='ltr'>venientibus</span> <span class='ocrx_word' id='word_1_305' title='bbox 1864 4626 2145 4701; x_wconf 91' lang='lat' dir='ltr'>obviam</span> <span class='ocrx_word' id='word_1_306' title='bbox 2201 4626 2429 4702; x_wconf 90' lang='lat' dir='ltr'>iturus</span> <span class='ocrx_word' id='word_1_307' title='bbox 2480 4628 2718 4704; x_wconf 89' lang='lat' dir='ltr'>locum</span> <span class='ocrx_word' id='word_1_308' title='bbox 2760 4604 3031 4721; x_wconf 79' lang='lat' dir='ltr'>exiret,</span> <span class='ocrx_word' id='word_1_309' title='bbox 3083 4627 3329 4700; x_wconf 83' lang='lat' dir='ltr'>iterum</span> 
     </span>
     <span class='ocr_line' id='line_1_35' title="bbox 678 4746 3327 4849; baseline 0.001 -29"><span class='ocrx_word' id='word_1_310' title='bbox 678 4746 985 4823; x_wconf 90' lang='lat' dir='ltr'>honeste</span> <span class='ocrx_word' id='word_1_311' title='bbox 1037 4773 1162 4823; x_wconf 91' lang='lat' dir='ltr'>eos</span> <span class='ocrx_word' id='word_1_312' title='bbox 1213 4751 1630 4827; x_wconf 89' lang='lat' dir='ltr'>commonui</span> <span class='ocrx_word' id='word_1_313' title='bbox 1681 4750 1772 4826; x_wconf 90' lang='lat' dir='ltr'>ad</span> <span class='ocrx_word' id='word_1_314' title='bbox 1822 4751 2262 4825; x_wconf 86' lang='lat' dir='ltr'>cardinalem</span> <span class='ocrx_word' id='word_1_315' title='bbox 2306 4752 2541 4849; x_wconf 90' lang='lat' dir='ltr'>ipsum</span> <span class='ocrx_word' id='word_1_316' title='bbox 2586 4753 3075 4829; x_wconf 88' lang='lat' dir='ltr'>comitandum</span> <span class='ocrx_word' id='word_1_317' title='bbox 3122 4771 3327 4847; x_wconf 88' lang='lat' dir='ltr'>quem</span> 
     </span>
    </p>
   </div>
   <div class='ocr_carea' id='block_1_3' title="bbox 754 4962 3321 5051">
    <p class='ocr_par' dir='ltr' id='par_1_4' title="bbox 754 4962 3321 5051">
     <span class='ocr_line' id='line_1_36' title="bbox 754 4962 3321 5051; baseline -0.001 -21"><span class='ocrx_word' id='word_1_318' title='bbox 754 4970 805 5031; x_wconf 91' lang='lat'>1.</span> <span class='ocrx_word' id='word_1_319' title='bbox 847 4969 988 5047; x_wconf 80' lang='lat' dir='ltr'>Voy.</span> <span class='ocrx_word' id='word_1_320' title='bbox 1035 4962 1277 5042; x_wconf 86' lang='lat' dir='ltr'>Rinaldi‚</span> <span class='ocrx_word' id='word_1_321' title='bbox 1318 4990 1373 5047; x_wconf 88' lang='lat' dir='ltr'>p.</span> <span class='ocrx_word' id='word_1_322' title='bbox 1422 4973 1550 5045; x_wconf 82' lang='lat'>267,</span> <span class='ocrx_word' id='word_1_323' title='bbox 1592 4986 1680 5031; x_wconf 61' lang='grc' dir='ltr'>κισ*</span> <span class='ocrx_word' id='word_1_324' title='bbox 1723 4974 1861 5032; x_wconf 79' lang='grc'>9-14</span> <span class='ocrx_word' id='word_1_325' title='bbox 1908 4980 1965 5032; x_wconf 85' lang='lat' dir='ltr'>et</span> <span class='ocrx_word' id='word_1_326' title='bbox 2010 4975 2150 5032; x_wconf 87' lang='lat' dir='ltr'>dans</span> <span class='ocrx_word' id='word_1_327' title='bbox 2198 4975 2401 5051; x_wconf 86' lang='lat' dir='ltr'>Lunig,</span> <span class='ocrx_word' id='word_1_328' title='bbox 2453 4977 2631 5035; x_wconf 72' lang='lat' dir='ltr'>Codex</span> <span class='ocrx_word' id='word_1_329' title='bbox 2674 4964 2849 5035; x_wconf 66' lang='lat' dir='ltr'>Italia·</span> <span class='ocrx_word' id='word_1_330' title='bbox 2894 4977 3136 5050; x_wconf 72' lang='lat' dir='ltr'>diplom„</span> <span class='ocrx_word' id='word_1_331' title='bbox 3176 4981 3205 5029; x_wconf 86' lang='lat' dir='ltr'>t.</span> <span class='ocrx_word' id='word_1_332' title='bbox 3252 4974 3321 5041; x_wconf 85' lang='lat'>11,</span> 
     </span>
    </p>
   </div>
   <div class='ocr_carea' id='block_1_4' title="bbox 671 5060 3317 5211">
    <p class='ocr_par' dir='ltr' id='par_1_5' title="bbox 671 5060 3317 5211">
     <span class='ocr_line' id='line_1_37' title="bbox 671 5060 3317 5208; baseline 0 -89"><span class='ocrx_word' id='word_1_333' title='bbox 671 5076 746 5208; x_wconf 44' lang='lat' dir='ltr'>rflii</span> <span class='ocrx_word' id='word_1_334' title='bbox 759 5080 984 5207; x_wconf 54' lang='lat' dir='ltr'>exlattlem,</span> <span class='ocrx_word' id='word_1_335' title='bbox 1017 5060 1121 5119; x_wconf 83' lang='lat' dir='ltr'>col.</span> <span class='ocrx_word' id='word_1_336' title='bbox 1158 5062 1318 5132; x_wconf 88' lang='lat'>1310,</span> <span class='ocrx_word' id='word_1_337' title='bbox 1349 5063 1399 5120; x_wconf 84' lang='lat' dir='ltr'>le</span> <span class='ocrx_word' id='word_1_338' title='bbox 1427 5064 1550 5121; x_wconf 84' lang='lat' dir='ltr'>bref</span> <span class='ocrx_word' id='word_1_339' title='bbox 1573 5065 1648 5122; x_wconf 90' lang='lat' dir='ltr'>du</span> <span class='ocrx_word' id='word_1_340' title='bbox 1685 5067 1837 5139; x_wconf 81' lang='lat' dir='ltr'>Pape</span> <span class='ocrx_word' id='word_1_341' title='bbox 1868 5083 1936 5122; x_wconf 87' lang='lat' dir='ltr'>au</span> <span class='ocrx_word' id='word_1_342' title='bbox 1976 5066 2057 5122; x_wconf 89' lang='lat' dir='ltr'>roi</span> <span class='ocrx_word' id='word_1_343' title='bbox 2087 5066 2428 5139; x_wconf 74' lang='lat' dir='ltr'>Ferdinand3</span> <span class='ocrx_word' id='word_1_344' title='bbox 2476 5084 2535 5124; x_wconf 87' lang='lat' dir='ltr'>ce</span> <span class='ocrx_word' id='word_1_345' title='bbox 2564 5067 2689 5124; x_wconf 80' lang='lat' dir='ltr'>bref</span> <span class='ocrx_word' id='word_1_346' title='bbox 2718 5066 2864 5125; x_wconf 86' lang='lat' dir='ltr'>n’est</span> <span class='ocrx_word' id='word_1_347' title='bbox 2898 5084 2997 5142; x_wconf 82' lang='lat' dir='ltr'>pas</span> <span class='ocrx_word' id='word_1_348' title='bbox 3024 5066 3189 5122; x_wconf 63' lang='lat' dir='ltr'>donne</span> <span class='ocrx_word' id='word_1_349' title='bbox 3216 5078 3317 5135; x_wconf 75' lang='lat' dir='ltr'>par</span> 
     </span>
     <span class='ocr_line' id='line_1_38' title="bbox 747 5169 917 5211; baseline 0.018 -3"><span class='ocrx_word' id='word_1_350' title='bbox 747 5169 818 5208; x_wconf 84' lang='lat' dir='ltr'>na</span> <span class='ocrx_word' id='word_1_351' title='bbox 879 5170 917 5211; x_wconf 85' lang='lat'>1.</span> 
     </span>
    </p>
   </div>
  </div>
 </body>
</html>
