3625 6059
734 554 843 615 258
1056 564 1067 575 ·
1424 602 1435 615 ,
1648 547 1996 643 ioHAums
2051 546 2492 618 auncnfflm,
2915 546 3218 611 [Decembre
3241 548 3362 609 uss]

836 704 1245 783 Alexander
1273 702 1684 800 episcopua,
1722 725 1967 777 servus
1999 725 2374 778 servorum
2405 702 2565 792 Dei,
2601 701 2871 775 dilecto
2910 700 3054 775 tilio
3083 700 3360 775 lohanni

738 831 1079 920 Antoni0,
1120 829 1305 904 tituli
1348 835 1767 903 sanctorum
1823 829 2035 904 Nerei
2071 836 2144 905 et
2188 828 2494 903 Achillei
2547 825 2972 925 presbytero
3025 824 3360 915 cardinali,

738 957 1046 1031 salutem
1102 963 1176 1029 et
1226 954 1696 1051 apostolicam
1744 955 2357 1030 benedictionem.
2421 951 2834 1028 Devotionis
2887 964 3010 1025 tue
3052 952 3364 1049 quemad

740 1104 875 1155 nos
910 1090 981 1156 et
1013 1085 1337 1155 sanctam
1367 1103 1744 1155 romanam
1786 1081 1980 1179 geris
2038 1080 2434 1155 Ecclesiam
2465 1075 2888 1177 magnitudo
2928 1077 3094 1152 facit
3129 1084 3207 1153 ut
3245 1078 3361 1167 his,

741 1228 881 1299 que
934 1204 1026 1277 ad
1056 1211 1577 1302 augumentum
1634 1206 1862 1304 ipsius
1911 1205 2314 1281 devotionis
2373 1203 2634 1279 cedere
2684 1203 2992 1301 possint,
3055 1208 3366 1300 quantum

741 1330 950 1404 nobis
1009 1354 1175 1403 cum
1230 1336 1383 1405 Deo
1442 1332 1617 1406 licet
1656 1332 2143 1406 favorabiliter
2199 1354 2629 1405 annuamus.
2668 1333 2759 1404 Ut
2809 1328 3032 1425 igitur
3081 1328 3372 1427 proxima

741 1454 981 1531 futura
1030 1455 1393 1531 dominica
1446 1480 1578 1557 pro
1608 1458 2018 1534 cessatione
2073 1457 2315 1531 diluvii
2370 1462 2440 1530 et
2482 1453 2974 1529 inundationis
3023 1478 3370 1551 aquarum,

742 1604 879 1655 nec
916 1606 1065 1655 non
1115 1583 1383 1656 salubri
1434 1605 1603 1657 aere
1652 1582 1991 1680 illiusque
2041 1581 2588 1657 conservatione
2631 1580 3012 1670 accedere,
3069 1586 3144 1654 et
3187 1580 3372 1656 misse

745 1715 817 1781 et
870 1707 1024 1779 aliis
1075 1706 1330 1781 divinis
1372 1708 1629 1783 officiis
1670 1708 1767 1782 ibi
1817 1707 2202 1799 interesse,
2247 1730 2534 1783 necnon
2583 1704 3000 1804 rogationes
3031 1703 3126 1779 ad
3171 1704 3374 1779 omni-

742 1839 1121 1930 potentem
1186 1837 1419 1908 Deum
1468 1835 1870 1926 effundere,
1934 1834 2383 1909 decrevimus
2451 1832 2750 1908 missam
2821 1836 2896 1905 et
2959 1830 3106 1905 alia
3175 1830 3378 1905 divina

744 1957 987 2033 officia
1034 1959 1449 2059 hujusmodi
1500 1961 1872 2037 celebrare
1913 1961 2178 2059 possis,
2233 1958 2862 2057 circumspectioni
2910 1965 3062 2047 tue,
3097 1956 3248 2055 ipso
3287 1957 3378 2031 die

748 2083 1139 2178 dominico,
1171 2109 1301 2184 pro
1330 2085 1469 2160 hac
1510 2087 1665 2163 vice
1704 2088 2075 2180 duntaxat,
2112 2084 2525 2160 celebrandi
2559 2083 2981 2159 solemniter
3015 2082 3110 2157 ad
3141 2082 3378 2155 dictum

747 2210 974 2285 altare
1018 2211 1315 2285 missam
1362 2220 1436 2286 et
1494 2212 1634 2288 alia
1678 2212 1920 2287 divina
1967 2212 2208 2287 officia
2263 2210 2616 2309 predicta,
2667 2209 2890 2283 etiam
2929 2209 3002 2282 in
3047 2206 3382 2305 presentia

744 2343 1018 2430 nostra,
1062 2338 1697 2414 constitutionibus
1738 2339 2156 2437 apostolicis
2195 2360 2280 2413 ac
2332 2336 2616 2410 statutis
2655 2344 2730 2411 et
2768 2334 3382 2412 consuetudinibus

746 2464 1161 2561 apostolicis
1229 2464 1419 2539 dicte
1477 2464 1803 2557 basilice,
1873 2466 2316 2563 juramentO,
2397 2462 2950 2539 confirmatione
3021 2461 3384 2561 apostolica

747 2590 862 2664 vel
919 2590 1169 2686 quavis
1210 2589 1548 2665 firmitate
1598 2591 1740 2665 alia
1791 2591 2176 2683 roboratis,
2231 2587 2640 2686 ceterisque
2683 2588 3070 2664 contrariis
3117 2588 3383 2685 quibus-

747 2732 1061 2811 cumque
1110 2736 1567 2811 nequaquam
1616 2715 2095 2807 obstantibus,
2162 2717 2602 2793 authoritate
2666 2712 3096 2812 apostolica,
3165 2718 3382 2786 tenore

744 2840 1191 2937 presentium
1238 2841 1328 2914 de
1379 2840 1672 2938 speciali
1744 2842 1978 2939 gratia
2027 2842 2393 2917 licentiam
2451 2840 2946 2919 concedimus.
3011 2838 3200 2913 Nulli
3241 2858 3386 2932 ergo

748 2965 1044 3044 omnino
1116 2965 1501 3042 hominum
1584 2966 1803 3042 liceat
1867 2967 2059 3041 hanc
2143 2969 2480 3067 paginam
2583 2971 2831 3041 nostre
2919 2962 3386 3040 concessionis

747 3091 1165 3189 infringere,
1211 3092 1323 3166 vel
1354 3092 1421 3165 ei
1472 3116 1654 3167 ausu
1697 3093 2088 3167 temerario
2117 3093 2658 3183 contradicere3
2695 3090 2753 3164 si
2787 3091 2952 3188 quis
2981 3096 3230 3165 antem
3271 3090 3386 3163 hoc

747 3222 1106 3291 attentare
1148 3217 1670 3315 presumpserit
1715 3215 2290 3315 indignationem
2337 3216 2852 3315 omnipotentis
2897 3213 3033 3289 Dei
3065 3221 3136 3291 et
3161 3214 3386 3291 beato-

749 3363 911 3413 rum
942 3341 1133 3415 Petri
1165 3347 1239 3415 et
1270 3341 1465 3416 Pauli
1492 3342 1987 3440 apostolorum
2019 3345 2177 3443 ejus
2215 3366 2294 3417 se
2320 3341 2604 3425 noverit
2639 3341 3121 3415 incursurum.
3161 3346 3388 3415 Datum

750 3470 978 3540 Rome
1040 3464 1231 3563 apud
1284 3490 1343 3538 s.
1406 3470 1729 3556 Petrum,
1800 3490 1990 3541 anno
2040 3467 2558 3543 incarnationis
2623 3465 2984 3541 dominice
3033 3464 3388 3541 millesimo

751 3590 1468 3687 quadringentesimo
1524 3592 2003 3689 nonagesimo
2058 3591 2294 3684 tertio,
2347 3590 2584 3665 idibus
2635 3589 3072 3680 decembris,
3123 3586 3390 3687 pontifi-

750 3720 951 3795 catus
1023 3716 1254 3789 nostri
1306 3739 1497 3789 anno
1554 3722 1840 3813 quar-to.
1911 3716 2321 3814 Registrata
2375 3716 2447 3789 in
2505 3714 2900 3793 secretaria
2955 3714 3385 3813 apostolica:

750 3842 1203 3933 Laurentius;
1240 3846 1319 3925 L.
1360 3842 1936 3934 Podocatharus;
1971 3847 2052 3917 L.
2089 3842 2180 3919 de
2208 3842 2553 3917 Penafiel.

850 3967 1229 4043 Dominica
1268 3976 1525 4066 quarta
1582 3970 1958 4059 adventuS,
2003 3974 2096 4043 20
2138 3967 2576 4058 decembriS‚
2617 3972 2700 4040 R.
2750 3966 2826 4040 in
2885 3966 3172 4041 Christo
3211 3968 3280 4041 Ρ.
3315 3968 3384 4037 Ι).

750 4092 1157 4193 Stephanus
1216 4094 1807 4193 archiepiscopus
1856 4094 2310 4169 Patracensis
2375 4095 2766 4170 celebravit
2833 4093 3134 4167 missam
3183 4086 3389 4189 publi-

749 4243 938 4312 cam,
980 4224 1174 4317 Papa
1217 4224 1586 4318 presente,
1644 4220 1719 4293 in
1768 4219 2048 4317 capella
2094 4220 2380 4318 majori,
2439 4244 2641 4295 more
2693 4220 2934 4295 solito.
2991 4220 3390 4293 Sermonem

747 4344 921 4418 fecit
950 4345 1243 4442 quidam
1276 4346 1498 4418 frater
1536 4345 1808 4420 ordinis
1840 4346 2377 4423 carmelitarum
2408 4369 2541 4442 pro
2571 4349 3047 4444 procuratore
3091 4340 3386 4445 ejusdem

746 4468 1045 4543 ordinis.
2883 4535 2892 4541 .

844 4596 1055 4670 Feria
1087 4598 1431 4685 secunda,
1470 4600 1551 4671 21
1588 4596 1864 4681 mensis
1895 4594 2331 4688 decembris,
2368 4596 2638 4672 festum
2670 4622 2731 4670 s.
2766 4597 3048 4673 Thome
3077 4588 3384 4695 apostoli,

743 4722 831 4790 R.
866 4719 937 4793 in
986 4722 1269 4797 Christo
1322 4726 1402 4796 P.
1440 4721 1812 4795 «Iohannes
1855 4720 2446 4819 archiepiscopus
2496 4719 2930 4819 RagusinuS‚
2975 4720 3390 4817 gubernator

744 4840 978 4933 Urbis,
1013 4845 1085 4920 in
1119 4847 1254 4922 vim
1282 4846 1615 4957 specialis
1644 4845 2192 4944 supplicationis
2225 4845 2358 4953 sub
2379 4844 2548 4919 data
2575 4846 2788 4921 t'ertio
2814 4846 2977 4920 idus
3007 4837 3388 4925 decembris

736 4970 1097 5065 presentis
1130 4972 1407 5069 signate
1439 4976 1666 5045 Rome
1699 4970 1773 5044 in
1803 4970 2114 5045 ecclesia
2154 4995 2212 5044 s.
2252 4971 2624 5049 Michaelis
2657 4972 3077 5068 archangeli
3109 4971 3196 5045 de
3227 4964 3386 5043 Urbe
3528 5008 3529 5035 2

735 5094 1162 5173 confirmate
1202 5098 1403 5194 prius
1434 5103 1601 5171 ante
1628 5096 2173 5171 inchoationem
2205 5096 2424 5171 misse
2454 5099 2540 5170 D.
2580 5096 2851 5173 Vasinn
2884 5096 2976 5172 de
3005 5090 3382 5200 fiammis,

730 5218 1101 5315 preposito
1130 5218 1448 5307 Astensi,
1485 5218 1676 5293 sedis
1708 5220 2105 5319 apostolice
2137 5220 2612 5309 subdiaconO,
2640 5228 2713 5306 et
2739 5222 3172 5297 Innocentio
3193 5217 3386 5293 etiam
