3625 6059
694 518 799 575 114
1609 517 1962 575 JOHANNJS
2011 517 2456 589 euacufflm,
3028 521 3198 585 [Au-u
3221 526 3374 587 1494]

794 671 1041 746 Clerus
1081 671 1591 769 Neapolitanus
1636 697 1803 747 cum
1842 673 2198 773 religiosis
2228 674 2299 747 in
2333 674 2644 749 ecclesia
2674 674 3147 771 Neapolitana
3177 700 3372 752 con—

695 797 1133 896 gregabitur,
1170 822 1259 873 ex
1296 823 1463 896 qua,
1492 800 1680 875 hora
1716 800 1984 893 debita,
2018 802 2459 899 precedente
2493 800 2867 876 dumtaxat
2905 825 3121 877 cruce
3155 805 3368 903 ejus-

696 925 862 999 dem
906 924 1238 1018 ecclesie,
1276 925 1529 1001 ordine
1574 925 2058 1025 infrascripto,
2101 926 2336 1001 veniat
2373 950 2600 1025 usque
2637 928 2729 1001 ad
2761 935 3048 1026 portam
3085 932 3374 1025 Capua-

696 1074 865 1125 nam
902 1052 1020 1125 ubi
1070 1075 1147 1125 se
1190 1059 1419 1127 vertat
1461 1053 1831 1151 processio
1871 1081 1887 1143 ;
1931 1054 2028 1127 ita
2073 1054 2269 1151 quod
2310 1053 2716 1144 inferiores,
2746 1052 3077 1128 videlicet
3119 1053 3371 1151 primo

691 1168 1137 1269 incedenteS,
1174 1178 1317 1253 sint
1346 1178 1531 1252 versi
1560 1179 1654 1253 ad
1682 1180 2068 1254 ecclesiam
2088 1179 2662 1277 Neapolitanam,
2691 1186 2764 1254 et
2787 1179 3023 1253 clerus
3043 1179 3370 1255 ecclesie

690 1303 1189 1401 Neapolitane,
1223 1304 1555 1379 videlicet
1586 1304 2176 1403 archiepiscopus
2219 1329 2386 1379 cum
2417 1304 2786 1379 canonicis
2827 1310 2902 1378 et
2929 1304 3087 1378 aliis
3121 1305 3370 1402 majo-

693 1426 889 1503 ribus
960 1428 1369 1522 dumtaxat,
1432 1429 1575 1504 sint
1626 1456 1853 1530 prope
1910 1440 2197 1529 portam
2257 1431 2687 1529 predictam.
2742 1430 3388 1528 Archiepiscopus

690 1556 1207 1655 Neapolitanus
1253 1564 1545 1655 paratus
1590 1557 1724 1631 erit
1772 1558 2072 1649 amictu,
2119 1556 2281 1631 alba
2328 1563 2401 1659 θῇ
2445 1557 2760 1655 cingulo,
2811 1556 3022 1647 stola,
3062 1554 3368 1654 pluviali

691 1687 764 1757 et
817 1682 1033 1757 mitra
1084 1682 1459 1780 preciosiS,
1523 1689 1596 1757 et
1638 1683 2193 1781 ‚processionem
2252 1684 2664 1773 concludat,
2729 1705 2950 1779 quem
3011 1681 3372 1780 precedat

690 1832 875 1883 unus
926 1808 1317 1883 canonicus
1366 1810 1884 1907 Neapolitanus
1929 1810 2432 1909 superpellicio
2473 1809 2794 1903 indutus»,
2845 1808 2969 1905 qui
3017 1807 3366 1882 baculum

689 1936 1125 2034 pastoralem
1154 1943 1323 2011 ante
1352 1937 1593 2034 ipsum
1622 1938 1934 2027 deferat3
1971 1943 2043 2012 et
2069 1938 2248 2012 alius
2281 1938 2702 2027 canonicus,
2737 1936 2960 2010 etiam
2991 1934 3064 2007 in
3095 1958 3365 2031 super-

687 2062 1001 2160 pellicio,
1043 2087 1333 2137 crucem
1359 2064 1674 2162 portabit
1704 2064 1862 2139 sine
1890 2063 2149 2137 baculo
2195 2064 2438 2162 legato
2473 2063 2566 2138 ad
2604 2062 2932 2137 osculum
2964 2060 3360 2159 porrigen-

688 2188 899 2279 dam3
936 2195 1010 2263 et
1053 2188 1195 2263 duo
1240 2190 1357 2264 alii
1395 2189 1749 2283 canonici,
1790 2196 1867 2265 ut
1910 2214 2127 2288 supra
2165 2189 2420 2279 induti,
2457 2189 2630 2264 hinc
2671 2194 2740 2264 et
2782 2188 2950 2263 inde
3001 2186 3362 2285 gremiale

684 2322 851 2389 ante
880 2314 1511 2414 archiepiscopum
1546 2322 1880 2392 tenentes
1921 2324 1998 2389 et
2034 2314 2356 2390 fimbrias
2398 2314 2803 2389 anteriores
2834 2313 3166 2412 pluvialis
3195 2312 3357 2387 ele-

685 2449 960 2533 vanteS,
996 2442 1622 2542 archiepiscopum
1651 2442 1842 2518 inter
1871 2467 1948 2517 se
1981 2442 2304 2516 medium
2333 2441 2826 2515 associabunt.

786 2568 935 2643 Sub
990 2568 1315 2666 predicta
1368 2576 1579 2666 porta
1630 2568 1932 2644 civitatis
1984 2568 2479 2666 Neapolitaue,
2529 2570 2869 2665 Capuana
2893 2570 3346 2664 nuncupata,

688 2701 1021 2792 paratum
1055 2694 1194 2767 erit
1220 2692 1733 2766 baldachinum
1762 2692 2191 2791 pro-legato.

792 2820 1085 2895 Nobiles
1116 2818 1584 2916 Neapolitane
1620 2820 1899 2893 sedium
1931 2818 2243 2909 illarum,
2279 2823 2442 2893 ante
2468 2842 2648 2915 quas
2676 2815 2958 2915 legatus
2989 2816 3128 2891 erit
3155 2824 3356 2891 tran-

694 2947 990 3037 situruS,
1017 2946 1106 3020 ad
1126 2944 1562 3043 portandum
1588 2944 2097 3019 baldachinum
2120 2944 2386 3019 ibidem
2408 2942 2636 3041 parati
2663 2950 2901 3035 erunt,
2933 2949 3006 3017 et
3023 2943 3354 3042 legatum

690 3074 1197 3172 expectabunt.

785 3204 1055 3296 Legato
1100 3197 1589 3282 supradictam
1632 3202 1918 3292 portam
1966 3220 2368 3294 capuanam
2415 3195 2606 3271 dicte
2652 3193 2952 3270 civitatis
2992 3194 3344 3285 intrante,

686 3320 1306 3416 archiepiscopus»,
1344 3320 1630 3395 detecto
1674 3321 1935 3418 capite,
1977 3322 2168 3396 facta
2206 3321 2343 3396 sibi
2373 3322 2574 3420 prius
2615 3320 3020 3395 reverentia
3049 3344 3356 3395 crucem

686 3444 943 3519 offerat
974 3443 1467 3536 osculandam,
1506 3468 1594 3519 ea
1620 3445 1822 3544 prius
1847 3446 2234 3544 panniculo
2265 3455 2485 3539 tersa,
2522 3454 2595 3521 et
2622 3446 3009 3545 panniculo
3036 3447 3352 3521 deoscu-

685 3570 857 3644 lato.
911 3574 1245 3667 LegatuS,
1281 3569 1574 3644 invitato
1622 3572 1820 3669 prius
1868 3572 1960 3645 ad
1995 3572 2467 3646 osculandum
2509 3595 2714 3670 rege,
2748 3595 3038 3648 crucem
3077 3571 3344 3669 ipsam,

688 3697 974 3771 detecto
1016 3697 1276 3796 capite,
1314 3722 1403 3773 ex
1438 3721 1625 3795 equo
1656 3705 2078 3775 reverenter
2104 3697 2566 3773 osculabitur.
2603 3703 2782 3788 Rex,
2817 3703 2984 3771 ante
3015 3720 3344 3787 crucem,

688 3820 920 3918 ipsam
951 3847 1097 3896 non
1140 3823 1583 3897 osculabitur
1625 3847 1642 3896 ε
1687 3830 1843 3897 tum
1881 3823 2158 3898 dicatur
2197 3822 2591 3919 antiphona
2631 3820 2974 3895 Sacerdos
3013 3832 3086 3892 et
3097 3822 3350 3917 ponti-

682 3949 817 4046 feoe
845 3960 971 4021 ete.
1008 3950 1575 4047 Responsorium
1610 3973 1625 4022 ε
1660 3949 1850 4022 Ecce
1889 3950 2209 4023 sacerdos
2237 3972 2546 4046 maynus
2586 3961 2743 4039 ete„
2781 3969 2948 4043 cum
2986 3945 3348 4020 versiculo

686 4080 756 4147 et
793 4072 1034 4147 Gloria
1059 4075 1282 4172 patri,
1324 4074 1421 4148 Te
1452 4075 1689 4148 Deum
1722 4074 2122 4167 laudamus,
2155 4079 2483 4172 Hymnus
2511 4072 2644 4147 Ad
2667 4097 2912 4146 cenam
2939 4071 3008 4145 A
3015 4073 3153 4169 qni
3164 4096 3346 4168 pro-

684 4199 823 4271 vidi
860 4212 988 4274 etc.
1027 4205 1334 4298 Legatus
1376 4207 1446 4275 et
1485 4225 1611 4274 rex
1641 4199 1856 4274 simul
1896 4200 2029 4275 sub
2066 4198 2501 4274 baldachino
2541 4196 2962 4294 equitabunt
3003 4218 3048 4269 a
3087 4218 3346 4292 supra-

682 4324 876 4398 dicta
912 4333 1124 4423 porta
1162 4331 1498 4426 Capuana
1546 4349 1771 4423 usque
1815 4326 1908 4399 ad
1951 4326 2334 4401 ecclesiam
2374 4322 2948 4422 Neapolitanam.
2986 4324 3346 4395 Pervento

682 4450 773 4523 ad
827 4451 1521 4549 archiepiscopalem
1570 4451 1954 4526 ecclesiam
2003 4451 2573 4547 Neapolitanam,
2610 4446 3232 4543 archiepiscopuS,
3269 4452 3347 4520 ut

684 4600 900 4674 supra
961 4585 1281 4675 paratuS,
1354 4582 1561 4651 Rmo.
1626 4578 1868 4674 legato
1935 4576 2202 4651 dictam
2263 4575 2649 4651 ecclesiam
2716 4571 3009 4645 intranti
3083 4571 3344 4646 offerat

686 4704 1176 4797 aspersorium
1221 4727 1387 4777 cum
1443 4728 1631 4800 aqua
1671 4702 2081 4795 benedicta,
2137 4726 2225 4778 eo
2271 4702 2469 4798 prius
2515 4698 2980 4789 deosculat03
3022 4697 3340 4795 legatus,

683 4833 977 4924 recepto
1046 4828 1487 4926 aspersorIO,
1549 4828 1783 4925 primo
1853 4850 2135 4925 regem,
2195 4826 2456 4901 deinde
2519 4848 2634 4916 se,
2696 4828 2954 4922 postea
3015 4822 3340 4917 prelatos

684 4976 937 5027 omnes
966 4961 1037 5027 et
1066 4955 1245 5027 alios
1284 4960 1641 5051 aspergat.
1688 4957 1869 5026 Tum
1913 4978 2097 5027 unus
2129 4952 2640 5027 canonicorum
2673 4948 2996 5047 predicte
3027 4947 3344 5022 ecclesie

684 5079 1155 5169 thuribulum,
1210 5086 1282 5153 et
1336 5080 1655 5176 prefatus
1722 5079 2312 5178 archiepiscopus
2373 5076 2775 5152 naviculam
2831 5072 3112 5148 incensi
3174 5096 3342 5147 cum

681 5204 1014 5296 cocleari,
1081 5202 1271 5300 quod
1323 5202 1518 5300 prius
1567 5202 2050 5293 deosculetur,
2110 5204 2351 5300 legato
2405 5202 2740 5291 offerant,
2793 5197 3343 5297 archiepiscopo
