3625 6059
761 585 871 641 232
952 584 1010 655 ⁶⁹,
1694 580 2047 637 JOHANNIS
2084 578 2546 656 ,BURCHARDL
3015 582 3242 647 [Janvier
3265 588 3378 651 1495]

762 739 1086 835 jusmodi
1124 745 1277 813 erat
1322 734 1660 811 distantia
1694 733 2004 807 duorum
2053 736 2318 833 pedum
2361 735 2474 809 vel
2517 733 2710 810 circa
2749 735 2826 808 in
2867 734 3128 809 eodem
3167 736 3373 833 plano.

766 862 1068 938 Stabant
1108 865 1181 937 in
1221 862 1554 938 omnibus
1598 861 1953 957 equaliter
1995 860 2285 936 cussina
2325 861 2646 937 broccati
2689 858 3024 959 desuper.
3073 864 3150 934 ln
3191 862 3378 937 missa

762 987 1180 1086 hujusmodi
1231 988 1408 1061 nihil
1456 994 1810 1062 mutatum
1858 992 1992 1077 est,
2043 988 2172 1063 sed
2216 988 2462 1062 omnia
2504 1011 2709 1063 more
2753 988 2966 1063 solito
3008 989 3376 1081 observata,

764 1120 1068 1210 excepto
1109 1113 1305 1211 quod
1346 1117 1563 1210 Papa,
1606 1119 1906 1211 recepta
1947 1136 2075 1187 sua
2119 1114 2634 1189 communione
2685 1112 2817 1187 sub
2863 1114 3106 1211 specie
3147 1114 3376 1206 hostie,

760 1262 893 1337 per
942 1238 1537 1312 inadvertentiam
1590 1236 1790 1311 dedit
1841 1238 2432 1313 communionem
2489 1239 2796 1313 diacono
2851 1243 2924 1312 et
2977 1238 3380 1313 subdiacono

763 1363 1109 1437 ministris
1158 1364 1305 1438 suis
1358 1370 1431 1437 et
1478 1385 1627 1436 non
1675 1360 1873 1435 dedit
1927 1362 2032 1436 eis
2086 1363 2415 1437 osculum
2467 1362 2694 1461 pacis,
2749 1385 2888 1439 nec
2933 1362 3073 1461 ipsi
3125 1388 3380 1439 manum

762 1491 956 1585 Pape
993 1488 1393 1562 deosculati
1426 1495 1627 1577 sunt3
1664 1487 1926 1561 deinde
1959 1492 2152 1585 Papa
2182 1488 2490 1585 sumpsit
2519 1488 2977 1586 sanguinem,
3007 1490 3202 1586 quod
3223 1486 3380 1564 male

756 1612 972 1703 fecit3
1016 1620 1089 1687 et
1142 1636 1280 1711 ego
1335 1614 1529 1689 circa
1581 1614 2108 1688 ordinationem
2163 1614 2404 1688 talami
2465 1622 2888 1711 occnpatm,
2948 1638 3099 1690 non
3145 1613 3380 1689 adverti

756 1739 893 1813 nisi
944 1738 1127 1838 [post
1188 1738 1455 1814 factum
1516 1762 1645 1813 seu
1694 1739 1769 1811 in
1820 1738 2040 1831 sactO,
2099 1739 2290 1835 quod
2341 1740 2539 1813 nolui
2591 1746 2761 1814 tunc
2813 1739 3194 1838 impedire,
3245 1739 3382 1835 quia

758 1862 1019 1939 fuisset
1064 1864 1295 1960 magis
1346 1862 1883 1937 consideratum
1936 1872 2009 1938 et
2053 1864 2291 1962 majus
2341 1864 2762 1939 scandalum
2793 1890 2812 1955 ;
2847 1872 2923 1939 et
2975 1864 3111 1938 sub
3165 1864 3384 1962 thyara

754 1990 1043 2087 accepit
1072 2012 1335 2086 aquam
1365 1995 1531 2085 post
1568 1990 2161 2065 communionem
2203 1988 2294 2064 de
2333 1989 2668 2064 manibus
2710 1991 2904 2088 regis
2933 1994 3380 2077 Francorum

752 2120 825 2190 et
852 2136 997 2189 non
1032 2114 1167 2188 sub
1207 2112 1423 2188 mitra
1454 2114 1583 2189 sed
1624 2116 1758 2190 sub
1790 2116 2044 2191 eadem
2080 2115 2338 2215 thyara
2368 2117 2562 2191 venit
2589 2115 2683 2190 ad
2710 2116 2936 2191 altare
2973 2138 2990 2187 :
3027 2138 3194 2189 cum
3225 2113 3384 2209 Papa

748 2243 918 2313 ante
968 2238 1269 2311 missam
1319 2246 1745 2334 paramenta
1792 2239 2151 2336 reciperet
2192 2239 2282 2313 de
2325 2238 2569 2314 multis
2614 2262 2735 2312 me
2777 2238 3244 2336 interrogavit
3279 2260 3382 2310 rex

744 2356 925 2461 'quid
952 2362 1093 2435 hoc
1136 2370 1355 2451 esset,
1404 2361 1737 2436 similiter
1764 2370 1839 2437 et
1867 2363 2052 2437 infra
2085 2363 2409 2455 missam,
2455 2364 2544 2437 de
2585 2363 2910 2462 pluribus
2950 2389 2968 2437 τ
3007 2388 3145 2463 ego
3175 2362 3382 2437 decla-

746 2488 897 2564 ravi
929 2486 1213 2585 singula
1240 2485 1378 2559 sibi
1409 2486 1670 2561 melius
1699 2512 1846 2585 quo
1876 2488 2104 2587 potui,
2143 2496 2217 2565 et
2243 2494 2409 2587 post
2447 2490 2766 2588 singulas
2797 2491 3300 2588 responsiones
3323 2496 3378 2563 et

748 2612 1283 2688 declarationes
1313 2634 1543 2703 meaS,
1580 2636 1707 2687 rex
1738 2614 2108 2712 replicavit
2131 2638 2520 2711 pom-quoy
2545 2621 2579 2689 ?
2608 2618 2704 2712 (1)
2743 2622 2817 2691 et
2855 2614 3382 2713 quantumcum-

748 2761 887 2834 que
947 2761 1103 2812 rem
1165 2740 1360 2814 clare
1402 2738 1539 2812 sibi
1591 2740 1922 2836 exposui.
1976 2738 2460 2813 Nihilominus
2517 2762 2664 2811 non
2717 2741 3023 2815 cessavit
3081 2748 3376 2839 repetere

737 2888 1158 2961 pourquoy3
1200 2864 1293 2939 ad
1340 2888 1559 2960 quam
1601 2864 2149 2962 responsionem
2193 2887 2337 2939 non
2387 2865 2588 2963 potui
2619 2864 2754 2938 sibi
2801 2888 3093 2965 semper
3139 2864 3382 2939 satisfa-

734 2986 1055 3081 ‘cere(2).

845 3115 1103 3213 Finita,
1130 3116 1357 3191 missa
1400 3123 1474 3192 et
1515 3116 2022 3193 benedictione
2068 3116 2262 3205 data,
2311 3117 2530 3213 Papa,
2584 3122 2871 3214 sumpto
2919 3140 3174 3215 regno,
3215 3115 3376 3190 venit

746 3244 879 3317 sub
919 3243 1349 3317 baldachino
1388 3243 1481 3317 ad
1516 3266 1772 3317 navem
1796 3240 2157 3318 Vei-onice
2198 3240 2319 3314 ubi
2353 3247 2648 3315 ostensa
2684 3242 2978 3317 fuerunt
3017 3243 3266 3319 lancea
3287 3240 3375 3313 bis

748 3371 817 3442 et
848 3373 960 3441 ter
996 3367 1229 3442 vultus
1261 3368 1579 3441 Domini.
1615 3371 1767 3441 Rex
1796 3365 1932 3441 fuit
1971 3367 2396 3465 genuflexus
2434 3368 2526 3441 ad
2565 3367 2927 3442 sinistram
2959 3374 3152 3467 Pape
3189 3390 3378 3465 super

750 3491 1011 3567 eodem
1042 3492 1362 3566 scabello
1406 3498 1475 3566 et
1519 3492 1779 3567 eodem
1817 3491 2214 3567 faldistorio
2251 3516 2417 3566 cum
2453 3495 2672 3590 Papa,
2703 3493 2863 3590 ipso
2893 3498 3090 3592 Papa
3117 3518 3276 3569 eum
3301 3490 3374 3565 ad

747 3615 891 3689 hoc
960 3615 1287 3691 trahente
1355 3622 1429 3690 et
1482 3616 1586 3691 sic
1632 3616 1944 3690 volente.
2006 3616 2178 3691 lude
2231 3619 2632 3693 ascendens
2687 3617 2782 3693 ad
2828 3618 3072 3693 locum
3117 3616 3370 3717 publice

748 3742 1281 3818 benedictionis
1334 3764 1554 3839 super
1600 3741 1797 3815 scala
1827 3764 1886 3813 s.
1924 3740 2144 3831 Petri,
2175 3742 2296 3817 ubi
2337 3746 2534 3841 Papa
2579 3743 3001 3818 solemniter
3041 3740 3376 3818 benedixit

734 3876 821 3945 ·et
890 3866 1252 3965 plenarias
1319 3864 1805 3963 indulgentias
1874 3868 2261 3959 concessit,
2318 3892 2496 3966 quas
2565 3868 2957 3966 publicavit
3027 3864 3372 3943 cardinalis
3415 3846 3428 3861 ’

748 4020 808 4069 s.
874 3994 1169 4091 Georgii
1234 3991 1491 4083 latine,
1546 3991 1930 4065 cardinalis
1999 3992 2377 4066 Cesarinus
2440 3992 2832 4091 vulgariter
2895 4000 2970 4068 et
3026 3988 3373 4069 cardinalis

747 4146 807 4195 S.
846 4118 1170 4195 Severini
1210 4117 1284 4191 in
1320 4117 1607 4214 gallico.
1645 4115 1881 4191 Rediit
1916 4116 2085 4192 inde
2116 4118 2208 4191 ad
2247 4140 2570 4193 cameras
2611 4142 2776 4192 suas
2821 4118 2953 4191 sub
2996 4140 3217 4216 regno
3243 4116 3371 4189 sine

748 4243 1213 4332 baldachino,
1252 4241 1738 4317 cardinalibus
1793 4242 1867 4315 in
1916 4242 2182 4340 palatio
2237 4244 2432 4317 circa
2471 4250 2820 4341 puteum:
2877 4266 3004 4317 rex
3035 4238 3376 4317 associavit

750 4373 1017 4468 Papam
1070 4393 1300 4466 usque
1356 4367 1450 4442 ad
1511 4390 1877 4441 cameram
1936 4373 2288 4443 secretam
2349 4370 2538 4443 ultra
2591 4390 2958 4443 cameram
3008 4362 3368 4467 papagalliz

750 4500 944 4593 Papa
980 4495 1054 4568 in
1094 4492 1415 4569 secunda
1454 4492 1618 4566 aula
1659 4491 2035 4568 descendit
2075 4493 2164 4568 de
2205 4492 2379 4568 sede
2421 4492 2654 4568 suain
2684 4515 2827 4589 qua
2855 4494 3282 4590 portabatur,
3311 4490 3372 4559 et

748 4619 841 4694 ad
867 4622 1090 4718 pedes
1122 4619 1243 4694 ivit
1277 4619 1371 4694 ad
1412 4640 1777 4693 cameram
1821 4636 2053 4708 suam,
2088 4616 2380 4692 sinistra
2421 4642 2670 4717 regem
2715 4618 3282 4715 apprehendenS,
3311 4617 3371 4683 et

748 4746 1093 4821 continuo
1138 4745 1229 4819 ad
1270 4744 1459 4818 latus
1498 4767 1709 4819 suum
1740 4744 2000 4818 ductus
2028 4767 2043 4833 ;
2073 4768 2204 4842 per
2233 4768 2451 4842 quam
2502 4746 2688 4819 viam
2737 4750 2982 4819 autem
3028 4744 3141 4819 vel
3179 4766 3216 4817 a
3249 4756 3369 4835 quo

820 4942 873 4999 1.
913 4938 1061 4995 Tous
1098 4938 1181 4995 les
1220 4956 1337 4996 mss
1380 4940 1625 4998 donnent.
1654 4958 1762 5013 per
1798 4957 1920 5013 que,
1960 4938 2102 4995 ainsi
2142 4940 2310 5013 qu’on
2342 4942 2666 5014 prononcait
2702 4940 2849 4999 alors
2889 4939 2939 4997 le
2977 4946 3092 4998 mot
3127 4932 3374 5013 pourqnot‘

686 5088 695 5095 ,
748 5028 1017 5105 (perque).
1052 5026 1182 5084 Seul
1221 5027 1271 5084 le
1308 5046 1443 5087 mss,
1484 5031 1703 5099 5522.2,
1744 5030 1783 5089 f.
1822 5030 1912 5099 34,
1944 5033 2105 5103 apres
2144 5029 2294 5088 avoir
2323 5030 2502 5087 donne
2531 5049 2636 5105 per
2663 5048 2785 5105 que,
2819 5032 3002 5088 donne
3043 5030 3184 5087 deux
3219 5026 3372 5100 lignes

744 5123 905 5195 apres
926 5132 1241 5189 pour-quoy.

808 5211 865 5267 2.
906 5206 983 5265 Ce
1018 5224 1211 5282 parag.
1256 5222 1493 5281 manque
1532 5206 1672 5264 dans
1718 5206 1769 5265 le
1812 5210 1976 5267 5160.
2018 5209 2093 5267 Ce
2131 5226 2267 5267 mss‚
2310 5214 2396 5265 est.
2441 5208 2717 5267 d’ailleurs
2757 5210 2948 5285 templi
2995 5211 3064 5267 de
3109 5206 3314 5266 lacunes
3343 5202 3370 5255 ἃ

741 5296 914 5373 partit
940 5296 1009 5353 de
1038 5295 1251 5353 l'annee
1282 5294 1422 5353 1495
1452 5300 1507 5352 et.
1536 5301 1623 5354 est
1650 5296 2022 5373 fort-abrege3
2053 5302 2228 5355 meme
2259 5314 2542 5373 remarque
2569 5318 2712 5375 pour
2737 5299 2788 5357 le
2815 5300 2980 5357 9725.
