3625 6059
224 580 333 642 [Mai
363 579 493 640 1494]
866 575 1116 634 RERUM
1164 575 1615 634 URBANARUM
1662 574 2191 638 COMMENTARII.
2764 589 2859 646 171

224 733 398 829 quod
432 737 737 828 quatuor
774 732 1170 806 miliaribus
1214 733 1425 806 distat
1474 756 1519 805 a
1572 735 1898 831 Neapoli,
1955 736 2076 808 ubi
2126 739 2588 836 quamplures
2631 746 2861 816 testu-

224 858 407 931 dines
462 880 678 955 super
738 865 1007 931 terram
1068 866 1235 932 sunt
1287 866 1726 950 constructe,
1797 859 1932 932 sub
1988 860 2249 957 quibus
2313 887 2402 936 ex
2461 871 2654 941 terra
2721 868 2867 942 exit

233 989 446 1055 tantus
483 982 707 1073 calor,
753 985 944 1081 quod
990 983 1065 1056 in
1094 985 1381 1058 modica
1410 1007 1618 1059 mora
1656 985 1754 1058 ibi
1800 986 2122 1060 existens
2162 992 2354 1061 totus
2397 988 2473 1062 in
2525 991 2866 1066 sudorem

222 1113 645 1203 provocatur.
708 1112 1081 1184 Vocantur
1119 1117 1506 1206 propterea
1548 1109 1805 1184 balnea
1853 1110 1974 1184 illa
2023 1111 2414 1202 sudatoria,
2473 1137 2516 1187 a
2569 1114 2866 1190 diversis

222 1231 731 1308 infirmitatibus
762 1234 1097 1309 homines
1139 1235 1491 1308 curantia.
1532 1238 1653 1309 Est
1692 1235 1972 1311 interea
2011 1236 2216 1310 locus
2268 1263 2452 1312 unus
2499 1239 2593 1313 ad
2649 1263 2866 1336 quem

222 1358 635 1454 quicumque
688 1359 908 1434 intrat
958 1360 1295 1434 adstatim
1345 1361 1674 1450 moritur,
1728 1362 1867 1435 nisi
1917 1363 2074 1437 sine
2128 1385 2332 1437 mora
2381 1365 2470 1441 ad
2521 1365 2868 1439 balneum

223 1482 463 1556 ibidem
510 1485 834 1558 existens
887 1486 1335 1583 projiciatur,
1390 1510 1522 1584 per
1570 1485 1761 1582 quod
1814 1509 1859 1560 a
1912 1492 2146 1561 morte
2203 1488 2624 1585 hujusmodi
2678 1491 2862 1564 libe-⁵

225 1617 419 1684 ratur.
491 1585 670 1694 Inde
734 1610 827 1684 ad
888 1634 1113 1684 unum
1182 1610 1458 1684 miliare
1527 1617 1637 1685 est
1698 1615 2035 1702 Lumem,
2105 1611 2309 1685 locus
2384 1613 2506 1686 ubi
2573 1613 2861 1689 alumen

223 1735 600 1827 conficitur,
644 1735 1145 1832 decoquuntur
1175 1736 1480 1833 lapidea,
1526 1760 1615 1811 ex
1654 1743 1902 1811 monte
1933 1737 2030 1810 ibi
2069 1761 2293 1834 prope
2334 1739 2569 1835 posito
2603 1741 2855 1832 excisi,

222 1861 325 1956 qui
352 1860 611 1935 deinde
647 1862 971 1936 ordinate
1012 1866 1495 1958 exponuntur,
1542 1868 1614 1936 et
1644 1885 1830 1959 aqua
1869 1863 2110 1960 sepius
2156 1862 2570 1955 abluuntur,
2606 1872 2762 1939 tum
2793 1867 2864 1938 in

222 1983 497 2080 platellis
550 1986 840 2083 magnis
900 1987 1138 2060 medio
1191 1986 1505 2060 fornacis
1560 1989 1984 2085 compositis
2035 1988 2108 2060 in
2167 1989 2307 2062 alia
2359 2011 2553 2090 aqua
2605 1991 2866 2065 iterum

224 2109 740 2206 decoquuntur3
800 2111 1275 2187 extrahuntur
1328 2112 1525 2203 inde,
1585 2121 1655 2187 et
1714 2114 1789 2186 in
1844 2114 2063 2188 buttis
2114 2113 2352 2188 moliis
2408 2115 2556 2191 sive
2615 2116 2867 2189 turatis

224 2244 653 2331 reponuntur
702 2263 717 2307 :
770 2233 846 2307 in
898 2236 1159 2332 quibus
1196 2259 1285 2310 ex
1333 2259 1409 2310 se
1461 2237 1533 2310 in
1582 2237 1874 2310 alumen
1921 2245 2436 2314 convertuntur
2489 2268 2505 2313 ε
2558 2240 2732 2315 hinc
2779 2239 2870 2316 ad

226 2359 469 2435 miliare
502 2369 573 2434 et
620 2358 974 2448 medium,
1025 2359 1165 2433 hoc
1212 2373 1323 2434 est
1366 2361 1457 2456 ab
1500 2361 1639 2435 alia
1681 2361 2094 2459 partedicti
2124 2361 2390 2436 montis
2435 2369 2548 2436 est
2577 2363 2870 2461 sulpha-

226 2488 561 2578 latorium,
602 2484 733 2559 ubi
760 2484 1066 2582 sulphur
1093 2485 1476 2560 conficitur
1509 2512 1525 2560 :
1563 2493 1673 2560 est
1700 2487 1906 2562 locus
1933 2487 2220 2584 planus»,
2255 2487 2460 2584 quasi
2491 2487 2867 2578 rotundae,

227 2610 509 2684 medium
568 2609 862 2684 miliare
918 2633 1053 2707 per
1110 2611 1495 2685 circuitum
1531 2611 1954 2686 interiorem
2012 2612 2419 2702 continenS,
2479 2614 2592 2689 vel
2648 2615 2866 2703 circa,

227 2735 557 2810 montibus
602 2735 914 2808 omnino
962 2736 1476 2829 circumdatuS,
1525 2737 1815 2812 modico
1863 2739 2095 2835 spatio
2128 2737 2447 2836 dempto,
2485 2738 2576 2812 ad
2608 2742 2874 2814 Puteo-

228 2857 443 2933 lanum
497 2861 783 2935 exitum
841 2861 1185 2957 prebenS,
1247 2863 1527 2938 habens
1588 2863 1765 2936 duas
1821 2863 2136 2960 piscinas
2189 2863 2282 2938 ad
2335 2863 2644 2938 invicem
2702 2864 2874 2939 satis

231 2983 543 3060 distantes
573 2986 929 3059 continuo
954 2993 1025 3061 et
1057 2987 1743 3063 immoderatissime
1767 2988 2176 3080 bullienteS,
2205 2994 2278 3062 et
2297 3011 2519 3062 unum
2543 2988 2870 3062 foramen

232 3131 303 3181 ex
328 3133 459 3206 quo
480 3111 836 3185 continuo
858 3110 1221 3186 horribilis
1244 3113 1279 3186 f
1281 3137 1491 3186 umus
1516 3114 1701 3210 iguis
1730 3114 1876 3187 exit
1899 3114 2056 3188 sine
2079 3115 2397 3206 flamma,
2422 3114 2774 3211 impetum
2805 3121 2878 3189 et

230 3236 579 3331 strepitum
612 3259 967 3333 magnum
1005 3237 1305 3312 faciens,
1346 3237 1701 3335 Quicquid
1732 3239 2002 3312 ibidem
2035 3238 2344 3329 videtur,
2380 3247 2453 3314 et
2484 3246 2772 3313 montes
2803 3246 2878 3313 et

234 3366 417 3452 terra,
465 3369 707 3436 totum
752 3361 1221 3460 sulphureum
1270 3385 1431 3438 esse
1478 3368 1800 3461 apparet,
1849 3369 2104 3460 estque
2149 3385 2282 3460 pro
2327 3387 2592 3460 magna
2631 3371 2869 3463 parte;

231 3486 317 3558 sic
358 3486 545 3562 idem
594 3511 813 3562 mons
856 3487 947 3561 ab
998 3511 1148 3562 una
1190 3496 1397 3586 parte
1451 3488 1557 3561 sui
1614 3488 1932 3578 alumen,
1991 3490 2126 3563 sub
2173 3489 2314 3562 alia
2358 3513 2526 3564 vero
2577 3489 2876 3587 sulphur

230 3611 579 3687 ministrat.
617 3613 830 3688 Illinc
862 3613 955 3687 ad
982 3614 1485 3705 Puteolanum,
1516 3614 1713 3710 quod
1739 3613 2066 3688 Pozzuoli
2093 3621 2375 3706 vocant,
2407 3623 2576 3689 suut
2600 3615 2874 3690 miliare

232 3761 423 3813 unum
466 3765 637 3816 cum
686 3742 1009 3832 dimidio,
1062 3742 1192 3816 sed
1234 3742 1326 3816 ad
1368 3766 1589 3816 unum
1626 3742 1909 3817 miliare
1957 3746 2067 3814 est
2110 3741 2473 3815 edificium
2513 3740 2877 3838 quoddam

234 3867 768 3942 vetustissimum
794 3867 1216 3957 rotundum,
1252 3868 1341 3942 ad
1374 3869 1599 3943 instar
1628 3866 1888 3943 Colisei
1920 3867 2229 3957 romani,
2265 3867 2542 3972 Tralli-o·
2564 3868 2666 3965 (1)
2694 3891 2879 3940 nun-

234 3999 567 4087 cupatum,
605 3992 747 4067 sub
777 3995 984 4090 cujus
1018 3994 1497 4068 testudinibus
1530 3993 2020 4068 subterraneis
2052 4000 2342 4066 centum
2375 4013 2599 4088 equos
2633 3991 2735 4081 (2)
2766 3989 2876 4062 vel

294 4287 334 4342 1.
374 4310 399 4336 «
426 4284 769 4344 Testimonio
806 4283 949 4340 delle
988 4284 1207 4343 lascivia
1242 4286 1297 4342 di
1335 4286 1435 4342 Bia
1470 4291 1500 4343 ὲ
1539 4285 1763 4343 rimasto
1805 4285 1860 4340 in
1903 4284 2053 4358 piedi
2095 4283 2146 4338 in
2178 4299 2316 4355 gran
2354 4282 2536 4356 quella
2573 4281 2878 4340 bellissima

235 4373 349 4429 mole
376 4377 473 4432 che
510 4375 545 4430 ’l
574 4374 745 4446 volgo
792 4374 1005 4430 chiama
1040 4373 1283 4448 Truglio,
1313 4373 1350 4429 il
1395 4373 1554 4449 quale
1604 4377 1669 4429 ne
1706 4372 1910 4447 tempio
1950 4389 2100 4428 come
2149 4369 2299 4427 molti
2342 4369 2388 4426 si
2422 4372 2770 4445 persuadono
2805 4377 2876 4428 ne

238 4457 347 4518 altra
361 4463 558 4520 fabrica
581 4465 645 4520 su
681 4464 782 4520 che
812 4464 1005 4537 Bagno
1044 4481 1073 4520 e
1102 4464 1217 4520 cosi
1253 4463 1518 4520 dimostra
1554 4461 1779 4518 l’ordine
1809 4461 1862 4516 di
1895 4460 2249 4518 architettura
2275 4478 2378 4517 con
2408 4460 2534 4534 quei
2572 4461 2872 4517 fenestroni

238 4567 313 4621 per
338 4553 367 4606 li
394 4553 535 4626 quali
565 4569 723 4609 come
756 4551 931 4608 scrive
963 4552 1191 4608 Sidonio
1222 4551 1555 4624 Apollinare,
1587 4569 1688 4607 cou
1728 4550 1775 4605 le
1812 4549 2026 4607 vitriate
2065 4549 2349 4605 riceveano
2386 4548 2424 4604 il
2465 4547 2612 4618 Sole,
2642 4565 2744 4605 ove
2782 4550 2870 4622 poi

240 4639 465 4697 uscivano
502 4641 559 4697 in
598 4640 783 4716 quelle
819 4640 1005 4714 loggie
1045 4659 1074 4697 a
1114 4641 1385 4710 ricrearsi,
1416 4659 1445 4697 e
1475 4641 1566 4715 piu
1598 4640 1965 4696 chiaramonte
1993 4637 2031 4692 il
2061 4638 2436 4695 dimonstrano
2465 4637 2610 4694 nella
2636 4643 2790 4711 parte
2819 4639 2875 4696 di

239 4727 399 4786 ‹lenti-0
427 4731 549 4804 quei
589 4730 787 4804 piccoli
824 4731 1038 4798 forami,
1070 4731 1172 4787 che
1211 4748 1311 4787 suo
1354 4730 1569 4787 intorno
1600 4730 1707 4786 alla
1742 4747 1916 4798 mura,
1948 4729 2090 4784 onde
2120 4727 2406 4784 riceveano
2444 4725 2480 4799 il
2519 4726 2694 4784 calore
2731 4725 2879 4784 nella

242 4823 399 4874 stanza
436 4837 536 4876 ove
578 4821 628 4876 si
672 4821 997 4898 bagnavano
1036 4821 1171 4877 oltre
1211 4836 1244 4875 a
1280 4821 1406 4894 quei
1444 4819 1597 4876 tuloli
1637 4821 1737 4875 che
1776 4835 1913 4874 sono
1959 4817 2015 4873 di
2053 4817 2192 4873 fuori
2229 4835 2328 4891 per
2363 4817 2400 4872 li
2437 4815 2584 4889 quali
2614 4816 2704 4872 dal
2739 4824 2876 4875 tetto

241 4904 489 4967 riceveano
520 4909 734 4982 l'aeque
774 4909 1004 4983 piovane
1033 4929 1131 4985 per
1167 4909 1341 4984 empir
1368 4910 1416 4966 le
1454 4909 1691 4965 cisterne
1719 4907 1858 4964 delle
1889 4906 2037 4980 quali
2065 4906 2334 4981 appaiono
2364 4924 2500 4964 anco
2528 4906 2755 4981 vestigi,
2783 4907 2878 4981 gia

240 4993 323 5049 che
346 4997 391 5052 si
418 5015 745 5056 recreavano
774 4999 867 5072 poi
896 5017 997 5056 con
1026 4999 1063 5054 li
1092 4999 1259 5073 bagni
1292 4999 1461 5055 t'reddi
1582 5022 1609 5048 ν»
1642 4997 1928 5072 CapacciO,
1961 4998 2036 5052 La
2065 5013 2190 5053 vera
2217 4999 2486 5054 antichisti
2505 4998 2568 5053 di
2596 4997 2874 5055 Pozzuozo.

246 5081 291 5136 ln
317 5085 516 5161 Napoli,
549 5089 715 5158 1607,
747 5088 917 5158 in-80,
947 5091 1105 5164 chap.
1140 5090 1339 5160 XXIII,
1372 5106 1427 5163 p.
1464 5089 1584 5146 195.
2753 5143 2760 5150 .

298 5175 343 5230 2.
382 5176 453 5232 La
489 5176 644 5247 leoon
684 5179 783 5234 (les
818 5195 953 5236 mss„
992 5185 1078 5235 est
1121 5179 1543 5253 inintelligiblo;
1584 5197 1655 5234 on
1692 5178 1753 5234 lit
1790 5195 1856 5232 en
1889 5179 2018 5234 effet
2049 5196 2061 5233 :
2095 5178 2364 5235 «tertium
2393 5195 2566 5252 equos
2597 5200 2626 5230 ι»
2661 5176 2867 5249 (Chigi,

244 5259 329 5315 33⁴
356 5274 427 5336 νο,
446 5266 679 5336 55223.
704 5269 920 5338 13735),
945 5291 971 5319 (ι
995 5269 1157 5324 trium
1184 5292 1213 5318 »
1238 5269 1586 5338 (149,5160).
1615 5269 1693 5322 De
1710 5266 2048 5342 Brequigny,
2071 5268 2164 5340 qui
2185 5268 2434 5324 atraduit.
2461 5285 2523 5325 ce
2549 5281 2813 5339 passage,
2835 5283 2868 5321 a
