3625 6059
616 605 691 661 82
1524 593 1878 651 JOHANNIS
1927 591 2374 661 BURCHARDI,
2965 592 3108 655 [suin
3151 594 3310 655 1493]

623 754 869 828 omnia
894 751 1203 849 qualiter
1232 748 1495 823 fuerint
1522 746 1862 845 expedita
1878 745 2276 820 videamus.
2307 747 2394 817 Et
2417 741 2681 840 primo,
2715 742 2807 817 de
2836 766 3017 839 pace
3047 769 3296 841 pauca

622 879 737 953 vel
762 877 961 954 nulla
989 900 1157 975 spes
1186 881 1322 967 est,
1354 880 1433 948 ut
1456 873 1665 971 signa
1690 871 2195 949 demonstrant
2221 894 2240 960 ;
2279 892 2446 943 nam
2474 891 2608 966 per
2634 890 2906 965 paucos
2939 868 3096 943 dies
3126 879 3314 968 post

627 1009 713 1080 D.
740 1003 1151 1079 Alexander
1186 1000 1278 1076 de
1314 1000 1641 1089 Pisauro,
1689 1020 1916 1095 gener
1957 994 2397 1071 sanctissimi
2443 997 2530 1068 D.
2577 996 2666 1068 N.
2712 1018 2926 1092 pape,
2971 1020 3138 1069 cum
3167 1021 3313 1073 sex

637 1128 967 1227 squadris
1024 1126 1335 1201 militum
1390 1131 1831 1200 armatorum
1887 1120 2612 1210 demonstrationem,
2676 1126 2750 1195 et
2791 1144 2941 1195 non
2987 1122 3313 1197 multum

558 1341 565 1347 ,
619 1261 784 1353 post
810 1258 1199 1328 Fracassus
1240 1250 1331 1325 de
1374 1255 1623 1325 sancto
1669 1248 2017 1349 Seyerino
2057 1272 2224 1322 cum
2263 1247 2600 1345 gentibus
2643 1247 2818 1339 suis,
2863 1272 3002 1323 nec
3033 1271 3178 1322 non
3221 1253 3314 1321 et

623 1377 961 1453 Nicolaus
1000 1400 1249 1452 comes
1292 1375 1630 1465 Pitiliani‚
1672 1375 2034 1450 Macrinus
2077 1372 2433 1465 SabelluS‚
2475 1374 2818 1449 Nicolaus
2861 1373 2952 1449 de
2997 1377 3314 1449 Sermo-

622 1509 795 1580 neta
834 1512 910 1577 et
944 1502 1172 1577 Julius
1212 1500 1514 1577 Ursinus
1550 1524 1717 1575 cum
1756 1501 2095 1599 gentibus
2133 1508 2579 1575 armatorum
2625 1522 2881 1575 eorum
2921 1524 2998 1575 se
3033 1501 3314 1596 junxe-

626 1635 817 1720 runt,
861 1628 961 1703 ita
1010 1634 1089 1703 ut
1128 1627 1203 1701 in
1262 1632 1490 1702 totum
1538 1650 1770 1723 usque
1819 1650 2012 1701 nunc
2057 1625 2198 1700 sint
2241 1625 2436 1699 circa
2463 1649 2559 1701 xl.
2597 1624 2934 1721 squadre.
2983 1628 3068 1698 Et
3112 1623 3316 1697 ultra

622 1752 807 1827 alios
837 1752 1021 1828 alius
1046 1776 1395 1827 numerus
1419 1751 1972 1850 J‘anizzerorum,
1999 1750 2534 1827 balistariorum
2555 1756 2630 1824 et
2655 1774 3008 1848 equorum
3035 1748 3312 1825 levium

624 1876 751 1973 (sic
782 1877 1169 1976 vulgariter
1196 1876 1733 1976 nuncupantur)
1764 1884 1838 1952 et
1867 1877 2142 1953 circum
2181 1874 2376 1949 circa
2414 1876 2683 1950 Urbem
2723 1876 2992 1951 damna
3029 1874 3316 1951 faciunt

622 1999 933 2079 infinita.

718 2130 975 2204 Fertur
1008 2127 1232 2205 etiam
1275 2129 1468 2228 apud
1510 2128 1783 2203 Ostiam
1834 2152 2002 2202 cum
2053 2126 2419 2203 cardinale
2463 2127 2692 2202 sancti
2739 2128 2932 2204 Petri
2973 2129 3064 2204 ad
3116 2128 3312 2206 Vin-

626 2252 790 2327 cula
846 2278 1011 2330 esse
1056 2258 1143 2329 D.
1191 2254 1654 2343 Federicum,
1709 2252 1941 2327 filium
1989 2252 2182 2350 regis
2223 2252 2688 2341 Ferdinandi,
2741 2277 2909 2327 cum
2957 2253 3307 2330 undecim

622 2377 913 2475 galeris,
963 2383 1052 2454 D.
1105 2379 1513 2479 Virginium
1571 2378 1937 2469 Ursinum,
2005 2382 2091 2453 D.
2157 2382 2596 2477 Prosperum
2651 2386 2724 2454 et
2766 2378 3160 2454 Fabritium
3205 2380 3309 2455 de

622 2502 976 2579 Columna
1004 2527 1171 2577 cum
1212 2504 1570 2602 aliquibus
1614 2504 1940 2579 armatis.
1998 2500 2186 2591 Quid
2235 2504 2424 2580 inter
2467 2526 2548 2579 se
2583 2509 2921 2594 tractent,
2977 2505 3306 2603 quotidie

624 2628 840 2703 simul
888 2628 1429 2719 ratiocinanteS,
1488 2630 1850 2721 nescitur3
1893 2635 2193 2729 propter
2238 2630 2438 2729 quod
2483 2655 2632 2707 non
2672 2631 2829 2707 sine
2879 2630 3158 2705 ratione
3203 2630 3306 2706 de

622 2753 865 2828 futuro
900 2752 1089 2829 bello
1122 2754 1441 2831 timetur.

719 2883 827 2956 De
854 2879 1091 2978 prima
1125 2888 1361 2979 parte,
1404 2882 1721 2956 marrani
1766 2887 2124 2956 steterunt
2167 2882 2238 2954 in
2287 2880 2605 2955 maxima
2640 2882 3039 2979 quantitate
3086 2891 3306 2958 extra

620 3006 913 3082 Portam
943 3005 1251 3106 Appiam
1284 3006 1481 3106 apud
1508 3011 1737 3107 Caput
1782 3009 2019 3101 BoviS,
2065 3007 2160 3081 ibi
2191 3007 2504 3083 tentoria
2531 3006 2947 3100 tendentes,
2980 3009 3307 3084 intrave-

623 3141 932 3231 runtque
962 3133 1037 3207 in
1084 3136 1353 3209 Urbem
1392 3139 1680 3209 secreto
1710 3134 1958 3225 modo,
1995 3156 2086 3209 eo
2115 3134 2313 3231 quod
2355 3134 2448 3208 ad
2491 3134 2894 3210 custodiam
2923 3143 3308 3232 portarum

622 3259 945 3355 deputati
980 3266 1148 3332 sunt
1177 3259 1477 3357 Hispani
1508 3260 1877 3358 armigeri,
1915 3267 2012 3352 et,
2049 3267 2126 3336 ut
2157 3258 2497 3351 creditur,
2532 3263 2756 3337 etiam
2787 3263 2877 3337 de
2909 3263 3080 3353 illis,
3111 3262 3304 3338 adeo

636 3391 715 3457 ut
754 3381 1235 3458 incontinenti
1280 3382 1506 3481 pestis
1543 3382 1888 3461 invaserit
1925 3385 2222 3476 Urbem,
2266 3383 2680 3482 mortuique
2731 3385 2875 3459 sint
2913 3388 3304 3485 quamplu-

622 3504 787 3578 rimi
813 3528 906 3580 ex
932 3511 1139 3603 peste
1172 3512 1246 3579 et
1279 3505 1712 3603 contagione
1758 3506 2118 3583 dictorum
2157 3528 2691 3599 marranorum,
2737 3507 2827 3582 de
2855 3509 3114 3605 quibus
3147 3516 3307 3584 tota

623 3632 807 3705 Urbs
847 3631 1150 3732 impleta
1188 3638 1325 3723 est,
1376 3640 1475 3727 et,
1522 3643 1601 3712 ut
1640 3634 1862 3710 videri
1901 3642 2168 3735 potest,
2214 3658 2363 3709 non
2403 3634 2560 3708 sine
2603 3633 2973 3710 voluntate
3009 3642 3086 3709 et
3121 3658 3300 3734 per-

617 3759 846 3833 missu
887 3764 1105 3858 Pape.

720 3885 851 3961 Die
917 3884 1315 3984 penultima
1368 3886 1583 3984 junii,
1626 3888 1996 3987 Virginius
2047 3887 2346 3963 Ursinus
2395 3888 2518 3985 qui
2571 3896 2728 3963 erat
2771 3888 2964 3987 apud
3001 3886 3281 3963 Ostiam

618 4030 787 4085 cum
836 4008 1200 4085 cardinale
1252 4017 1325 4086 et
1382 4010 1678 4109 reliquis
1722 4012 2063 4106 dominiS,
2114 4013 2420 4088 recessit
2477 4021 2549 4090 et
2606 4013 2729 4088 ivit
2779 4015 3286 4103 Braecianum,

618 4160 1012 4234 secumque
1056 4137 1257 4212 duxit
1310 4136 1613 4235 ligatum
1661 4140 2050 4235 quemdam
2107 4139 2503 4214 Antonium
2557 4139 2765 4215 Conti
2809 4144 3283 4215 Januensem.

618 4259 754 4335 Hic
784 4263 872 4334 D.
906 4262 1259 4338 Antonius
1292 4269 1450 4338 erat
1476 4263 1699 4340 homo
1726 4290 1989 4364 magne
2017 4264 2461 4341 auctoritatis
2486 4266 2679 4364 apud
2703 4265 2976 4339 dictum
3008 4269 3096 4340 D.
3129 4290 3294 4341 car-

618 4384 964 4479 dinalem,
998 4387 1183 4463 adeo
1230 4388 1427 4487 quod
1466 4389 1765 4467 dederat
1804 4392 1872 4465 ei
1913 4392 2004 4466 ad
2041 4391 2623 4467 fructificandum
2655 4393 3044 4489 quamdam
3075 4391 3295 4467 ahba-

616 4512 791 4588 tiam
834 4512 924 4589 de
970 4513 1117 4589 suis
1171 4521 1245 4590 et
1292 4538 1581 4615 semper
1629 4516 1704 4590 in
1746 4524 1995 4594 mente
2054 4517 2346 4593 tenebat
2396 4518 2714 4616 primum
2761 4518 3006 4593 locum
3058 4542 3288 4617 prope

616 4638 1081 4732 cardinalem,
1119 4649 1192 4716 et
1222 4642 1530 4718 multum
1560 4643 1978 4720 confidebat
2007 4644 2096 4719 de
2119 4667 2234 4720 ec.
2261 4648 2468 4721 Nunc
2489 4652 2731 4720 autem
2763 4643 3030 4718 dicitur
3059 4643 3286 4742 quod,

614 4762 730 4838 die
785 4763 1148 4841 dominica
1198 4770 1556 4865 sequenti,
1611 4770 1700 4847 de
1758 4792 1999 4862 mane,
2051 4770 2224 4846 fecit
2271 4794 2438 4847 eum
2484 4769 2828 4869 suspendi
2877 4776 2952 4845 et
2997 4775 3163 4868 post
3213 4768 3291 4843 in

609 4929 760 4989 tonio
798 4929 1210 5006 d'AlessandrO,
1245 4953 1345 4993 son
1379 4938 1775 4997 ambassadeur
1814 4958 1882 4998 en
1920 4939 2200 5016 Espagne.
2235 4963 2265 4994 «
2393 4939 2456 4997 El
2484 4956 2628 5013 papa
2663 4938 2720 4996 fa
2756 4938 2834 4996 tal
2871 4936 2987 4995 vita
3026 4936 3130 4993 che
3159 4954 3191 4993 e
3221 4936 3296 4993 da

609 5020 736 5079 tutti
774 5020 1089 5080 abominata
1126 5042 1289 5081 senza
1324 5036 1567 5101 respetto
1606 5031 1675 5087 de
1714 5031 1765 5087 la
1794 5032 1950 5090 sedia
1978 5032 2120 5089 dovc
2159 5037 2246 5088 sta
2282 5050 2351 5087 ne
2381 5048 2512 5087 cura
2547 5029 2689 5086 altro
2733 5030 2835 5085 che
2879 5028 2952 5084 ad
2993 5025 3204 5083 dericto
3235 5031 3297 5081 et

609 5128 832 5169 reverso
861 5111 971 5168 fare
1001 5111 1210 5186 grande
1251 5113 1286 5169 li
1318 5114 1511 5189 figlioli
1541 5126 1597 5176 et
1622 5128 1820 5194 questo
1850 5142 1880 5178 e
1911 5121 2028 5179 solo
2057 5122 2107 5177 el
2138 5140 2240 5179 suo
2279 5120 2554 5177 desiderio
2681 5120 2751 5177 Et
2787 5119 2842 5175 in
2873 5122 3013 5175 tutte
3051 5132 3183 5173 cose
3223 5133 3296 5173 va

606 5218 710 5258 con
737 5202 923 5260 fraude
952 5207 1008 5259 et
1036 5201 1406 5275 simulatione,
1433 5223 1587 5264 come
1614 5228 1646 5265 e
1684 5228 1787 5267 sua
1817 5219 2026 5282 natura,
2061 5217 2117 5268 et.
2143 5230 2242 5287 per
2269 5212 2381 5269 sare
2418 5209 2608 5267 denari
2645 5208 2820 5267 vende
2859 5225 3021 5266 omne
3059 5204 3292 5263 minimo

606 5292 787 5350 officio
816 5298 871 5351 et
897 5292 1233 5353 beneficia..
1267 5318 1297 5348 ι»
1328 5296 1645 5371 Trinchera,
1666 5301 1860 5359 Codice
1891 5303 2228 5377 Αναροηοεε,
2259 5309 2302 5360 t.
2335 5304 2406 5374 11,
2439 5320 2496 5377 p.
2531 5319 2590 5373 11,
2621 5320 2676 5375 p.
2713 5303 2802 5359 41.
