3625 6059
723 569 826 624 435
1440 615 1455 628 ,
1632 561 1980 618 JOHANNJS
2033 557 2478 628 eunomiam,
3047 562 3196 624 tum
3223 567 3358 625 149⁵}

722 742 889 792 cum
940 717 1212 812 aliquot
1254 716 1618 813 peditibus
1660 715 1854 790 bona
1891 713 2214 812 predicta
2249 711 2614 786 custodire
2653 711 3028 804 debenteS,
3079 715 3144 788 in
3187 718 3360 790 anti-

723 867 1017 917 camera
1056 842 1441 915 cardinalis
1478 841 1797 915 defuncti
1838 840 2049 913 furati
2097 847 2266 911 sunt
2304 862 2526 911 unum
2564 861 2887 934 pannum
2928 838 3017 912 de
3049 841 3268 914 rascia
3297 851 3362 916 et

724 969 906 1042 forte
964 967 1129 1040 alia.
1190 971 1339 1062 Ego
1394 973 1633 1039 autem
1690 989 1777 1038 ex
1837 964 2348 1038 commissione
2410 967 2842 1035 RRmorum.
2909 965 3362 1039 cardinalium

725 1090 1172 1188 Neapolitani
1207 1098 1277 1165 et
1312 1091 1843 1177 Ulixbonensis‚
1880 1098 2224 1184 tanquam
2255 1094 2724 1162 executorum
2769 1091 3202 1180 testamenti,
3235 1092 3364 1164 feri

726 1218 1057 1292 cedulam
1102 1216 1516 1289 cursoribus
1560 1238 1691 1311 pro
1732 1213 2184 1287 intimatione
2226 1236 2357 1311 pro
2397 1213 2648 1286 sunere
2693 1213 3022 1310 ejusdem
3061 1215 3364 1289 defuncti

724 1341 1140 1441 hujusmodi
1174 1342 1307 1414 sub
1337 1349 1586 1414 tenore
1627 1366 1642 1413 ε

830 1463 877 1536 «’
924 1471 1027 1540 Ex
1072 1473 1274 1564 parte
1319 1471 1729 1539 RRmorum
1772 1467 1923 1538 DD.
1970 1463 2441 1537 cardinalium
2482 1464 2931 1561 Neapolitani
2977 1470 3049 1539 et
3091 1464 3370 1538 L'lixbo-

724 1593 998 1681 nensiS‚
1034 1600 1501 1666 executorum
1530 1589 1942 1663 testamenti
1969 1588 2158 1662 bone
2185 1588 2537 1662 memorie
2565 1588 2952 1662 cardinalis
2973 1589 3366 1668 Januensis,

725 1719 1097 1792 intimetur
1136 1716 1434 1813 singulis
1464 1716 1750 1788 RRmis.
1792 1718 1940 1787 DD.
1979 1711 2461 1787 cardinalibus
2489 1721 2560 1786 et
2593 1714 2943 1810 magistro
2973 1713 3222 1786 domus
3249 1739 3372 1811 pa-

722 1844 873 1917 latii
922 1848 1141 1938 pape,
1201 1840 1603 1915 oratoribus
1656 1863 1911 1935 regum
1961 1847 2033 1911 et
2087 1838 2494 1935 principum
2544 1844 2615 1913 et
2671 1839 2831 1911 aliis
2888 1863 3088 1915 more
3137 1841 3366 1917 solito.

725 1967 917 2062 quod
950 1967 1064 2039 die
1098 1967 1407 2039 crastina
1441 1988 1581 2062 que
1614 1964 1747 2037 erit
1781 1969 1870 2036 23
1903 1963 2258 2059 presentis
2289 1961 2560 2036 mensis
2587 1965 2850 2053 martii,
2885 1964 3066 2039 hora
3098 1965 3372 2040 decima

727 2100 1006 2188 quarta,
1042 2091 1441 2189 portabitur
1467 2091 1682 2162 sunus
1723 2088 1893 2161 dicti
1934 2087 2317 2161 cardinalis
2357 2087 2447 2160 ad
2478 2086 2864 2162 ecclesiam
2895 2088 3370 2185 apostolorum

728 2214 1249 2312 sepeliendum.

833 2373 867 2408 »
928 2341 1305 2414 lntimetur
1360 2339 1575 2412 etiam
1640 2337 2113 2411 conventibus
2171 2337 2642 2434 infrascriptis
2701 2337 2897 2434 quod
2953 2336 3207 2412 eadem
3265 2338 3373 2410 die

728 2467 1068 2555 crastina,
1117 2473 1284 2538 ante
1326 2463 1585 2536 horam
1617 2463 2102 2553 undecimam,
2151 2462 2369 2536 velint
2409 2485 2567 2534 esse
2600 2461 2670 2532 in
2703 2460 2969 2557 palatio
2999 2461 3372 2536 duodecim

724 2591 1218 2689 apostolorum
1256 2589 1329 2660 in
1370 2589 1690 2684 predicta
1730 2589 1892 2661 aula
1939 2594 2009 2662 et
2048 2587 2315 2660 ibidem
2363 2586 2748 2660 decantare
2789 2585 3058 2681 vigilias
3101 2593 3174 2660 et
3223 2587 3379 2659 ofli-

722 2717 914 2789 cium
946 2714 1448 2790 defuuctorum
1481 2737 1683 2785 more
1716 2713 1926 2786 solito
1963 2735 1978 2784 :

1398 2853 1416 2936 f
1470 2837 1679 2912 beate
1710 2838 1930 2911 Marie
1964 2861 2182 2934 supra
2213 2838 2628 2925 Minervam,

784 3060 817 3094 «
874 3027 1353 3101 Conventibus
1398 2937 1423 3062 l
1472 2987 1531 3034 δ’
1567 2962 1974 3100 Augusti.ni'

1473 3111 1531 3159 S.
1568 3086 1914 3175 Marcelli,

1399 3065 1433 3302 ἰ
1473 3217 1619 3284 Ara
1647 3211 1824 3284 Celi.
1889 3241 1921 3276 »

830 3339 1041 3411 Feria
1071 3343 1297 3427 sexta,
1336 3337 1623 3441 addicti
1652 3336 1924 3408 mensis
1957 3335 2222 3427 martii,
2259 3337 2526 3433 portari
2553 3337 2860 3410 fecimus
2891 3361 3150 3436 corpus
3193 3337 3368 3412 bone

730 3463 1082 3536 memorie
1113 3461 1493 3535 cardinalis
1527 3485 1585 3533 s.
1622 3460 1797 3534 Sixti
1830 3461 1950 3556 qui
1985 3468 2313 3535 mortuus
2345 3462 2476 3536 fuit
2504 3464 2574 3534 in
2605 3463 3173 3539 habitationibus
3209 3489 3368 3560 quas

728 3594 973 3661 tenere
1007 3587 1283 3660 solebat
1313 3586 1446 3659 sub
1477 3585 1683 3659 Turri
1706 3586 1916 3682 juxta
1953 3585 2324 3660 basilicam
2357 3587 2737 3662 duodecim
2771 3590 3258 3686 apostolorum
3289 3587 3366 3660 ad

729 3712 1087 3785 sinistram
1134 3711 1466 3786 intrantis
1517 3736 1532 3784 :
1583 3710 1776 3806 quod
1819 3710 2006 3800 heri,
2057 3719 2220 3808 post
2265 3713 2567 3803 obitum,
2609 3713 2830 3787 lavari
2875 3715 3178 3788 fecimus
3227 3713 3368 3784 dili-

730 3843 986 3932 genter
1027 3861 1070 3908 a
1112 3836 1499 3932 capellanis
1545 3835 1690 3908 suis
1736 3841 1807 3908 et
1850 3835 2270 3931 quotidiano
2314 3837 2564 3912 habitu
2609 3839 2878 3928 vestiri,
2929 3846 3004 3913 et
3047 3838 3360 3934 desuper,

731 3960 1253 4052 ecclesiastico,
1304 3967 1376 4034 et
1417 3961 1623 4050 stola,
1674 3959 2068 4057 manipulo,
2115 3962 2482 4052 tunicella,
2526 3963 2936 4054 dalmatica,
2986 3964 3266 4061 planeta
3291 3983 3362 4044 ac

730 4086 1069 4160 sandaliis
1105 4087 1306 4159 novis
1340 4085 1428 4159 de
1464 4086 1709 4158 taffeta
1734 4085 2058 4159 violaceo
2088 4109 2255 4182 que,
2282 4095 2497 4160 nocte
2517 4089 2890 4184 preterita,
2916 4093 3049 4186 p'ro
3081 4111 3167 4161 eo
3197 4087 3364 4158 facta

728 4211 1011 4285 fuerant
1049 4235 1253 4286 more
1286 4211 1531 4301 solito;
1571 4219 1643 4284 et
1674 4235 1889 4308 super
1917 4211 2279 4309 planetam
2314 4214 2713 4311 predictam
2747 4213 2880 4285 sibi
2913 4211 3214 4285 fecimus
3241 4208 3366 4282 im-

729 4335 897 4431 poni
944 4337 1308 4432 planetam
1363 4360 1567 4408 suam
1617 4335 2137 4432 aurifrigiatam
2197 4337 2613 4430 violaceam,
2650 4336 2910 4433 quibus
2959 4337 3062 4409 uti
3109 4333 3362 4408 solebat

729 4483 897 4532 cum
927 4461 1016 4532 ad
1057 4461 1405 4558 capellam
1441 4464 1629 4558 Pape
1670 4461 2036 4550 veniebat3
2088 4463 2334 4559 sicque
2368 4471 2699 4559 paratum
2737 4468 2810 4537 et
2849 4461 3134 4534 mitram
3175 4477 3358 4530 suam

727 4582 966 4657 albam
1012 4586 1085 4657 in
1135 4585 1367 4682 capite
1411 4585 1835 4676 habentem,
1884 4594 2307 4683 coopertum
2355 4610 2488 4682 per
2534 4587 2900 4684 planetam
2951 4581 3247 4681 [exponi]
3297 4579 3358 4648 in

725 4710 916 4783 dicto
949 4710 1210 4806 palatio
1244 4711 1437 4807 quod
1472 4716 1720 4785 Rmus.
1763 4714 1850 4783 D.
1889 4711 2270 4785 cardinalis
2312 4711 2715 4785 inhabitare
2763 4709 3070 4798 solebat,
3105 4705 3213 4779 ubi
3241 4727 3359 4800 pa-

724 4847 924 4911 ratus
967 4838 1096 4910 fuit
1154 4861 1287 4932 pro
1343 4863 1430 4912 eo
1488 4838 1721 4912 lectus
1776 4837 2139 4926 eminenS,
2196 4861 2395 4910 more
2447 4837 2698 4924 solito;
2745 4844 2815 4909 et
2875 4834 3067 4908 circa
3109 4831 3354 4903 lectum

722 4961 1054 5036 catalecti
1086 4984 1218 5056 pro
1252 4963 1625 5035 intorticiis
1678 4969 1749 5036 et
1784 4964 1990 5060 juxta
2031 4985 2279 5035 muros
2313 4986 2443 5059 per
2487 4982 2740 5034 omnes
2788 4965 3099 5056 quatuor
3133 4959 3353 5050 partes

720 5084 881 5158 aule
924 5108 1217 5159 scamna
1260 5107 1393 5181 pro
1429 5085 1908 5160 cardinalibus
1946 5094 2015 5158 et
2057 5086 2199 5159 duo
2245 5112 2510 5185 magna
2540 5085 3001 5174 candelabra,
3035 5101 3238 5154 unum
3273 5073 3354 5148 ad

719 5215 957 5304 caput,
994 5209 1303 5282 alterum
1342 5208 1433 5280 ad
1475 5211 1700 5305 pedes
1730 5210 1900 5284 lecti
1931 5211 2167 5307 posita
2207 5213 2531 5304 fuerunt;
2578 5210 2988 5310 quindecim
3023 5201 3352 5278 intorticia
