3625 6059
224 552 538 615 [Decembre
569 552 710 612 1499]
883 549 1140 608 RERUM
1192 551 1648 611 URBANARUM
1695 552 2225 613 COMMENTARH.
2782 564 2891 618 589

227 705 624 778 instantem
673 727 946 778 annum
983 703 1240 802 jubilei
1285 704 1732 780 remissionis
1771 711 1845 779 et
1886 707 2123 804 gaudii
2170 715 2243 782 et
2282 709 2887 786 reconciliationis

227 828 527 902 humani
561 828 852 926 generis
877 836 1126 904 nostro
1157 829 1482 927 piissimo
1513 831 1983 929 Redemptori
2018 855 2179 907 esse
2211 856 2457 908 verum
2484 835 2685 910 illum
2718 861 2893 910 cen—

226 956 574 1030 tesimum
607 979 906 1045 annum,
941 955 1062 1051 qui
1088 955 1178 1030 ab
1209 956 1369 1053 ipsa
1394 957 1708 1055 primera
1738 957 2191 1033 ordinatione
2228 957 2463 1033 fuerat
2492 959 2887 1052 institutus,

226 1091 300 1156 et
339 1081 414 1154 in
448 1102 590 1177 quo
621 1102 876 1154 omnes
916 1079 1494 1178 quibuscumque
1533 1083 1754 1157 etiam
1785 1083 2225 1180 gravissimis
2256 1083 2537 1160 delictis
2568 1086 2889 1177 obnoxii,

227 1230 402 1280 vere
433 1205 838 1303 penitentes
870 1211 943 1280 et
973 1204 1318 1296 confessi,
1345 1205 1710 1282 visitantes
1730 1206 2111 1282 beatorum
2140 1209 2329 1281 Petri
2360 1213 2433 1283 et
2459 1208 2660 1283 Pauli
2690 1231 2899 1306 apos-

228 1331 546 1406 tolorum
587 1329 920 1404 basilicas
971 1337 1045 1405 et
1096 1333 1660 1404 Lateranensem
1706 1337 1780 1405 et
1831 1330 1903 1404 b.
1940 1331 2167 1429 Marie
2216 1331 2506 1428 Maioris
2561 1331 2649 1406 de
2705 1332 2898 1407 dicta

223 1455 422 1531 Urbe
455 1453 829 1543 ecclesiaS,
855 1454 1292 1552 illarumque
1318 1456 1600 1554 maj0ra
1624 1455 1879 1529 altaria
1900 1455 1973 1530 in
2000 1455 2259 1553 quibus
2282 1455 2616 1530 videlicet
2646 1461 2901 1532 Beato-

221 1605 390 1654 rum
433 1579 628 1654 Petri
667 1584 735 1653 et
785 1579 984 1652 Pauli
1027 1587 1102 1654 et
1141 1580 1636 1677 apostolorum
1677 1580 1992 1655 basilicis
2033 1603 2337 1678 corpora
2364 1579 2681 1678 gloriosa
2711 1588 2783 1657 et
2824 1582 2901 1655 in

222 1705 543 1810 ecclesia
575 1706 1038 1782 Lateranensi
1073 1706 1312 1803 capita
1339 1729 1594 1780 eorum
1629 1705 2001 1780 recondita
2034 1711 2575 1791 conservantur,
2607 1707 2701 1781 ob
2740 1732 2901 1805 pas-

222 1829 516 1904 sionem
557 1833 642 1902 D.
679 1833 765 1903 N.
801 1834 971 1906 Jesu
1007 1829 1270 1904 Christi
1312 1837 1384 1905 et
1414 1830 1842 1905 eorumdem
1876 1829 2398 1928 apostolorum,
2444 1829 2897 1929 aliorumque

221 1961 634 2053 martyrum
679 1960 755 2029 et
797 1961 1216 2030 sanctorum
1257 1957 1518 2030 merita
1545 1955 2039 2053 plenissimam
2068 1954 2395 2029 omnium
2424 1962 2895 2052 peccatorum

220 2080 756 2177 indulgentiam
809 2088 1373 2178 consequantur,
1419 2088 1491 2155 et
1535 2085 1921 2178 propterea
1958 2102 2003 2152 a
2053 2079 2333 2154 cunctis
2376 2080 2706 2156 fidelibus
2754 2105 2903 2155 non

219 2205 600 2280 immerito
658 2205 916 2304 majori
973 2206 1357 2280 devotione
1412 2229 1498 2280 ac
1563 2204 1971 2302 frequentia
2030 2202 2577 2280 celebrandum.
2634 2205 2904 2282 Volen-

221 2337 490 2428 tesque
541 2335 618 2404 ut
661 2329 924 2405 Christi
968 2330 1222 2406 fideles
1262 2330 1354 2405 ad
1389 2331 1659 2406 Urbem
1697 2333 1929 2430 ipsam
1966 2334 2055 2408 de
2098 2333 2395 2409 diversis
2438 2333 2691 2408 mundi
2737 2357 2904 2432 par-

223 2456 456 2546 tibus,
511 2479 642 2553 pro
703 2457 1218 2552 consequenda
1267 2456 1686 2554 huJusmodi
1745 2457 2164 2555 plenissima
2216 2459 2668 2556 indulgentia
2724 2480 2901 2531 con-

224 2580 574 2667 fluentes,
633 2578 856 2653 ceteri
911 2579 984 2652 in
1046 2579 1170 2653 illa
1225 2586 1763 2656 commorantes
1811 2589 1883 2656 et
1944 2583 2342 2658 residentes
2404 2583 2735 2658 eamdem
2792 2582 2903 2656 in-

223 2703 686 2802 dulgentiam
739 2703 1016 2777 facilius
1072 2705 1356 2779 valeant
1411 2707 1843 2803 promereri,
1906 2715 1979 2782 et
2030 2732 2123 2783 ne
2172 2707 2461 2784 defectu
2518 2707 2899 2806 potestatis

221 2828 656 2904 absolvendi
707 2829 896 2920 illos,
951 2831 1071 2928 qui
1127 2829 1488 2926 aliquibus
1546 2829 1837 2905 casibus
1889 2831 2099 2906 nobis
2162 2839 2235 2908 et
2282 2832 2437 2906 sedi
2498 2832 2899 2930 apostolice

222 2954 617 3029 reservatis
648 2955 904 3029 irretiti
935 2955 1196 3046 forent,
1223 2955 1511 3028 illorum
1533 2955 1772 3029 anime
1797 2954 2180 3053 illaqueate
2206 2963 2627 3032 remaneant
2653 2957 2899 3031 debite

224 3079 620 3176 providere
649 3079 1116 3177 ipsorumque
1150 3087 1344 3178 (cum
1377 3103 1669 3177 semper
1696 3081 1788 3155 ad
1818 3103 1951 3155 nos
1994 3080 2069 3154 in
2098 3082 2305 3158 dictis
2336 3083 2623 3158 casibus
2664 3105 2901 3156 reser-

227 3204 420 3278 vatis
451 3228 789 3279 recursus
809 3205 1078 3279 habere
1108 3215 1528 3304 nequeant),
1554 3205 2050 3280 commoditati
2072 3213 2147 3280 et
2172 3207 2576 3281 animarum
2608 3227 2901 3280 suarum

231 3330 455 3404 saluti
489 3335 792 3427 paterna
829 3331 1177 3405 charitate
1224 3331 1632 3424 consulere,
1670 3331 1959 3408 dilectis
1984 3332 2149 3404 filiis
2188 3331 2665 3430 infrascriptis
2696 3329 2907 3430 peni-

230 3456 596 3533 tentiariis
664 3457 738 3530 in
808 3457 1001 3531 dicta
1063 3457 1359 3532 basilica
1426 3457 1766 3556 principis
1825 3458 2319 3555 apostolorum
2385 3457 2747 3556 deputatis
2814 3455 2905 3531 de

228 3605 550 3680 quorum
591 3582 1067 3678 providentia,
1108 3583 1523 3680 integritate
1564 3589 1637 3656 et
1675 3583 1970 3658 solertia
2008 3585 2084 3657 in
2116 3582 2231 3658 his
2274 3589 2345 3658 et
2386 3583 2547 3658 aliis
2586 3582 2907 3681 gerimus

227 3711 306 3782 in
351 3707 668 3781 Domino
709 3706 1044 3780 fiduciam
1090 3707 1482 3804 specialem
1522 3730 1778 3782 omnes
1813 3715 1885 3782 et
1924 3708 2246 3805 singulos
2280 3709 2651 3805 utriusque
2692 3731 2908 3782 sexus

235 3832 510 3908 Christi
539 3831 792 3906 fideles
822 3833 914 3906 ad
937 3833 1206 3907 dictam
1247 3833 1512 3908 Urbem
1551 3857 1682 3930 pro
1722 3832 2237 3928 consequenda
2268 3832 2457 3906 dicta
2486 3831 2911 3930 plenissima

237 3958 696 4056 indulgentia
726 3959 1204 4048 confluenteS,
1237 3967 1305 4032 et
1345 3959 1524 4034 alios
1564 3958 1638 4031 in
1678 3958 1865 4032 dicta
1900 3956 2089 4031 Urbe
2124 3962 2663 4032 commorantes
2690 3963 2763 4030 et
2789 3980 2907 4029 re-

233 4084 590 4172 sidenteS,
623 4084 745 4180 qui
777 4082 1131 4180 aliquibus
1163 4084 1448 4158 casibus
1477 4085 1686 4158 nobis
1720 4091 1790 4156 et
1812 4083 2003 4157 dicte
2031 4081 2186 4157 sedi
2214 4079 2625 4170 reservatis,
2658 4102 2799 4176 que
2830 4078 2901 4152 in

234 4209 360 4282 die
395 4230 578 4282 cene
628 4207 916 4281 Domini
957 4208 1259 4305 singulis
1298 4209 1507 4283 annis
1546 4207 1895 4306 publicari
1935 4213 2377 4282 consuerunt
2408 4203 2797 4294 contentis,
2833 4209 2908 4278 et

234 4334 468 4408 etiam
511 4331 770 4405 talibus
809 4332 1269 4430 presentibus
1319 4333 1709 4430 specialem
1749 4340 2122 4430 oporteret
2168 4334 2407 4406 facere
2456 4329 2903 4406 mentionem

233 4457 802 4554 conspirationis
867 4457 938 4530 in
995 4481 1384 4555 personam
1446 4457 1555 4532 vel
1629 4464 1897 4532 statum
1968 4457 2243 4532 romani
2306 4453 2710 4544 Pontificis,
2775 4476 2903 4526 seu

239 4582 502 4658 sedem
534 4581 960 4679 predictam,
999 4581 1323 4656 falsitatis
1360 4583 1763 4658 litterarum
1807 4580 2411 4680 supplicationum
2452 4586 2527 4654 et
2565 4577 2911 4666 commis-

239 4709 534 4783 sionum
574 4707 1164 4804 apostolicarum,
1213 4706 1594 4784 delationis
1633 4729 2002 4782 armorum
2042 4711 2113 4781 et
2162 4705 2467 4780 aliorum
2505 4701 2911 4800 prohibito-

237 4857 404 4908 rum
436 4832 531 4907 ad
559 4839 798 4929 partes
827 4833 1254 4926 infidelium,
1296 4833 1705 4932 injectionis
1737 4856 2083 4906 manuum
2115 4832 2585 4906 violentarum
2614 4828 2692 4902 in
2722 4825 2910 4924 epis-

235 4982 467 5056 copos
517 4964 590 5031 et
642 4956 822 5030 alios
862 4957 1180 5055 prelatos
1224 4957 1634 5056 superiores
1675 4956 1963 5030 casibus
2005 4957 2375 5032 dumtaxat
2416 4952 2764 5052 exceptis,
2814 4949 2907 5024 ad

243 5083 590 5158 effectum
633 5083 865 5178 ipsam
917 5083 1412 5181 plenissimam
1467 5081 1989 5179 indulgentiam
2037 5078 2557 5177 consequendi,
2604 5082 2677 5151 et
2712 5075 2905 5150 dicto

247 5231 444 5282 anno
473 5205 732 5306 jubilei
777 5207 1110 5299 durante,
1145 5209 1217 5283 in
1259 5210 1414 5283 foro
1454 5206 1900 5284 conscientie
1941 5204 2383 5297 absolvendi,
2416 5203 2662 5300 eisque
2702 5201 2905 5299 peni·
