3625 6059
225 512 429 578 [Ferrier
453 508 592 570 1494]
859 503 1112 561 RERUM
1161 502 1614 560 URBANARUM
1663 500 2194 560 COMMENTARH.
2800 508 2873 563 89

225 666 434 754 tioniS,
481 662 614 736 sed
660 661 941 736 ratione
987 660 1172 734 tituli
1213 660 1405 757 regis
1451 664 1946 735 Romanorum
1996 659 2329 748 debetur,
2383 660 2552 756 quia
2591 661 2679 733 sit
2718 662 2859 759 pri-

227 816 366 866 mus
406 812 524 863 rex
559 787 842 877 mundi,
895 794 967 862 et
1001 786 1076 859 in
1115 786 1332 883 plena
1368 786 1991 860 administratione
2032 785 2343 885 imperii,
2403 793 2476 859 et
2518 785 2620 860 ita
2664 786 2854 858 hanc

224 917 468 992 curiam
515 914 924 990 observare.
975 912 1182 1000 Quod
1235 912 1294 985 si
1344 936 1516 986 suus
1561 934 1713 1002 rex,
1776 910 2100 985 nondum
2139 918 2555 1002 coronatuS‚
2618 918 2854 986 orato-

228 1068 332 1117 res
369 1062 524 1115 suos
570 1038 832 1128 mittat,
887 1036 1161 1112 eisdem
1212 1036 1432 1113 etiam
1487 1035 1730 1110 locum
1786 1038 2129 1111 eumdem
2176 1036 2328 1111 dari
2378 1036 2676 1127 debere,
2740 1038 2863 1135 qui

226 1166 412 1242 datur
475 1173 550 1241 et
613 1163 920 1239 debetur
980 1168 1145 1261 post
1209 1161 1782 1237 coronationem.
1860 1163 2231 1260 Acquievit
2301 1170 2375 1235 et
2441 1162 2635 1236 idem
2704 1186 2868 1239 mee

221 1292 578 1383 sententie,
626 1290 796 1365 licet
821 1287 1012 1361 male
1051 1288 1389 1380 libenter,
1426 1312 1762 1363 asserens
1810 1290 2005 1385 quod
2035 1297 2424 1387 postquam
2466 1292 2593 1365 SS.
2643 1295 2729 1362 D.
2781 1293 2865 1363 N.

220 1419 310 1492 sic
353 1416 498 1492 fieri
549 1416 820 1491 debere
877 1413 1316 1503 ordinasset,
1381 1414 1711 1488 ordinem
1771 1416 2011 1513 ipsum
2064 1414 2217 1489 fore
2271 1414 2799 1489 observandum
2856 1439 2871 1488 :

217 1542 387 1641 quod
421 1564 556 1641 pro
600 1566 730 1616 sua
783 1539 1246 1615 excusatione
1296 1540 1499 1630 dixit,
1555 1563 1722 1613 cum
1782 1544 1977 1639 Papa
2030 1540 2225 1616 circa
2284 1540 2643 1637 premissa
2698 1538 2876 1613 nihil

225 1666 680 1742 ordinaverit.

307 1798 384 1867 D.
405 1792 698 1867 Gabriel
718 1790 1130 1880 CesarinuS,
1157 1789 1694 1866 confalonerius
1718 1791 1954 1882 Urbis,
1980 1792 2154 1866 dixit
2179 1792 2358 1866 mihi
2379 1792 2627 1865 locum
2654 1814 2877 1864 suum

227 1941 398 2009 esse,
428 1918 710 1993 ratione
744 1916 964 1994 officii
1011 1917 1149 2007 sui,
1198 1915 1616 1993 immediate
1646 1925 1811 2016 post
1842 1924 2389 1994 conservatores
2424 1922 2593 1991 ante
2624 1939 2880 1990 omnes

225 2044 388 2117 alios
413 2043 756 2133 barones„
793 2066 1011 2139 quem
1047 2043 1105 2116 si
1149 2042 1408 2118 vellem
1437 2067 1734 2142 possem
1766 2042 1903 2118 sibi
1935 2043 2331 2140 assignare.
2372 2042 2785 2141 Significavi
2814 2042 2888 2115 id

224 2170 338 2242 SS.
381 2172 462 2243 D.
511 2171 610 2242 N.
657 2168 780 2265 qui
825 2168 1004 2241 mihi
1048 2169 1412 2245 commisit
1453 2169 1646 2267 quod
1692 2171 2033 2244 eumdem
2083 2167 2330 2243 locum
2374 2170 2511 2267 ipsi
2562 2167 2885 2243 confalo-

223 2294 406 2368 nerio
434 2295 734 2385 darem;
772 2302 843 2367 et
875 2294 1012 2369 feci
1052 2321 1068 2368 :
1105 2295 1245 2369 alia
1275 2296 1521 2370 omnia
1545 2303 1708 2370 acta
1738 2302 1904 2371 sunt
1936 2318 2139 2370 more
2173 2300 2552 2369 consueto,

310 2420 818 2517 Superioribus
857 2418 1140 2512 diebus,
1186 2420 1518 2498 videlicet
1555 2422 1726 2497 lune
1775 2427 1862 2495 27
1904 2421 2181 2496 mensis
2210 2419 2523 2520 januarii
2564 2419 2891 2517 proxime

223 2545 524 2642 preteriti
561 2551 642 2619 et
671 2546 1166 2642 sequentibuS,
1203 2554 1556 2623 venerunt
1587 2570 1768 2622 nove
1799 2547 1894 2622 ad
1923 2547 2219 2637 Urbem,
2250 2545 2444 2644 quod
2465 2544 2581 2619 die
2615 2543 2893 2619 sabbati

226 2674 306 2741 25
340 2670 674 2766 ejusdem
699 2670 998 2762 mensis,
1033 2694 1172 2767 qua
1199 2671 1332 2746 fuit
1357 2672 1626 2747 festum
1654 2673 2149 2747 conversionis
2176 2672 2405 2747 sancti
2438 2670 2665 2763 Pauli,
2693 2694 2894 2745 sere-

221 2794 542 2869 nissimus
603 2795 1101 2870 Ferdinandus
1153 2798 1652 2896 neapolitanus
1685 2822 1769 2873 ac
1801 2799 2043 2873 Sicilie
2076 2822 2229 2890 rex,
2280 2797 2475 2871 diem
2510 2797 2891 2871 clausisset

222 2927 648 3013 extremum,
699 2920 821 3017 qui
851 2918 1025 2994 obiit
1056 2921 1212 2995 sine
1251 2922 1441 3016 luce,
1489 2924 1643 2998 sine
1677 2948 1895 2998 cruce
1928 2929 2001 2999 et
2026 2924 2180 2997 sine
2210 2929 2364 2998 Deo
2394 2951 2409 3011 ;
2446 2930 2517 2996 et
2545 2921 2895 2995 successit

221 3044 284 3117 in
313 3068 534 3145 regno
565 3038 999 3144 Alphonsus
1031 3046 1218 3122 filius
1252 3072 1426 3122 suus
1460 3052 1590 3148 (1).

307 3173 508 3246 Feria
555 3178 852 3269 quarta,
904 3178 946 3245 5
993 3172 1160 3247 dicti
1209 3174 1482 3248 mensis
1522 3174 1893 3266 februarii,
1936 3174 2132 3249 venit
2168 3174 2261 3249 ad
2291 3173 2562 3249 Urbem
2606 3171 2897 3270 quidam

219 3304 450 3371 orator
475 3297 707 3372 Arabi
739 3295 1060 3388 Soldani,
1097 3322 1318 3395 quem
1347 3300 1797 3375 associarunt
1826 3301 2067 3398 plures
2100 3300 2191 3373 de
2220 3297 2496 3373 familia
2535 3298 2747 3372 Turci
2778 3298 2898 3372 hic

217 3424 286 3495 in
333 3425 516 3499 Urbe
559 3423 870 3514 detenti,
921 3430 993 3497 et
1035 3424 1357 3499 scutiferi
1399 3432 1471 3500 et
1509 3426 1628 3500 alii
1667 3425 2061 3501 familiares
2104 3431 2321 3525 Pape,
2365 3447 2595 3522 usque
2642 3424 2735 3498 ad
2764 3423 2896 3498 do-

225 3574 413 3626 mum
444 3572 714 3627 eorum
742 3548 1066 3647 hospitii.

316 3676 522 3750 Feria
562 3680 831 3773 quarta
874 3675 1228 3767 cinerum,
1285 3683 1370 3751 12
1419 3679 1693 3752 mensis
1737 3679 2104 3770 februarii,
2140 3678 2460 3778 prefatus
2493 3678 2618 3752 SS.
2659 3680 2744 3750 D.
2802 3679 2887 3749 N.

225 3808 509 3898 paratus
535 3822 754 3875 more
787 3799 1025 3894 solite,
1056 3801 1251 3876 venit
1275 3802 1366 3875 ad
1396 3801 1749 3902 capellam
1775 3806 2156 3903 maJorem,
2187 3803 2553 3880 benedixit
2578 3800 2891 3891 cinereS,

295 4052 344 4104 1.
376 4048 708 4112 Summonte
737 4059 964 4115 raconte
993 4051 1392 4109 differemment
1419 4046 1472 4104 la
1499 4046 1576 4103 fin
1603 4046 1678 4102 du
1707 4046 1787 4102 roi
1815 4046 1858 4103 F
1861 4046 2129 4103 erdinand
2161 4064 2178 4103 :

297 4162 324 4189 «
353 4142 670 4202 Essendosi
703 4145 764 4219 (il
791 4164 850 4202 re
879 4142 1157 4211 Ferrante)
1189 4137 1356 4194 molto
1385 4134 1658 4193 affaticato
1677 4135 1733 4191 di
1763 4151 1947 4209 corpn,
1968 4135 2265 4192 scaldando
2296 4152 2325 4191 e
2357 4130 2762 4200 raffreddando,
2793 4145 2904 4185 non

235 4245 388 4287 senza
431 4235 696 4307 passioni
744 4235 801 4290 di
847 4232 1050 4301 animo,
1081 4229 1118 4285 li
1168 4224 1574 4301 sopraggiunse
1622 4244 1695 4281 un
1743 4243 1883 4299 gran
1928 4232 2158 4292 cataro,
2198 4223 2251 4281 al
2296 4222 2455 4297 quale
2505 4219 2907 4296 sopraggiunta

233 4318 428 4392 febbre‚
468 4342 578 4381 con
609 4324 769 4381 molti
801 4321 1043 4392 sintomi,
1072 4318 1126 4376 al
1152 4318 1283 4385 fine,
1315 4315 1368 4373 al
1395 4314 1804 4388 decimoquarto
1834 4314 2027 4388 giorno
2064 4313 2119 4369 di
2157 4311 2358 4389 quella,
2390 4310 2509 4367 usci
2547 4310 2603 4366 di
2640 4309 2773 4380 vita,
2803 4309 2905 4364 che

235 4408 286 4463 su
311 4412 355 4465 a’
383 4414 456 4469 25
482 4414 541 4471 di
575 4414 832 4489 Gennajo
862 4413 1000 4470 1494
1028 4410 1100 4468 ad
1129 4425 1221 4465 ore
1249 4407 1336 4475 16,
1366 4405 1421 4460 di
1452 4408 1542 4461 eta
1567 4403 1622 4459 di
1649 4403 1782 4460 anni
1809 4406 1901 4474 70,
1933 4402 2073 4459 dieci
2108 4402 2247 4459 mesi
2286 4420 2316 4458 e
2352 4402 2423 4458 28
2460 4399 2662 4475 giorni,
2694 4398 2907 4457 avendo

237 4509 452 4573 regnato
481 4504 623 4561 anni
655 4505 749 4575 35,
779 4502 916 4560 mesi
946 4502 1142 4574 cinque
1171 4516 1200 4553 e
1231 4493 1411 4571 giorni
1437 4497 1527 4552 25.
1561 4496 1700 4551 Mori
1729 4492 1766 4548 il
1795 4493 1877 4549 Re
1907 4493 2165 4549 Ferran'te
2193 4492 2250 4548 di
2272 4510 2381 4549 una
2407 4497 2579 4547 morte
2612 4488 2907 4561 (conforme

237 4584 306 4641 lui
333 4588 384 4645 la
410 4593 776 4665 desiderava)
807 4598 1012 4668 presta,
1042 4586 1360 4665 perciocche
1395 4582 1521 4640 nelli
1559 4582 1802 4641 suddetti
1834 4582 2013 4658 giorni
2043 4582 2170 4639 dell’
2198 4582 2469 4639 infer-mita
2498 4600 2605 4637 non
2648 4580 2703 4636 fu
2741 4578 2907 4636 molto

237 4675 300 4731 da
326 4680 508 4753 quella
545 4680 907 4755 travagliato,
937 4686 994 4737 et
1027 4678 1067 4734 il
1103 4677 1212 4733 fine
1251 4692 1452 4732 ancora
1486 4673 1546 4731 fu
1580 4672 1748 4729 molto
1784 4671 1980 4743 celere,
2019 4672 2337 4746 perciocche
2384 4671 2625 4729 essendo
2661 4689 2694 4728 a
2730 4668 2911 4745 quello

237 4766 424 4841 vicin0‚
457 4790 576 4828 non
617 4769 952 4827 credondosi
989 4766 1200 4825 esservi
1243 4764 1457 4839 giunto,
1491 4762 1541 4818 si
1575 4761 1642 4818 fe'
1673 4762 2025 4819 accomodare
2067 4761 2084 4817 i
2122 4760 2315 4837 capelli
2353 4780 2383 4818 e
2421 4762 2469 4819 le
2506 4760 2762 4819 mascelle
2810 4761 2911 4817 che

237 4876 464 4931 pareano
495 4863 606 4917 che
649 4876 843 4916 cascar
880 4858 956 4933 gli
993 4858 1313 4925 dovesserO,
1345 4872 1376 4911 e
1415 4851 1695 4909 formando
1731 4851 1925 4907 alcune
1964 4847 2137 4923 poche
2164 4845 2348 4920 parole
2378 4865 2481 4903 con
2520 4848 2586 4905 D.
2620 4846 2910 4918 Federigo,

238 4950 332 5005 che
361 4951 434 5025 gli
465 4958 636 5008 stava
665 4966 956 5023 appresso,
994 4947 1134 5003 delle
1163 4962 1292 5001 cose
1321 4942 1464 5000 della
1490 4940 1638 5010 citta,
1671 4938 1991 4997 sentendosi
2019 4937 2207 4994 affatto
2236 4936 2391 4992 venir
2416 4952 2599 5004 meno,
2630 4934 2783 4989 disse
2812 4940 2915 4988 tre-

241 5041 430 5097 mando
457 5046 672 5115 queste
703 5037 887 5113 parole
917 5060 946 5089 α
977 5035 1230 5111 Figliuoli
1268 5034 1406 5090 sinte
1435 5030 1714 5088 benedetti
1745 5052 1773 5081 »
1805 5048 1837 5086 e
1864 5026 2173 5085 voltandosi
2202 5026 2273 5083 ad
2304 5044 2375 5083 un
2415 5023 2724 5081 Croceflsso
2759 5022 2913 5078 disse

243 5152 268 5175 u
297 5133 436 5187 Deus
463 5131 764 5203 propicius
792 5134 906 5184 esto
932 5128 1069 5185 mihi
1091 5127 1367 5198 peccatori
1399 5147 1448 5180 ».
1481 5122 1524 5177 E
1555 5119 1737 5177 subito
1760 5118 1807 5174 si
1838 5118 1979 5191 parti
2006 5119 2076 5173 da
2106 5124 2302 5190 questa
2330 5116 2461 5173 vita.
2495 5137 2525 5167 »

309 5220 636 5289 Smnoxrn,
671 5220 769 5277 lst.
802 5218 947 5276 della
975 5216 1122 5275 cina
1146 5234 1174 5271 e
1204 5216 1387 5284 Reque
1417 5214 1478 5269 di
1506 5212 1729 5282 Napoli,
1760 5216 1800 5266 t.
1838 5208 1931 5277 ΙΙΙ,
1962 5226 2017 5283 p.
2048 5208 2172 5265 539.
