3625 6059
750 554 855 609 292
1456 555 1465 571 ·
1653 548 2004 606 JOHANNJS
2053 547 2496 617 nunculiam,
2889 523 2900 533 '
3085 552 3351 614 [Aonius

754 705 1217 779 Germaniam
1261 710 1335 778 et
1364 726 1797 799 quecunque
1829 703 2047 778 etiam
2087 708 2290 776 extra
2329 702 2608 775 ltaliam
2649 701 2916 798 ipsam,
2957 702 3044 775 ad
3073 726 3203 799 que
3235 704 3350 800 ipse

753 829 1115 904 declinare
1161 828 1567 925 contigerit,
1602 828 1765 902 loca
1806 828 2206 926 apostolice
2251 827 2445 900 sedis
2486 827 2796 923 legatus,
2845 851 2936 900 ex
2979 828 3350 901 consistorio

754 962 1035 1028 secreto
1068 958 1293 1027 Rome
1322 952 1514 1049 apud
1548 960 1877 1027 sanctum
1917 955 2211 1026 Petrum
2241 954 2315 1025 in
2352 953 2617 1049 palatio
2647 952 3048 1050 apostolico
3085 952 3353 1050 predicto

750 1077 1026 1168 habito,
1088 1078 1181 1150 ab
1240 1076 1576 1151 omnibus
1636 1077 1922 1149 RRmis.
1973 1079 2122 1151 DD.
2177 1076 2664 1151 cardinalibus
2723 1078 2844 1174 qui
2901 1076 3352 1167 interfuerunt,

752 1223 953 1274 more
1013 1200 1223 1273 solito
1280 1200 1679 1273 associatus
1740 1209 1850 1274 est
1907 1224 2137 1297 usque
2189 1208 2391 1275 extra
2439 1209 2726 1298 portam
2777 1202 2994 1276 beate
3055 1200 3256 1275 Mario
3291 1200 3356 1275 de

752 1325 1052 1423 Populo,
1102 1324 1224 1398 ubi
1267 1349 1400 1422 per
1448 1333 1720 1400 tactum
1764 1349 2024 1400 manus
2064 1333 2137 1401 et
2185 1328 2330 1399 oris
2379 1326 2710 1401 osculum
2765 1326 3066 1425 singulis
3112 1327 3360 1423 peractis

748 1450 1032 1548 gratiiS,
1087 1450 1453 1525 redierunt
1510 1472 1763 1525 omnes
1825 1450 1918 1525 ad
1977 1451 2242 1526 Urbem
2291 1476 2307 1525 :
2359 1453 2578 1526 etiam
2637 1452 2830 1550 ipse,
2879 1458 3044 1549 post
3093 1452 3356 1525 omnium
3496 1522 3499 1529 .

746 1599 1141 1666 recessum,
1208 1576 1491 1649 intravit
1548 1583 1982 1649 conventum
2036 1576 2228 1650 dicte
2273 1576 2482 1651 beate
2547 1576 2817 1669 Marie;
2872 1578 3065 1652 unde
3119 1584 3354 1675 peracto
3497 1614 3499 1679 ;

744 1701 1048 1797 prandio
1078 1702 1270 1775 circa
1298 1702 1553 1775 horam
1582 1724 1787 1791 xv111,
1822 1700 1962 1773 iter
1989 1701 2290 1799 arripuit
2327 1702 2711 1799 legationis
2753 1726 2885 1777 sue
2929 1711 3002 1776 et
3031 1710 3354 1801 pernocta·
3497 1698 3499 1793 3

746 1826 846 1899 vit
873 1826 946 1898 in
975 1826 1289 1923 hospitio
1322 1831 1409 1900 D.
1448 1826 1643 1899 Petri
1679 1826 1767 1899 de
1800 1825 2152 1900 Columna
2183 1836 2384 1901 extra
2413 1830 2744 1902 Castrum
2777 1830 3060 1901 Novum
3089 1848 3276 1922 quem
3305 1825 3354 1895 in
3497 1836 3499 1841 ·

748 1973 961 2025 mane
994 1951 1319 2047 sequenti
1352 1975 1491 2049 ego
1522 1952 1741 2025 etiam
1774 1975 1862 2026 ex
1906 1951 2421 2026 commissione
2464 1956 2550 2025 D.
2587 1956 2672 2027 N.
2709 1974 2900 2049 pape
2935 1974 3094 2025 sum
3123 1972 3356 2023 asseeu·
3497 1962 3499 1965 ⁴

748 2084 863 2149 tus
890 2076 964 2150 in
994 2077 1289 2151 nomine
1327 2078 1642 2167 Domini,
1676 2083 1751 2152 et
1775 2077 1937 2151 veni
1970 2077 2063 2175 ad
2103 2101 2296 2170 eum,
2333 2078 2698 2153 dominica
2733 2078 2992 2153 ultima
3017 2077 3192 2175 julii,
3227 2083 3352 2149 aute

747 2201 1155 2299 prandium,
1186 2200 1260 2274 in
1294 2226 1436 2274 uno
1468 2225 1557 2275 ex
1586 2201 1920 2299 hospitiis
1951 2203 2278 2294 Otriculi,
2311 2204 2430 2277 ubi
2461 2204 2585 2278 illa
2610 2203 2728 2277 die
2759 2202 3058 2300 quievit.

844 2324 1053 2399 Feria
1095 2324 1439 2413 secunda,
1482 2324 1749 2397 festum
1794 2348 1854 2396 s.
1900 2326 2092 2399 Petri
2138 2326 2228 2400 ad
2266 2326 2600 2415 Vincula,
2652 2331 2677 2397 1
2733 2324 3052 2423 augusti,
3093 2324 3351 2421 prefatus

748 2448 1133 2523 cardinalis
1174 2448 1453 2545 legatus
1498 2446 1571 2519 in
1616 2470 1858 2537 mane,
1903 2446 2150 2523 audita
2187 2448 2411 2523 missa
2446 2449 2520 2521 in
2567 2450 2880 2546 quadam
2921 2446 3181 2545 capella
3217 2443 3352 2517 ultra

749 2572 1145 2647 Otriculum
1167 2573 1374 2671 juxta
1402 2571 1540 2645 iter
1566 2570 1826 2669 posita,
1862 2571 2332 2669 discooperiri
2374 2572 2510 2646 feci
2541 2597 2838 2649 crucem
2875 2570 3235 2671 legationis
3261 2588 3352 2641 sue

748 2697 1063 2794 quodam
1096 2698 1381 2771 sacculo
1413 2720 1634 2794 coyro
1665 2697 1811 2771 sive
1837 2698 2093 2795 vagina
2118 2698 2480 2795 imposita,
2507 2706 2580 2774 et
2609 2722 2772 2773 eam
2801 2699 3142 2795 deinceps
3163 2712 3354 2767 coram

750 2847 829 2897 se
873 2822 1142 2921 portari
1191 2821 1328 2896 feci
1376 2845 1582 2897 more
1634 2821 1872 2896 solito.
1910 2824 2054 2897 lter
2099 2823 2403 2897 fecimus
2437 2825 2646 2922 Juxta
2681 2823 2984 2898 fluvium
3025 2821 3220 2918 Nigro
3257 2814 3352 2889 sub

746 2946 1014 3022 Narnia
1058 2946 1181 3046 (1),
1229 2953 1522 3045 propter
1562 2954 1846 3044 pestem
1902 2947 2164 3021 Narnie
2205 2946 2599 3045 ingentem.
2645 2952 3013 3047 Receptus
3049 2944 3174 3020 fuit
3203 2944 3348 3015 Inte-

750 3074 982 3147 ramni
1029 3072 1691 3171 processionaliter,
1746 3074 2012 3147 vicario
2061 3075 2381 3172 episcopi
2439 3075 2571 3149 sibi
2623 3098 2924 3149 crucem
2973 3072 3348 3173 porrigente,

751 3222 966 3294 quam
996 3196 1275 3294 legatus
1306 3200 1763 3295 pertransivit
1789 3206 2038 3296 ponte,
2077 3221 2165 3273 ex
2193 3198 2388 3273 mula
2417 3197 2904 3290 descendens,
2943 3219 3152 3294 super
3173 3194 3350 3288 tapete

752 3320 1021 3393 ibidem
1050 3320 1285 3417 posito
1316 3321 1743 3417 genuflexus
1765 3331 2184 3399 reverenter
2209 3323 2574 3397 osculatus
2603 3330 2737 3414 est,
2769 3330 2840 3399 et
2869 3321 3186 3421 deposito
3209 3336 3358 3389 man-

754 3446 927 3521 tello
960 3444 1295 3534 itinerali,
1336 3448 1611 3544 recepit
1640 3448 1731 3523 de
1763 3449 2228 3525 ciambelotto
2259 3451 2484 3525 rubeo
2515 3447 2974 3538 mantellum,
3008 3451 3078 3519 et
3101 3441 3218 3516 sub
3241 3433 3354 3511 bat-

754 3570 1067 3646 dachino
1102 3593 1320 3666 quem
1349 3572 1752 3671 presbyteri
1785 3574 1860 3647 in
1899 3576 2422 3674 superpelliciis
2451 3578 2874 3672 portarunt;
2917 3590 3162 3645 omnes
3187 3558 3352 3638 scuti-

754 3694 885 3769 feri
924 3701 998 3769 et
1044 3694 1161 3767 alii
1204 3695 1637 3790 equitanteS,
1681 3697 1898 3771 etiam
1941 3699 2336 3773 servientes
2365 3677 2762 3787 armorum,
2797 3696 3197 3794 equitarunt
3229 3690 3354 3761 ante

753 3820 1324 3921 processionem.
1378 3821 1812 3918 capitaneus
1878 3846 2172 3897 crucem
2235 3823 2621 3921 legationis
2689 3829 2994 3922 portans
3049 3812 3352 3913 equitabat

756 3944 952 4019 solus
986 3945 1195 4043 juxta
1232 3944 1625 4019 canonicos
1667 3950 2250 4022 Interamnenses
2291 3947 2366 4019 in
2402 3942 2930 4043 superpelliciis
2971 3938 3356 4016 incedentes.

756 4093 936 4166 quos
996 4068 1432 4165 sequebatur
1473 4069 1754 4166 legatus
1808 4072 1942 4145 sub
1991 4072 2452 4160 baldachino,
2485 4078 2562 4145 et
2601 4068 2821 4159 male,
2857 4068 3028 4165 quia
3063 4058 3274 4139 clerici
3307 4059 3360 4125 et

758 4197 1072 4295 religiosi
1101 4220 1470 4294 nunquam
1501 4202 1789 4294 portant
1819 4198 1960 4271 hoc
1989 4198 2126 4271 nisi
2155 4196 2228 4270 in
2256 4197 2510 4270 diebus
2531 4194 2720 4294 jovis
2759 4200 2834 4267 et
2863 4188 3134 4267 veneris
3164 4182 3357 4257 sancte

759 4332 975 4419 super
1018 4331 1501 4411 sacramentO,
1550 4321 1725 4395 alias
1767 4346 2138 4419 nunquam
2183 4323 2318 4395 nisi
2363 4326 2558 4418 Papa
2605 4320 2700 4393 sit
2741 4320 2874 4393 sub
2913 4341 3026 4393 eo.
3069 4300 3358 4409 Equitavit
3491 4360 3493 4385 2

722 4538 727 4545 ς
758 4468 987 4545 usque
1017 4447 1110 4521 ad
1140 4448 1524 4521 ecclesiam
1556 4446 2046 4521 cathedralem
2078 4444 2323 4543 quam,
2360 4468 2446 4519 ex
2477 4443 2674 4517 mula
2703 4438 3166 4523 descendens,
3189 4432 3362 4503 intra·

755 4571 874 4664 vit,
925 4580 997 4647 et
1046 4579 1341 4669 recepto
1400 4595 1491 4645 ex
1546 4572 1882 4646 manibus
1938 4570 2177 4644 vicarii
2235 4568 2684 4667 aspersorio,
2737 4591 2814 4641 se
2876 4561 3168 4662 aspersit
3215 4571 3359 4647 aqua

760 4703 1033 4787 sancta,
1080 4696 1346 4771 deinde
1399 4695 1605 4793 alios,
1653 4698 1809 4768 Non
1861 4694 1992 4769 suit
2041 4694 2472 4781 insensamS‚
2507 4692 2674 4789 quia
2715 4714 2866 4765 non
2907 4694 3054 4763 erat
3091 4686 3358 4782 paratum

760 4820 1234 4911 thuribulum,
1270 4822 1441 4896 licet
1487 4821 1742 4896 fuisset
1782 4819 2220 4895 ordinatum.
2257 4818 2600 4893 Ascendit
2643 4824 2888 4892 autem
2927 4815 3136 4887 altare
3169 4800 3358 4899 majus
3489 4850 3491 4861 ·

759 4953 830 5016 et
860 4964 950 5016 eo
978 4942 1249 5016 ibidem
1290 4947 1670 5043 genuflexo
1702 4970 1922 5045 super
1951 4950 2200 5042 parato
2237 4944 2372 5018 sibi
2403 4940 2826 5032 faldistorio,
2873 4936 3161 5013 vicarius
3197 4936 3352 5003 stans

759 5077 963 5142 extra
992 5066 1296 5141 chorum
1332 5094 1375 5141 a
1404 5092 1625 5143 cornu
1656 5070 1959 5168 epistole
1987 5071 2077 5143 ad
2105 5070 2422 5167 legatum
2452 5092 2700 5143 versus
2731 5066 2908 5141 dixit
2926 5054 3276 5138 versiculos
3299 5050 3350 5119 el

831 5220 883 5277 1.
914 5218 1082 5276 Narni
1112 5236 1206 5275 sur
1238 5218 1287 5277 la
1315 5218 1476 5277 Nera.
