3625 6059
727 530 838 604 392
1649 534 1931 592 JOHANN
1936 534 2003 591 IS
2050 534 2495 605 BURCHARDJ.
3068 542 3233 605 [Aont
3258 546 3369 609 tm]

832 704 938 773 Ex
971 700 1174 795 parte
1216 692 1402 767 Rmi.
1449 695 1536 765 D.
1585 688 1971 763 cardinalis
2004 691 2319 781 Ascanii,
2362 692 2961 787 vicecancellarii,
2996 699 3371 771 executoris

737 822 1150 905 testamenti
1192 821 1383 894 bone
1426 817 1779 893 memorie
1813 816 2202 890 cardinalis
2232 817 2322 891 de
2355 822 2630 894 Lunate
2674 820 2798 919 (t),
2842 820 3223 896 intimatur
3248 844 3374 897 om-

740 953 952 1027 nibus
991 945 1470 1023 cardinalibus
1511 949 1584 1018 et
1621 942 1971 1039 magistro
2012 942 2270 1017 domus
2310 945 2551 1040 palatii
2600 951 2817 1044 Pape,
2864 947 3067 1043 quod
3106 946 3379 1020 crastina

739 1078 884 1169 die,
935 1098 1074 1174 que
1127 1072 1262 1147 erit
1308 1074 1350 1143 8
1398 1068 1757 1167 presentis
1806 1067 2080 1141 mensis
2124 1069 2438 1165 augusti,
2486 1068 2679 1143 circa
2719 1071 2981 1145 horam
3020 1072 3375 1151 decimam,

737 1200 1178 1299 incipientur
1207 1195 1445 1292 vigilie
1473 1174 1980 1267 defunctorum
2012 1192 2085 1263 in
2118 1192 2283 1266 aula
2309 1193 2548 1290 palatii
2580 1195 2787 1270 solite
2820 1197 3217 1271 residentis²
3245 1220 3379 1294 pre-

743 1324 910 1402 dicti
940 1322 1326 1399 cardinalis
1358 1319 1446 1392 de
1480 1322 1780 1409 Lunate,
1818 1317 2081 1413 quibus
2112 1327 2185 1392 et
2214 1319 2585 1392 matutinis
2617 1319 3136 1396 defunctorum
3166 1321 3379 1396 finitis,
3495 1339 3496 1413 ἴ

745 1452 1049 1526 cadaver
1078 1449 1145 1545 ej
1158 1447 1410 1521 usdem
1441 1443 1826 1519 cardinalis
1856 1442 2259 1540 portabitur
2286 1442 2377 1516 ad
2406 1444 2791 1519 ecclesiam
2830 1448 3045 1521 beate
3078 1448 3293 1521 Mario
3314 1449 3382 1521 dc
3495 1430 3496 1435 ¹

741 1572 1024 1671 Populo
1075 1567 1574 1667 sepeliendum
1621 1596 1636 1640 :
1683 1569 1903 1643 velint
1949 1575 2336 1666 propterea
2369 1570 2731 1645 honorare
2772 1572 3051 1645 dictum
3094 1571 3383 1646 cardina-
3495 1638 3496 1641 ,

746 1700 892 1775 lem
925 1698 1374 1785 defunctum,
1410 1701 1621 1791 prout
1654 1700 2086 1768 consuetum
2116 1702 2227 1770 est
2259 1701 2331 1770 et
2368 1696 2473 1770 eis
2507 1696 2847 1809 placebit.

844 1828 1026 1897 Item
1057 1820 1432 1894 intimatur
1461 1819 1935 1893 conventibus
1970 1824 2043 1892 et
2078 1820 2343 1892 rectori
2377 1820 2851 1919 infrascriptis
2893 1825 3125 1920 quod,
3168 1825 3383 1898 eadem

748 1950 866 2023 die
906 1946 1243 2034 crastina,
1290 1944 1480 2018 inter
1518 1944 1775 2018 horam
1817 1967 2085 2016 nonam
2126 1950 2198 2018 ct
2238 1943 2626 2038 decimam,
2676 1947 2893 2023 velint
2936 1972 3107 2023 esse
3152 1950 3221 2021 in
3258 1948 3384 2023 aula

745 2072 991 2171 palatii
1024 2067 1414 2168 supradicti
1456 2067 1841 2144 cardinalis
1883 2069 1973 2143 de
2012 2073 2287 2143 Lunate
2320 2071 2667 2163 defuncti,
2703 2073 2793 2147 ad
2827 2073 3225 2149 dicendum
3254 2072 3382 2146 offi-
3495 2074 3496 2137 ἶ

661 2284 668 2291 ,
749 2199 948 2272 cium
978 2201 1466 2285 mortuorum;
1511 2193 1769 2269 deinde
1802 2195 2311 2287 associandum
2342 2196 2645 2272 cadaver
2674 2198 3013 2295 ejusdem
3044 2199 3381 2275 cardinalis
3495 2202 3496 2207 ’

751 2324 843 2404 ad
873 2323 1138 2399 dictam
1171 2320 1555 2397 ecclesiam
1588 2321 1799 2393 beate
1833 2321 2056 2394 Marie
2087 2323 2178 2396 de
2213 2322 2487 2418 Populo
2524 2347 2538 2395 :
2576 2404 2585 2411 ⁸

1471 2446 1682 2521 beate
1712 2447 1937 2521 Mario
1967 2447 2312 2536 Minerva,

853 2572 1336 2650 Conventibus
1475 2574 1617 2646 Ara
1647 2572 1823 2665 Celi,

1479 2698 1690 2772 beate
1720 2698 1947 2772 Marie
1980 2698 2068 2771 de
2106 2699 2401 2797 PopuIO,

851 2826 1137 2903 Rectori
1170 2824 1480 2901 ecclesie
1509 2809 1973 2922 parochialis

844 2954 1056 3031 Feria
1111 2956 1405 3050 quarta,
1463 2956 1506 3023 9
1557 2948 1726 3022 dicti
1777 2950 2049 3025 mensis
2108 2950 2417 3047 augusti,
2480 2952 2554 3025 in
2612 2975 2854 3045 mane,
2918 2952 3115 3028 circa
3166 2952 3377 3025 horam

745 3081 1133 3167 decimam,
1179 3100 1270 3151 ex
1319 3075 1835 3151 commissione
1877 3076 2065 3149 Rmi.
2102 3079 2189 3149 D.
2227 3076 2614 3150 cardinalis
2652 3078 2942 3151 Ascanii
2982 3076 3375 3152 executoris,
3495 3162 3496 3165 Ἴ

746 3232 836 3281 ex
875 3205 1093 3278 domo
1139 3226 1295 3292 sua,
1333 3224 1464 3298 per
1490 3224 1716 3274 unum
1747 3224 1836 3273 ex
1864 3200 2010 3272 suis
2042 3200 2507 3276 servitoribus
2545 3202 2742 3277 sacta
2779 3204 3023 3295 nobis,
3055 3205 3377 3299 inceptum
3495 3198 3496 3209 ’

748 3331 884 3407 fuit
923 3328 1249 3403 officium
1289 3336 1767 3415 mortuorum,
1817 3326 2149 3401 videlicet
2190 3326 2701 3418 invitatorium,
2747 3329 3038 3403 omissis
3078 3328 3375 3426 vesperis,
3495 3340 3496 3347 ’

747 3478 882 3553 per
927 3452 1522 3527 inadvertentiam
1571 3475 1837 3543 meam,
1886 3474 2019 3549 per
2058 3452 2317 3525 fratres
2372 3452 2460 3525 de
2503 3454 2805 3551 Popu10,
2868 3454 3065 3529 dicto
3116 3478 3243 3553 per
3284 3474 3377 3525 eos
3495 3532 3496 3535 Ἴ

747 3580 985 3682 primo
1021 3582 1375 3651 nocturno
1407 3600 1571 3651 cum
1609 3576 1984 3650 versiculis
2016 3584 2089 3651 et
2118 3578 2566 3651 orationibus
2598 3587 2670 3653 et
2698 3582 3194 3679 requies-calin
3214 3601 3371 3678 pace.

749 3710 924 3783 Post
960 3726 1114 3793 eos,
1166 3701 1426 3775 fratres
1474 3701 1563 3777 dc
1611 3706 1753 3775 Ara
1803 3704 1952 3777 Celi
2000 3703 2334 3778 dixerunt
2380 3704 2669 3778 tertium
2718 3712 3153 3781 nocturnum
3200 3712 3265 3778 ct
3294 3726 3379 3775 re-

751 3831 1067 3933 quiescat
1109 3828 1183 3899 in
1213 3851 1422 3925 pace.
1476 3829 1661 3902 Ante
1703 3827 2089 3901 adventum
2140 3830 2491 3921 omnium,
2538 3830 2844 3906 cadaver
2887 3840 3243 3930 portatum
3286 3825 3380 3900 fuit

757 3956 851 4033 ad
897 3955 1134 4031 aulam
1185 3960 1257 4029 et
1301 3940 1618 4051 positum
1675 3979 1889 4051 super
1940 3962 2270 4051 paratum
2319 3956 2587 4031 lectum
2642 3980 2804 4032 cum
2854 3957 3071 4055 pallio
3121 3960 3207 4030 D.
3258 3975 3381 4027 car·
3495 3948 3496 3951 ’

760 4082 1019 4157 dinalis
1088 4080 1456 4169 defuncti3
1527 4103 1745 4177 super
1797 4103 1940 4177 quo
1994 4082 2229 4178 posita
2282 4080 2573 4156 fuerunt
2630 4106 2835 4156 arma
2902 4080 3267 4156 cardinalis
3312 4076 3380 4147 de
3428 4128 3439 4141 .

765 4213 1044 4284 Lunate
1109 4232 1198 4281 ex
1252 4212 1452 4280 carta
1501 4229 1719 4302 super
1763 4205 1904 4279 alia
1944 4205 2142 4303 prius
2186 4206 2590 4298 existentia,
2639 4207 2781 4282 duo
2830 4208 2995 4283 alba
3043 4201 3377 4283 intorticia,

765 4429 809 4489 Il
838 4433 1118 4503 nommaa
1145 4436 1231 4487 cet
1259 4429 1386 4486 effet.
1422 4444 1530 4484 une
1567 4426 1919 4483 commission
1959 4428 2027 4483 de
2072 4427 2157 4484 six
2194 4428 2510 4487 cardinaux.
2548 4430 2707 4505 (Voy.
2740 4434 2773 4486 a
2801 4430 2965 4506 l’app.
3000 4441 3063 4488 n⁰
3090 4432 3175 4499 29,
3205 4428 3254 4485 la
3279 4426 3377 4496 dep.

763 4519 834 4576 de
863 4520 1055 4577 Bracci
1083 4520 1156 4575 du
1187 4522 1257 4576 22
1289 4518 1433 4592 juin,
1464 4523 1518 4573 et.
1547 4516 1685 4573 dans
1725 4516 1955 4589 Sanuto,
1997 4517 2079 4574 les
2118 4517 2263 4575 brefs
2292 4538 2399 4593 quc
2437 4518 2486 4575 le
2519 4518 2659 4593 pape
2688 4538 2903 4595 envoya
2930 4540 3001 4578 au
3031 4522 3127 4576 duc
3153 4519 3215 4573 de
3240 4514 3375 4573 Milan

761 4617 820 4667 et
845 4612 878 4665 a
905 4608 958 4665 la
987 4607 1313 4682 Seigneurie
1352 4607 1419 4663 de
1451 4605 1666 4662 Venise·
1691 4622 1763 4661 au
1801 4606 1946 4680 sujet.
1977 4607 2045 4662 de
2084 4606 2137 4663 la
2172 4613 2313 4664 mort
2338 4610 2413 4663 du
2442 4608 2549 4663 duc
2576 4608 2644 4665 de
2675 4608 2906 4680 Gaudio,
2939 4616 2981 4669 t.
3014 4612 3057 4681 1,
3093 4606 3186 4665 col.
3216 4606 3309 4661 660
3338 4608 3379 4655 et

763 4698 929 4771 salv.)

836 4789 888 4846 1.
932 4810 962 4840 «
994 4790 1098 4858 (Da
1126 4788 1342 4858 Roma).
1387 4785 1552 4843 Come
1589 4804 1623 4841 a
1659 4785 1713 4841 di
1750 4787 1784 4839 8
1822 4784 1952 4841 l’era
1992 4764 2164 4841 morte
2203 4785 2253 4842 el
2289 4786 2745 4845 reverendissimo
2788 4788 3029 4846 cardinal
3068 4788 3127 4843 do
3160 4786 3295 4841 Luna
3324 4778 3377 4831 de
3495 4806 3496 4809 ¹

760 4876 949 4933 nation
986 4894 1188 4950 pavese
1217 4883 1272 4933 et
1308 4880 1451 4933 tutto
1495 4872 1571 4931 dil
1613 4873 1853 4930 cardinal
1892 4874 2150 4944 Ascanio,
2186 4881 2241 4931 et
2268 4892 2302 4931 a
2340 4893 2445 4933 sua
2480 4877 2875 4951 compiacontia
2910 4886 3089 4936 creato
3122 4877 3185 4933 da
3218 4874 3374 4945 questo
3495 4882 3496 4887 ¹

767 4983 910 5041 papa
945 4966 1204 5022 cardinal.
1235 4966 1342 5021 Era
1377 4981 1578 5039 povero
1617 4963 1877 5038 cardinal,
1908 4964 2071 5021 haria
2108 4982 2244 5039 poco
2282 4966 2502 5023 intrata.
2540 4968 2723 5025 Morse
2760 4986 2795 5023 a
2822 4967 2997 5025 Roma
3022 4970 3091 5025 da
3114 4964 3243 5023 febre
3272 4978 3299 5017 c
3330 4956 3370 5011 lu

769 5055 989 5129 sepulto
1019 5054 1184 5113 molto
1226 5054 1649 5113 ferialmente....
1683 5055 1752 5111 Et.
1777 5054 1828 5111 el
1856 5054 2101 5113 cardinal
2127 5056 2385 5127 Ascanio,
2418 5056 2695 5113 hessendo
2732 5058 2783 5113 el
2810 5057 3045 5131 preditto
3080 5049 3288 5111 cardinal
3317 5047 3371 5101 de

769 5145 927 5201 Luna
953 5148 1016 5203 in
1043 5148 1298 5201 extremis
1324 5144 1378 5201 fo
1407 5162 1441 5201 a
1468 5146 1521 5201 di
1549 5148 1602 5209 7,
1635 5162 1774 5201 veno
1803 5164 1837 5201 a
1865 5144 2042 5201 Roma
2076 5146 2177 5201 che
2216 5144 2472 5203 habitava
2506 5165 2541 5203 a
2582 5146 2922 5205 Grotal'erata
2958 5154 3013 5203 et
3048 5148 3129 5202 t'ue
3163 5160 3195 5199 a
3225 5136 3365 5214 parh-

773 5242 953 5293 mente
987 5234 1070 5292 col
1096 5234 1373 5308 pontifice,
1403 5238 1490 5308 poi
1522 5234 1726 5293 ritorno
1755 5235 1877 5290 fuor
1904 5234 1961 5289 di
1990 5235 2183 5292 Roma.
2208 5254 2247 5285 ·»
2278 5235 2353 5292 M.
2389 5234 2621 5305 Sanut0,
2652 5238 2859 5302 Dias-ii,
2888 5244 2931 5295 t.
2966 5236 3007 5303 1,
3034 5233 3127 5291 col.
3155 5230 3261 5285 710·
