3625 6059
700 628 804 683 273
1622 611 1970 671 JOHANNIS
2023 609 2465 677 nunculiam,
3073 611 3194 671 [nai
3223 614 3345 676 1⁸⁹⁶]

808 775 1208 863 Dominica,
1246 777 1289 845 8
1310 770 1509 859 maii,
1546 768 1956 841 intimatum
1985 766 2116 839 fuit
2149 764 2482 837 omnibus
2508 787 2640 861 per
2669 762 3095 838 affixionem
3121 742 3346 838 cedule

708 908 778 978 in
820 902 1035 975 valvis
1086 896 1514 973 cancellarie
1549 892 1946 992 apostolice
1979 890 2198 987 quod,
2245 914 2286 963 a
2317 889 2432 962 die
2465 890 2716 961 martis
2757 887 3096 985 proxima
3148 912 3346 984 usqu(¹

712 1027 801 1099 ad
830 1026 1025 1098 diem
1058 1021 1332 1095 sabbati
1360 1018 1771 1116 proximam
1800 1014 2175 1103 inclusive,
2207 1013 2512 1110 singulis
2543 1012 2800 1087 diebus
2831 1012 2970 1086 erit
3009 1012 3347 1109 expeditio

713 1148 1316 1248 expectativarum
1346 1168 1477 1242 per
1505 1141 2011 1217 cancellariam
2044 1138 2515 1237 apostolicam
2544 1146 2616 1211 et
2641 1139 3024 1211 mittentur
3045 1137 3350 1233 expedite
3403 1146 3412 1151 “

717 1277 972 1350 eadem
1009 1273 1123 1346 die
1157 1256 1435 1345 sabbati
1467 1268 1679 1341 simul
1709 1268 1800 1340 ad
1829 1265 2231 1363 plumbum.

818 1402 1024 1477 Feria
1054 1376 1348 1495 quarta,
1384 1399 1462 1466 11
1502 1394 1773 1466 mensis
1821 1392 2016 1480 maii,
2061 1391 2349 1463 suerunt
2389 1390 2720 1486 expedite
2766 1387 3063 1461 circiter
3094 1396 3356 1462 centum

718 1528 1159 1627 expectative
1194 1547 1323 1621 per
1352 1541 1718 1595 cameram
1746 1523 1818 1591 et
1850 1516 2097 1591 habite
2129 1539 2261 1614 pro
2293 1513 2617 1589 secunda
2645 1514 3138 1610 expeditione.

818 1654 1089 1725 Eadem
1120 1650 1266 1737 die,
1303 1646 1545 1743 vigilia
1589 1643 2040 1717 ascensionis
2074 1646 2158 1715 D.
2197 1645 2282 1714 N.
2309 1644 2394 1715 S.
2431 1639 2725 1749 Cbristi,
2771 1639 3064 1712 fuerunt
3099 1660 3358 1734 vespere

722 1779 1016 1877 papales
1048 1777 1120 1847 in
1154 1772 1433 1871 capella
1453 1770 1741 1868 majori,
1780 1772 1976 1865 Papa
2003 1755 2372 1864 presente.
2445 1771 2452 1778 '
2497 1751 2541 1781 ‘⁵
2596 1771 2607 1785 ‘

824 1908 906 1976 Et
937 1904 1008 1974 in
1043 1901 1157 1973 die
1204 1894 1561 1993 sequenti,
1616 1895 1802 1967 sesto
1862 1892 2308 1967 ascensionis
2363 1892 2721 1990 ejusdem,
2775 1890 3003 1964 missa
3051 1888 3362 1965 solemnis

732 2030 861 2105 suit
894 2028 966 2099 in
997 2024 1291 2098 basilica
1349 2047 1409 2095 s.
1478 2020 1671 2094 Petri
1728 2042 1946 2115 quam
2005 2018 2394 2092 celebravit
2449 2022 2699 2090 Rmus.
2766 2022 2852 2090 D.
2913 2015 3290 2090 cardinalis
3315 2038 3360 2085 s.

731 2151 1079 2250 Dionysii,
1118 2153 1311 2245 Papa
1340 2150 1704 2244 presente.
1743 2148 1900 2218 Non
1945 2144 2076 2217 fuit
2108 2167 2350 2216 sermo
2387 2167 2606 2239 quem
2642 2144 2963 2217 facturus
2997 2150 3152 2217 erat
3181 2139 3365 2213 nimis

722 2278 1004 2376 juvenis
1040 2273 1339 2349 scutifer
1387 2270 1773 2365 cardinalis
1814 2269 2200 2343 Valentini.
2256 2269 2476 2341 Missa
2508 2268 2738 2358 finita,
2783 2272 2986 2364 Papa
3018 2265 3208 2341 venit
3239 2265 3365 2338 sine

728 2402 1186 2490 baldachino,
1232 2403 1447 2494 prout
1488 2396 1708 2469 etiam
1753 2394 2182 2468 ascenderat
2232 2393 2321 2466 de
2354 2393 2619 2490 palatio
2668 2417 2798 2489 per
2839 2416 3102 2466 navem
3144 2390 3366 2464 Vultus

735 2527 1052 2615 Domini,
1088 2548 1291 2597 more
1326 2522 1565 2611 solit0,
1604 2520 1769 2593 inde
1802 2518 2127 2593 ascendit
2159 2519 2233 2591 in
2271 2519 2512 2592 locum
2539 2518 2828 2615 publice
2867 2514 3366 2591 benedictionis

735 2655 863 2724 SS.
901 2655 985 2723 D.
1024 2656 1295 2736 noster,
1345 2646 1466 2718 ubi
1505 2644 1771 2741 populo
1817 2644 2238 2717 solemniter
2267 2644 2660 2734 benedixit,
2697 2651 2770 2717 et
2808 2643 3009 2717 dedit
3041 2638 3366 2740 plenarias

739 2773 1219 2870 indulgentias
1252 2794 1426 2867 quas
1470 2769 2126 2867 pronunciaverunt
2158 2773 2403 2841 Rmus.
2455 2773 2542 2843 D.
2597 2768 2987 2843 cardinalis
3021 2794 3082 2843 s.
3119 2762 3366 2858 Georgii

739 2905 811 2971 et
870 2898 1279 2984 CesarinuS‚
1338 2894 1711 2980 diaconuS,
1758 2893 1830 2964 in
1861 2892 2083 2965 latino
2142 2900 2211 2966 et
2243 2895 2316 2965 in
2360 2894 2688 2991 vulgari:
2739 2894 2882 2967 alia
2923 2916 3132 2967 more
3187 2888 3367 2962 solito

741 3031 906 3097 sunt
938 3024 1338 3095 observata.

844 3151 1050 3224 Feria
1076 3154 1301 3237 sexta,
1341 3152 1432 3219 ΞΟ
1464 3148 1663 3237 maii,
1699 3146 1892 3220 circa
1923 3144 2180 3220 hora'm
2213 3146 2636 3242 vigesimam
2672 3166 2918 3235 unam,
2955 3144 3368 3217 intraverunt

746 3275 1013 3349 Urbem
1053 3298 1184 3371 per
1226 3282 1509 3369 portam
1556 3278 2119 3362 Lateranensem
2161 3276 2312 3344 DD.
2363 3271 2740 3345 Goffredus
2783 3274 3054 3368 Borgia
3093 3270 3179 3343 de
3224 3272 3370 3341 Ara-

756 3399 997 3497 gonia,
1038 3398 1377 3495 princeps
1429 3396 1768 3494 Squillaci
1811 3404 1885 3469 et
1927 3420 2174 3470 comes
2206 3397 2514 3487 Cariate,
2566 3400 2694 3471 SS.
2745 3402 2833 3470 D.
2887 3399 2978 3469 N.
3025 3391 3372 3471 Alexandri

746 3548 927 3620 pape
972 3527 1064 3596 vl
1112 3522 1328 3611 filius,
1364 3522 1436 3593 in
1484 3522 1766 3596 decimo
1812 3530 2065 3619 quarto
2123 3523 2232 3595 vel
2289 3523 2482 3595 circa
2516 3524 2728 3595 etatis
2775 3546 2902 3596 sue
2943 3522 3370 3596 constitutus,

748 3656 819 3722 et
852 3648 1159 3721 Domina
1189 3648 1451 3719 Sancia
1481 3647 1571 3720 de
1614 3650 1978 3745 Aragona,
2025 3649 2182 3744 ejus
2219 3670 2420 3736 uxor,
2471 3671 2638 3720 cum
2689 3671 2816 3721 sex
2863 3647 2976 3721 vel
3026 3648 3212 3720 circa
3249 3641 3375 3715 aliis

751 3772 1171 3847 mulieribus
1219 3772 1698 3869 pedissequiS,
1733 3773 1993 3869 quibus
2043 3780 2394 3847 venerunt
2437 3772 2722 3845 obviam
2755 3773 3174 3869 capitaneus
3203 3788 3378 3863 squa-
3518 3828 3519 3831 ,

750 3900 1063 3972 dronum
1094 3922 1259 3971 cum
1292 3898 1627 3995 gentibus
1660 3899 1805 3971 suis
1833 3900 2127 3972 armatis
2171 3921 2474 3973 numero
2509 3921 2593 3971 cc
2623 3898 2730 3970 vel
2773 3898 2990 3987 circa,
3041 3906 3113 3970 et
3143 3889 3373 3967 familie
3518 3966 3519 3985 ,

752 4024 1081 4098 omnium
1113 4023 1616 4114 cardinalium,
1653 4030 1726 4097 et
1754 4024 2008 4121 prelati
2043 4027 2260 4121 Pape.
2293 4026 2610 4097 Fuerunt
2641 4023 2836 4095 enim
2865 4021 3010 4095 hoc
3041 4041 3244 4093 mane
3273 4035 3380 4111 per
3518 4046 3519 4103 3

754 4172 1092 4222 cursores
1125 4150 1251 4221 SS.
1302 4152 1387 4222 D.
1426 4152 1511 4221 N.
1549 4172 1733 4246 pape
1780 4148 2011 4246 rogati
2057 4150 2144 4222 ad
2191 4148 2606 4222 instantiam
2654 4156 2726 4222 et
2775 4170 2864 4221 ex
2914 4153 3120 4244 parte
3179 4138 3378 4216 cardi·

758 4274 945 4347 nalis
1012 4272 1373 4347 Valentini
1424 4274 1687 4370 singuli
1744 4273 2148 4347 cardinales
2219 4272 2414 4369 quod
2473 4272 2944 4367 dignarentur
3005 4269 3376 4367 capellanos
3518 4294 3519 4347 3

762 4404 833 4471 et
882 4397 1257 4470 scutiferos
1304 4421 1473 4471 suos
1520 4398 1803 4473 obviam
1848 4398 2137 4471 mittere
2174 4398 2454 4495 prefato
2492 4401 2576 4470 D.
2626 4396 2962 4470 Goffredo
3013 4394 3206 4469 fratri
3243 4410 3372 4462 suo.

763 4524 1029 4597 'Urbem
1064 4524 1351 4597 intranti
1386 4549 1400 4596 ε
1444 4523 1641 4619 quod
1670 4529 1741 4596 et
1798 4524 2124 4598 fecerunt
2153 4546 2408 4597 omnes
2441 4528 2642 4596 extra
2670 4528 2952 4620 portam
2987 4518 3372 4617 predictam.

764 4660 966 4723 extra
995 4623 1213 4744 quam
1244 4648 1435 4723 venit
1458 4649 1737 4722 obviam
1774 4647 2051 4721 eisdem
2094 4652 2179 4721 D.
2214 4648 2544 4721 Lucretia
2583 4647 2874 4736 Sfortia,
2911 4647 3128 4720 etiam
3157 4644 3271 4717 SS.
3305 4642 3372 4709 D·

764 4777 849 4845 N.
885 4797 1068 4869 pape
1100 4774 1273 4864 filia,
1308 4798 1489 4847 uxor
1518 4773 1982 4847 illustrissimi
2006 4776 2090 4846 D.
2126 4772 2474 4846 Johannis
2497 4772 2783 4862 Sfortie‚
2811 4772 3086 4845 Pisauri
3113 4761 3372 4846 domini,

768 4920 971 4969 soror
990 4900 1073 4969 D.
1112 4899 1429 4971 Goffredi
1460 4900 1793 4973 intrantis
1811 4921 1977 4971 cum
2006 4898 2392 4972 duodecim
2425 4898 2582 4971 aliis
2611 4897 2724 4971 vel
2753 4899 2946 4971 circa
2965 4892 3372 4970 mulieribus

764 5028 929 5095 ante
986 5022 1267 5095 habens
1314 5024 1495 5095 duos
1534 5024 1811 5120 pagiOS,
1865 5024 2046 5097 duos
2105 5024 2488 5096 mantellos
2533 5023 2971 5113 deferentes,
3019 5018 3372 5094 insidentes

764 5148 1044 5221 duobus
1114 5147 1345 5243 equiS,
1416 5171 1721 5243 quorum
1770 5173 1959 5221 unus
2017 5155 2436 5243 coopertam
2477 5148 2564 5221 de
2597 5150 2936 5225 broccato
2987 5170 3198 5224 aureo
3241 5138 3374 5239 pul-

772 5273 1160 5349 cherrime.
1197 5272 1377 5346 alins
1418 5281 1836 5370 coopertam
1881 5274 1970 5348 de
2015 5275 2276 5349 velluto
2322 5276 2726 5349 cremesino
2762 5276 3098 5364 habebat,
3139 5292 3264 5368 que
3302 5269 3370 5336 D·
