3625 6059
228 554 385 617 [An-ss
412 556 555 617 1495]
873 554 1129 614 RERUM
1174 554 1633 615 URBANARUM
1678 555 2202 615 COMMENTARII.
2247 572 2256 581 ·
2775 564 2886 621 249

232 707 676 806 depredatus.
714 708 819 782 Illi
847 709 970 807 qui
1012 710 1278 785 Urbem
1300 711 1667 786 exiverant
1696 712 2180 809 confugerunt
2208 712 2298 787 ad
2327 736 2556 787 unam
2581 713 2882 790 domum

229 839 417 908 extra
441 840 726 932 portam
770 835 1009 925 sitam,
1044 835 1115 909 in
1150 859 1291 933 qua
1329 860 1406 911 se
1436 837 1667 911 libere
1699 837 2181 913 defenderunt
2217 863 2234 911 :
2269 840 2561 931 rumore
2595 839 2874 927 sedate,

228 960 633 1057 capitaneus
690 960 935 1059 palatii
985 965 1177 1060 Pape
1232 961 1376 1035 sive
1424 962 1615 1037 illius
1668 962 2024 1054 custodia,
2067 965 2482 1039 convocatis
2539 966 2877 1041 omnibus

224 1087 381 1184 ipsis
424 1087 814 1179 Suizzeris,
862 1088 1242 1163 associavit
1271 1095 1345 1163 et
1392 1089 1735 1163 conduxit
1766 1112 1894 1193 eos
1920 1089 2014 1163 ad
2041 1089 2358 1187 hospitia
2386 1092 2778 1189 Campanie
2805 1097 2876 1165 et

224 1212 488 1309 Angeli,
525 1237 755 1312 prope
786 1237 1123 1312 campum
1155 1215 1393 1307 Flore,
1428 1216 1548 1289 ubi
1578 1216 1902 1314 pluribus
1927 1214 2182 1290 diebus
2211 1224 2796 1314 permanserunt.

189 1380 193 1383 -
310 1335 615 1422 Quidam
668 1336 929 1412 nobilis
988 1339 1261 1429 GalluS,
1322 1363 1487 1413 cum
1540 1339 1866 1438 pluribus
1909 1339 2380 1415 servitoribus
2417 1341 2512 1415 ad
2561 1342 2870 1440 patriam

228 1462 567 1539 rediturus
612 1487 747 1561 per
790 1470 1089 1563 pontem
1144 1466 1459 1540 Milvium
1518 1466 1878 1563 equitanS,
1942 1473 2014 1539 et
2057 1471 2222 1563 post
2279 1466 2360 1541 s'e
2398 1466 2682 1541 habens
2726 1474 2872 1543 tres

225 1588 467 1662 salmas
526 1588 894 1665 bonorum
940 1613 1265 1683 suorum,
1311 1591 1445 1665 fuit
1485 1614 1619 1689 per
1645 1590 1844 1665 illam
1887 1590 2074 1667 viam
2127 1591 2332 1689 equis
2364 1592 2512 1666 suis
2553 1597 2627 1668 et
2658 1593 2872 1667 rebus

224 1737 297 1788 ac
340 1738 483 1789 una
530 1714 769 1790 salma
840 1721 1121 1790 tantum
1184 1740 1329 1814 que
1383 1740 1612 1815 prope
1686 1716 1924 1815 ipsum
1992 1724 2144 1791 erat
2215 1716 2562 1813 spoliatus
2611 1723 2683 1792 et
2737 1717 2871 1792 sibi

224 1839 487 1916 circiter
534 1847 748 1916 scuta
825 1841 1345 1939 quinquaginta
1398 1843 1714 1939 quinque
1770 1849 2232 1938 receperunt,
2302 1843 2724 1919 retrocessit
2782 1844 2874 1917 ad

227 1966 469 2040 Urbem
530 1974 606 2041 et
676 1967 856 2041 alias
908 1969 1089 2041 duas
1130 1968 1395 2041 salmas
1452 1991 1619 2042 suas
1666 1991 1846 2065 quas
1887 1990 2020 2066 per
2058 1968 2244 2042 viam
2303 1967 2569 2042 invenit
2621 1992 2872 2043 secum

224 2092 371 2165 fecit
420 2091 695 2168 redire.
764 2092 987 2167 Filius
1054 2094 1438 2169 cardinalis
1493 2093 1994 2168 Macloviensis
2040 2094 2134 2168 ad
2189 2094 2457 2171 Urbem
2501 2102 2872 2170 revertens

224 2214 332 2289 fuit
354 2240 577 2316 prope
604 2219 923 2293 insulam
960 2220 1389 2293 Ursinorum
1423 2219 1713 2295 circiter
1739 2219 1879 2294 tria
1902 2219 2218 2295 millibus
2251 2228 2622 2295 scutorum
2653 2219 2872 2317 spoli-

228 2346 391 2415 tatus
420 2350 491 2417 et
522 2344 850 2419 occisus.
1054 2442 1061 2445 -

220 2492 227 2497 ·
308 2472 435 2543 Res
480 2469 625 2543 hec
658 2476 917 2545 contra
948 2471 1313 2546 Suizzeros
1347 2473 1481 2547 fuit
1510 2472 1599 2547 ab
1640 2474 1977 2571 Hispanis
2007 2474 2505 2572 preordinata;
2541 2478 2614 2551 et
2643 2475 2874 2551 omni·-

228 2591 341 2665 bus
366 2592 567 2668 bonis
600 2618 893 2689 eorum,
940 2596 1189 2671 sivein
1228 2598 1417 2673 Urbe
1446 2598 1591 2671 sive
1621 2590 1854 2697 prope
1880 2606 2118 2673 castra
2144 2600 2257 2673 vel
2289 2600 2482 2674 circa
2509 2599 2871 2695 Burghet-

230 2724 378 2809 tum,
412 2720 719 2794 omnino
752 2720 1116 2819 spoliatis;
1151 2727 1225 2798 et
1252 2722 1344 2795 ad
1375 2722 1715 2797 effectum
1745 2724 2162 2822 hujusmodi
2188 2726 2556 2823 petierunt
2580 2748 2625 2798 a
2655 2726 2864 2798 R'mo.

228 2850 303 2918 D.
354 2846 949 2922 vicecancellario
1002 2856 1256 2923 mutuo
1308 2847 1443 2922 sibi
1508 2850 1815 2946 prestari
1872 2850 2172 2946 triginta
2235 2873 2488 2947 equ03,
2551 2850 2871 2946 janettos

228 2980 685 3069 nuncupatoS,
726 2970 987 3069 quibus
1036 2994 1113 3047 se
1144 2973 1473 3071 indigere
1514 2972 1970 3065 assereban13
2007 2975 2099 3048 ad
2133 2973 2326 3071 quod
2357 2982 2600 3047 tamen
2644 2994 2870 3067 equos

230 3094 313 3166 eis
362 3096 843 3172 mutuandum
904 3099 1281 3173 recusavit.
1348 3098 1510 3172 Fuit
1566 3098 1828 3173 deinde
1883 3102 1974 3174 ab
2047 3099 2404 3197 aliquibus
2461 3097 2866 3196 expositum

229 3221 643 3297 cardinalem
695 3220 1163 3297 Valentinum
1220 3222 1547 3321 predicta
1596 3232 1856 3301 contra
1887 3224 2260 3299 Suizzeros
2292 3223 2664 3299 ordinasse
2695 3232 2766 3299 et
2795 3224 2870 3297 in

227 3346 575 3425 vindictam
626 3349 1005 3439 statuisse,
1049 3348 1181 3446 pro
1228 3371 1317 3424 eo
1365 3351 1560 3448 quod
1596 3352 1931 3443 Suizzeri,
1977 3348 2154 3447 rege
2192 3349 2496 3424 Francie
2532 3374 2767 3449 nuper
2795 3350 2870 3424 in

232 3470 387 3547 Urbe
416 3475 811 3564 existente,
840 3480 1150 3549 matrem
1181 3498 1388 3549 suam
1422 3475 1860 3575 octingentis
1896 3475 2174 3570 ducatis
2205 3498 2290 3550 ac
2318 3475 2536 3550 rebus
2557 3476 2868 3551 ethonis

228 3597 351 3671 suis
390 3600 541 3674 aliis
586 3602 671 3674 in
721 3600 1015 3699 propria
1053 3601 1272 3675 domo
1332 3624 1463 3676 sua
1505 3626 1633 3678 sue
1693 3605 2160 3679 habitationis
2205 3611 2276 3679 et
2321 3604 2740 3693 residentie,
2800 3604 2866 3678 vi

229 3730 283 3796 et
304 3724 562 3825 absque
590 3726 875 3800 ratione
907 3725 1228 3800 indebite
1260 3726 1743 3823 spoliaverant
1766 3735 1840 3803 et
1864 3729 2240 3827 depredati
2275 3729 2309 3802 f
2309 3734 2562 3804 nerant
2594 3727 2722 3821 (1).

311 3852 431 3925 Die
496 3850 813 3939 sabbati,
876 3858 919 3925 4
967 3850 1238 3947 apriliS,
1296 3852 1371 3923 in
1431 3876 1671 3946 mane,
1750 3854 2204 3953 Alphonsum
2260 3852 2624 3928 Sardinias
2695 3854 2866 3928 olim

230 3976 631 4050 sanctissimi
676 3980 767 4049 D.
802 3978 890 4050 N.
934 3976 1339 4068 cursorem,
1387 3985 1556 4054 tunc
1588 3979 1797 4055 Urbis
1837 3980 2266 4077 barigellum
2314 3980 2481 4053 cum
2530 3976 2866 4075 gentibus

232 4099 353 4173 suis
384 4124 470 4176 ex
507 4100 827 4177 Piscaria
884 4100 1313 4175 redeuntem
1346 4126 1474 4176 seu
1528 4098 1699 4177 illuc
1750 4108 2046 4178 euntem
2095 4102 2356 4176 invasit
2401 4100 2856 4197 Sabastiglia,

233 4224 373 4299 civis
414 4250 786 4316 romanuS,
818 4228 1187 4319 armatum,
1233 4227 1475 4302 animo
1526 4228 1952 4319 deliberato,
2016 4234 2090 4301 et
2137 4206 2214 4302 se
2254 4233 2508 4301 mutuo
2556 4225 2864 4323 graviter

232 4348 774 4457 vulneraverunt.
830 4354 1029 4425 Unus
1088 4375 1179 4426 ex
1230 4351 1696 4427 servitoribus
1750 4352 2078 4449 barigelli
2132 4352 2347 4428 unico
2401 4352 2548 4426 ictu
2596 4350 2864 4426 collum

234 4474 623 4575 Sabastiglie
656 4476 895 4569 scidit,
932 4500 1023 4553 ex
1056 4501 1199 4575 quo
1234 4476 1382 4553 ictu
1413 4480 1675 4555 cecidit
1698 4478 2156 4578 Sabastiglia,
2195 4476 2408 4552 abivit
2437 4475 2856 4575 barigellus,

238 4606 543 4696 etparum
558 4603 749 4676 ultro
774 4602 993 4678 etiam
1024 4602 1325 4695 cecidit3
1358 4611 1432 4677 et
1461 4604 1846 4679 servitores
1868 4604 1976 4677 sui
2013 4603 2106 4678 ad
2135 4602 2524 4700 quamdam
2555 4601 2861 4699 apothe-

241 4744 371 4799 cam
399 4726 665 4805 ibidem
694 4728 1095 4821 trahenteS‚
1131 4727 1423 4826 quidam
1454 4750 1794 4804 romanus
1827 4752 2121 4805 currens
2165 4728 2403 4828 ipsum
2432 4752 2566 4828 per
2599 4726 2861 4827 pedem

296 4985 337 5041 1.
372 4984 511 5044 Telle
530 4994 619 5045 est
646 4987 701 5045 la
725 4988 881 5058 lecon
906 4988 980 5045 du
1007 5006 1143 5047 mss.
1170 4990 1275 5046 149
1301 4990 1377 5045 du
1395 4991 1537 5046 5160
1562 4994 1619 5047 et
1636 4988 2042 5065 d'Eccard,‚col.
2067 4990 2226 5048 2067.
2255 4989 2330 5045 Le
2361 4987 2544 5063 Chigi,
2563 4989 2600 5045 f.
2633 4988 2756 5045 483.
2779 5006 2859 5055 v.,

244 5066 285 5125 le
319 5074 522 5147 55222,
560 5077 598 5135 f.
642 5079 737 5148 72,
779 5084 833 5134 et
870 5078 922 5134 le
965 5080 1160 5151 13735,
1198 5078 1237 5137 f.
1284 5080 1406 5138 137.
1452 5098 1503 5139 v.
1555 5079 1804 5136 donnent.
1844 5097 1857 5135 :
1893 5101 1939 5131 α·
2070 5078 2194 5137 Fuit
2235 5078 2432 5137 deinde
2469 5078 2540 5135 ab
2581 5076 2862 5151 equitibus

246 5164 513 5233 expositum
644 5187 740 5244 pro
772 5184 837 5225 eo
866 5168 1013 5243 quod
1050 5168 1355 5228 Suetenses
1384 5168 1539 5245 regis
1575 5168 1803 5227 Francis
1832 5168 1887 5225 vi
1916 5172 1972 5228 et.
1998 5168 2210 5245 absque
2243 5168 2452 5227 ratione
2579 5186 2610 5217 »ι
2641 5164 2748 5222 Sur
2775 5169 2862 5220 oet

249 5250 543 5327 evenenerit,
570 5275 699 5333 voy.
734 5258 967 5328 Sanuto,
996 5275 1051 5334 p.
1082 5259 1211 5319 292.
