3625 6059
212 581 337 643 [Mai
370 581 521 641 1498]
867 578 1123 636 RERUM
1171 579 1623 637 URBANARUM
1674 580 2194 638 COMMENTARH.
2784 588 2879 644 471

216 734 411 834 quod
442 733 709 808 falsum
736 740 869 826 est,
896 731 1223 830 quamvis
1249 733 1442 808 enim
1474 735 1651 808 mihi
1682 737 2008 834 precepit
2041 739 2398 813 Sanctitas
2429 747 2667 816 vestra
2691 746 2888 838 quod

216 885 377 936 eam
409 860 730 950 adirem;
760 860 1007 933 literas
1047 868 1331 933 nostras
1375 865 1619 934 tamen
1650 861 1739 934 ad
1784 885 1947 935 eam
1989 865 2385 954 transmisi,
2422 867 2886 943 rationabiles

219 1010 473 1062 causas
502 985 875 1061 adducens
898 986 1158 1082 quibus
1189 985 1386 1059 adire
1408 1009 1555 1058 non
1579 987 1854 1084 possim
1870 988 2080 1085 juxta
2104 990 2283 1063 illud
2307 1013 2466 1087 cap.
2493 991 2581 1063 Si
2600 995 2883 1089 quando

218 1115 297 1188 de
329 1112 683 1209 rescript..
712 1112 953 1186 Prima
978 1111 1303 1207 fuitquia
1332 1110 1660 1184 infirmus
1704 1119 1775 1186 et
1819 1113 2382 1189 valetudinarius
2412 1139 2611 1190 eram
2653 1125 2724 1192 et
2762 1141 2884 1215 pe-

222 1237 445 1310 riculo
494 1234 751 1308 mortis
806 1259 925 1310 me
970 1237 1511 1333 exposuissem;
1562 1239 1884 1312 secunda
1927 1239 2093 1335 quia
2134 1240 2372 1316 habeo
2432 1240 2881 1316 adversarios

221 1368 565 1466 capitales
600 1375 671 1443 et
712 1367 891 1441 tales
926 1367 1119 1463 quod
1151 1366 1427 1463 judicio
1458 1368 1781 1441 omnium
1813 1369 2076 1443 civium
2108 1367 2227 1464 qui
2258 1369 2400 1440 hoc
2433 1368 2696 1458 sciunt,
2733 1371 2881 1442 Ro-

220 1517 407 1567 mam
439 1515 591 1566 non
620 1491 1022 1590 potuissem
1056 1493 1461 1590 pervenire,
1497 1501 1571 1568 et
1607 1494 1751 1567 hoc
1793 1497 1998 1592 quasi
2038 1495 2407 1594 publicum
2450 1499 2560 1567 est
2599 1493 2672 1566 in
2707 1493 2880 1568 civi—

226 1628 389 1708 tate,
423 1619 619 1694 unde
646 1641 791 1694 non
814 1643 1113 1718 possum
1145 1620 1300 1693 sine
1329 1620 1620 1716 publica
1644 1621 1973 1697 custodia
2012 1622 2260 1718 egredi
2301 1621 2633 1708 domum3
2672 1619 2882 1693 tertia

226 1745 348 1818 suit
390 1751 693 1844 propter
734 1745 1037 1819 civitatis
1079 1738 1477 1843 periculum
1517 1747 1723 1844 cujus
1758 1748 2085 1843 regimen
2130 1746 2370 1821 adhuc
2415 1752 2570 1817 erat
2611 1745 2872 1824 debile.

226 1876 290 1941 et
334 1868 597 1940 nostris
649 1868 942 1942 monitis
992 1869 1176 1943 adeo
1224 1874 1671 1943 sustentatur
1722 1875 1795 1944 et
1836 1869 2231 1968 perficitur.
2264 1871 2344 1942 ln
2387 1869 2584 1944 calce
2633 1876 2879 1944 autem

224 1992 585 2068 literarum
635 1994 879 2090 rogavi
932 1995 1401 2068 Sanctitatem
1443 2000 1755 2069 vestram
1799 2001 1878 2069 ut
1923 1996 2063 2070 hac
2103 1993 2259 2069 vice
2306 1995 2482 2068 mihi
2516 2002 2872 2094 parceret,

224 2118 380 2214 quia
422 2118 599 2191 alias
644 2142 811 2193 cum
846 2120 1105 2216 majori
1151 2119 1641 2195 satisfactione
1684 2121 1930 2195 venire
1972 2127 2330 2219 poteram.
2367 2120 2592 2194 Miror
2630 2128 2874 2196 autem

229 2244 403 2340 quod
446 2245 803 2318 Sanctitas
842 2251 1082 2318 vestra
1122 2244 1371 2336 literas
1419 2269 1621 2321 meas
1664 2268 1813 2320 non
1855 2245 2218 2336 habuerit,
2255 2269 2559 2341 quarum
2591 2245 2874 2344 copiam

196 2377 503 2465 ‘propter
527 2370 673 2443 hoc
706 2370 780 2441 in
803 2369 1032 2443 literis
1064 2378 1461 2445 conventus
1493 2369 1717 2444 nostri
1738 2371 1899 2444 heri
1933 2371 2025 2444 ad
2055 2371 2526 2444 Sanctitatem
2562 2377 2873 2444 vestram

230 2492 449 2566 missis
490 2494 1053 2591 assignavimuS,
1089 2501 1168 2568 ut
1213 2501 1285 2566 et
1328 2494 1485 2591 ipsa
1525 2494 1761 2569 videat
1802 2494 1998 2590 quod
2039 2477 2224 2567 falso
2268 2494 2489 2567 locuti
2539 2503 2706 2568 sunt
2754 2494 2874 2590 qui

230 2619 536 2693 dixerunt
566 2644 691 2695 me
732 2619 1223 2695 obedientiam
1268 2643 1671 2694 recusasse.
1711 2624 2054 2695 Preterea
2087 2641 2252 2694 cum
2293 2618 2672 2694 Beatitudo
2713 2643 2875 2694 ves-

234 2751 328 2816 tra
354 2745 437 2817 sit
464 2745 801 2820 maximis
834 2747 1051 2822 rebus
1078 2754 1455 2844 occupata,
1490 2769 1635 2820 non
1667 2753 1910 2844 potest
1939 2747 2027 2819 de
2059 2745 2146 2818 iis
2175 2767 2318 2840 que
2347 2744 2877 2843 particulariter

236 2869 417 2959 liunt,
464 2878 795 2946 exactam
834 2871 1107 2946 habere
1148 2873 1504 2945 notitiam.
1546 2871 1755 2958 Quod
1796 2870 2313 2966 intelligenteS,
2346 2869 2682 2943 homines
2713 2893 2872 2968 per-

234 2996 393 3070 versi
447 3004 972 3095 suggesserunt
1017 3004 1093 3072 ut
1131 2999 1320 3072 hanc
1366 3020 1659 3072 causam
1710 3018 1949 3071 meam
1992 2992 2648 3085 determinandam,
2679 2995 2874 3091 judi-

236 3121 507 3196 candam
554 3132 635 3198 et
680 3125 1119 3221 puniendam
1168 3123 1651 3199 committeret
1707 3121 1974 3196 vicario
2020 3119 2338 3216 generali
2386 3127 2872 3193 conventuum

237 3247 773 3325 reformatorum
822 3249 1255 3325 Lombardie
1306 3247 1579 3322 ordinis
1626 3247 2187 3346 predicatorum,
2224 3244 2346 3340 qui
2391 3243 2615 3341 judex
2665 3242 2872 3317 nobis

238 3381 334 3446 est
354 3398 809 3474 summopere
850 3384 1263 3473 suspectus.
1296 3374 1673 3451 Notorium
1715 3379 1829 3448 est
1867 3372 2062 3447 enim
2099 3367 2298 3467 quod
2333 3368 2522 3440 inter
2561 3375 2870 3464 congre-

240 3501 567 3591 gationem
594 3500 1033 3577 Lombardie
1060 3509 1134 3578 et
1163 3509 1516 3592 nostram,
1540 3507 1842 3600 propter
1871 3496 2402 3596 separationem
2432 3490 2864 3591 predictam,

244 3633 377 3698 orte
424 3636 581 3702 sunt
630 3628 1122 3702 controversie
1176 3629 1520 3717 maxime,
1572 3634 1644 3701 et
1692 3649 1858 3700 cum
1908 3625 2102 3698 idem
2144 3619 2477 3709 vicariuS,
2522 3641 2667 3691 una
2705 3640 2870 3691 cum

248 3745 575 3842 tratribus,
610 3771 764 3824 non
802 3757 1041 3825 cesset
1070 3752 1389 3848 quotidie
1420 3774 1555 3823 nos
1589 3748 1974 3838 infestare;
2011 3743 2455 3820 constituere
2494 3739 2716 3838 igitur
2742 3743 2872 3816 ad-

248 3875 603 3949 versarium
651 3876 961 3974 alicujus
992 3877 1313 3975 judicem
1357 3877 1712 3975 ejusdem,
1742 3873 1938 3947 novit
1977 3873 2336 3946 Sanctitas
2374 3877 2616 3945 vestra
2653 3889 2870 3964 quam

248 4005 465 4074 contra
495 4003 740 4076 omnia
780 4001 868 4075 sit
895 4003 1063 4099 jura
1104 4008 1177 4076 et
1214 4002 1452 4076 divina
1492 4008 1563 4076 et
1602 4001 1947 4073 humana.
1997 4001 2338 4071 Preterea
2375 3995 2663 4090 quando
2708 3991 2870 4087 quis

250 4121 437 4199 habet
472 4127 805 4202 inimicos
848 4126 1219 4224 capitales,
1266 4127 1511 4201 omnia
1551 4128 1719 4224 jura
1760 4124 1860 4197 illi
1907 4122 2318 4197 concedunt
2357 4128 2430 4194 ut
2468 4117 2872 4218 personali-

256 4253 343 4318 ter
368 4273 499 4323 non
546 4255 877 4326 teneatur
912 4274 1334 4349 comparare
1368 4249 1487 4324 ubi
1526 4250 1660 4323 sibi
1701 4249 1840 4322 vite
1881 4246 2212 4322 imminet
2238 4245 2672 4345 periculum,
2703 4241 2874 4339 quia

255 4369 351 4443 hic
378 4377 579 4452 timor
612 4387 722 4456 est
754 4381 1021 4454 cadens
1051 4380 1127 4452 in
1157 4385 1613 4454 constantem
1636 4375 1898 4450 virum.
1931 4374 2005 4449 Si
2039 4395 2214 4471 ergo
2248 4370 2605 4446 Sanctitas
2635 4373 2873 4444 vestra

254 4497 440 4574 sciret
478 4503 731 4579 fratres
776 4503 1364 4602 congregationis
1418 4508 1663 4577 nostre
1714 4500 2031 4575 strictius
2073 4499 2310 4573 vivere
2355 4519 2572 4593 quam
2609 4495 2870 4568 fratres

256 4622 669 4723 Lombardie,
699 4637 893 4704 certe
926 4654 1091 4703 cum
1116 4629 1275 4726 ipsa
1298 4628 1541 4725 cupiat
1566 4627 1948 4724 religiosos
1978 4624 2068 4698 ad
2099 4623 2506 4721 perfectum
2537 4620 2864 4710 tendere,

260 4767 377 4820 non
432 4755 871 4853 precepisset
924 4761 1003 4830 ut
1058 4753 1607 4851 congregationi
1667 4749 2100 4826 Lombardie
2158 4747 2657 4832 renuit-emur,
2723 4767 2868 4817 11011

260 4873 421 4948 enim
450 4881 713 4957 eisdem
744 4884 1017 4956 reuniri
1050 4905 1437 4981 possumus
1467 4880 1604 4952 nisi
1635 4877 1914 4952 eisdem
1944 4874 2511 4948 conformemur.

343 5003 529 5086 Quod
556 5015 794 5083 autem
834 5008 1151 5081 strictius
1186 5007 1508 5081 vivamus
1547 5025 1763 5100 quam
1804 5001 2063 5074 fratres
2095 4995 2550 5084 Lombardie,
2587 5018 2717 5067 nos
2749 4997 2868 5090 qui

266 5123 589 5225 utriusque
618 5133 1198 5231 congregationis
1230 5138 1508 5206 secreta
1536 5128 1895 5218 110νὶ111115,
1931 5125 2108 5200 certi
2145 5146 2420 5211 sumuS,
2464 5129 2537 5194 et
2574 5119 2716 5194 hoc
2747 5143 2871 5192 ex-

264 5245 578 5328 trinsecus
615 5267 911 5355 apparet
952 5281 1041 5331 ex
1077 5258 1319 5331 multis
1360 5256 1609 5350 signis.
1648 5253 2012 5350 Scriptum
2052 5258 2163 5324 est
2193 5249 2411 5334 enim,
2447 5271 2490 5316 a
2517 5245 2872 5348 fmctibm·
