3625 6059
785 561 890 616 476
1694 555 2046 612 JoHANNtS
2097 553 2537 625 BURCHARDt,
2581 561 2588 566 '
3133 559 3262 620 [Juin
3285 563 3381 613 tm.

886 711 1365 786 Thesaurario
1397 710 1844 785 notariorum
1877 718 2064 802 rote,

888 837 1390 934 Computatori
1424 842 1970 934 procuratorum
1993 835 2519 934 penitentiarie.

886 996 919 1030 «
973 966 1077 1039 De
1128 961 1471 1035 mandato
1524 964 1651 1035 SS.
1701 966 1786 1035 D.
1829 967 1914 1036 N.
1957 985 2168 1059 pape,
2218 959 2599 1035 mandatur
2637 962 2937 1058 singulis
2985 961 3386 1060 infrascriptis

789 1086 1222 1162 officialibus
1257 1092 1615 1182 quatenus
1646 1085 1761 1160 die
1785 1085 1969 1183 Jovis
2007 1091 2092 1158 14
2124 1086 2479 1183 presentis
2514 1087 2787 1160 mensis
2809 1086 3026 1183 junii,
3061 1087 3388 1161 t'estin'tatis
3477 1074 3479 1162 l

791 1211 1258 1286 sacratissimi
1319 1211 1647 1308 corporis
1708 1210 1996 1302 Christi,
2048 1212 2179 1284 sub
2226 1233 2416 1308 pena
2459 1212 2774 1308 quinque
2825 1211 3241 1286 ducatorum
3283 1215 3388 1284 auri
3477 1189 3479 1192 Α

634 1402 654 1420 .
790 1340 879 1413 de
920 1361 1217 1412 camera
1264 1361 1555 1412 camere
1598 1336 1996 1432 apostolice
2041 1335 2629 1410 irremissibiliter
2666 1336 3276 1434 applicandorum.
3303 1337 3392 1409 de-

786 1464 1005 1539 beant
1034 1463 1216 1538 hora
1248 1485 1467 1552 nona,
1506 1462 1575 1534 in
1609 1461 1872 1560 palatio
1903 1461 2300 1558 apostolico
2323 1461 2515 1558 apud
2544 1470 2876 1535 sanctum
2909 1467 3225 1550 Petrum,
3257 1463 3390 1534 intra
3480 1562 3481 1566 Ἴ

783 1591 1090 1688 primam
1135 1595 1421 1687 portam
1464 1586 1733 1661 ibidem
1774 1610 1943 1660 cum
1983 1585 2282 1683 singulis
2322 1587 2470 1659 suis
2515 1587 2892 1660 intorticiis
2933 1587 3249 1662 honestis
3269 1611 3388 1683 prc-

794 1725 1041 1792 sentes
1086 1740 1273 1804 esse,
1312 1723 1380 1791 et
1420 1715 1679 1788 exinde
1722 1710 2360 1812 processionaliter
2402 1735 2490 1784 eo
2529 1711 2781 1786 ordine
2821 1712 3214 1810 procedere
3237 1720 3390 1806 prout

792 1847 1053 1917 BmuS.
1096 1847 1182 1916 D.
1232 1840 1673 1914 camerarius
1715 1835 2097 1925 ordinabit,
2141 1841 2212 1910 et
2249 1835 2886 1933 processionaliter
2923 1860 3054 1909 sua
3098 1834 3390 1909 intorticia

792 1966 1110 2057 deferre,
1148 1974 1219 2039 et
1252 1988 1480 2061 usque
1508 1964 1597 2038 ad
1628 1962 2173 2061 processionem
2203 1960 2638 2056 completam
2671 1961 2804 2034 sub
2835 1963 3090 2036 eadem
3123 1982 3318 2059 pena:

895 2089 1532 2165 Abbreviatoribus
1563 2090 1651 2163 de
1684 2111 1902 2186 parco
1934 2087 2217 2184 maj0ri‚

894 2214 1377 2314 Scriptoribus
1407 2213 1848 2312 apostoliciS,

889 2327 1523 2418 Abbreriatoribus
1545 2343 1634 2414 de
1664 2364 1885 2439 parco
1919 2340 2174 2413 minori
2206 2345 2278 2414 et
2301 2339 2534 2435 prima
2562 2339 2863 2414 visione.

886 2466 1481 2543 Sollicitatoribus
1510 2466 1883 2540 literarum
1910 2464 2494 2563 apostolicarum,

889 2590 1483 2668 Procuratoribus
1514 2590 2148 2672 contradictarum.

888 2717 1253 2813 Magistris
1284 2715 1589 2813 plumbi,

888 2841 1393 2930 B'ullatoribuS,

890 2967 1415 3043 Collectoribus
1448 2966 1749 3064 plumbi,

892 3093 1253 3190 Magistris
1288 3093 1660 3188 utriusque
1690 3095 2004 3190 regi-stri,

898 3217 1383 3315 Scriptoribus
1415 3217 1950 3314 penitentiarie.

896 3343 1206 3416 Notariis
1236 3348 1422 3433 rote,

886 3467 1195 3541 Notariis
1227 3467 1572 3540 auditoris
1598 3491 1916 3542 camere.

898 3623 930 3659 α
989 3596 1094 3667 De
1154 3590 1493 3664 mandato
1544 3594 1671 3664 SS.
1728 3596 1814 3666 D.
1875 3597 1960 3669 N.
2015 3617 2200 3693 pape
2254 3595 2627 3668 intimetur
2669 3591 3186 3668 locumtenenti
3237 3591 3302 3660 R.
3339 3581 3386 3652 in

791 3717 1079 3791 Christo
1110 3721 1189 3790 P.
1230 3720 1317 3789 D.
1350 3716 1766 3791 Sanctitatis
1800 3743 1924 3793 sue
1967 3720 2038 3792 in
2081 3719 2272 3793 alma
2313 3719 2504 3794 Urbe
2549 3727 2622 3792 et
2661 3719 2818 3815 ejus
2859 3717 3182 3791 districtu
3209 3704 3386 3784 vicarii

792 3841 1153 3940 generalis
1198 3839 1419 3937 quod,
1466 3841 1582 3915 die
1624 3842 1809 3938 jovis
1863 3849 1948 3916 14
1995 3846 2268 3917 mensis
2307 3845 2488 3941 junii
2544 3843 2947 3918 festivitatis
2999 3827 3390 3916 sacratissimi

796 3967 1123 4064 corporis
1182 3966 1482 4056 Christi,
1534 3967 1715 4040 hora
1765 3991 1988 4057 nona,
2037 3970 2580 4067 processionem
2641 3967 2814 4041 cleri
2867 3968 3081 4042 Urbis
3132 3991 3170 4040 a
3215 3959 3389 4059 platea

797 4092 1091 4167 basilice
1122 4091 1466 4189 principis
1512 4092 1998 4188 apostolorum
2049 4119 2181 4191 per
2217 4095 2406 4168 viam
2451 4094 2852 4168 ordinatam
2901 4101 2978 4166 et
3021 4095 3306 4190 paratam
3327 4073 3388 4149 ad

796 4216 1133 4290 eamdem
1180 4216 1551 4290 basilicam
1598 4238 1728 4290 suo
1771 4218 2021 4293 ordine
2053 4219 2493 4305 immediate,
2531 4226 2696 4292 ante
2739 4217 3266 4315 processionem
3299 4204 3386 4276 SS-

798 4347 885 4416 D.
922 4345 1008 4414 N.
1046 4363 1230 4437 pape
1280 4340 1677 4437 procedere
1716 4341 1959 4416 faciat.
1996 4345 2376 4419 Mandatur
2419 4344 2636 4418 etiam
2669 4343 3068 4417 camerario
3097 4334 3248 4415 cleri
3273 4347 3388 4426 pre-

799 4466 970 4539 dicti
1033 4472 1388 4561 quatenus
1444 4466 1576 4539 sub
1632 4490 1822 4564 pena
1872 4469 2187 4565 quinque
2240 4470 2664 4544 ducatorum
2718 4491 3009 4543 camere
3069 4453 3389 4563 apostolice

798 4589 1402 4664 irremissibiliter
1444 4591 2038 4689 applicandorum
2098 4593 2641 4691 processionem
2689 4593 2862 4667 cleri
2912 4586 3230 4690 predicti,
3261 4581 3390 4651 hora

798 4724 871 4790 et
916 4715 1169 4789 ordine
1227 4717 1676 4813 prescriptiS‚
1720 4715 2058 4791 sollicitet
2107 4725 2178 4791 et
2216 4718 2430 4791 faciat
2464 4718 2817 4814 premissa
2879 4716 3176 4789 firmiter
3213 4705 3390 4780 obscr-

797 4845 972 4917 vari.

906 4999 941 5036 «
998 4973 1103 5042 De
1155 4968 1497 5041 mandato
1544 4971 1670 5043 SS.
1728 4973 1808 5041 D.
1859 4972 1940 5042 N.
1983 4993 2165 5067 pape
2216 4969 2598 5043 mandatur
2647 4969 2948 5063 singulis
2999 4945 3390 5048 infrascripti-⁴

800 5150 850 5205 le
880 5152 1052 5207 sorcer
1082 5151 1153 5206 de
1189 5151 1449 5207 restituor
1474 5167 1543 5208 au
1574 5169 1713 5225 pape
1743 5153 1822 5207 les
1861 5153 2061 5214 ·ffl.000
2089 5151 2280 5208 ducats
2311 5152 2438 5224 qu‘il
2469 5151 2544 5206 lui
2571 5151 2720 5207 avait
2745 5151 2984 5208 enlex’cs.
3016 5149 3190 5222 Voyez
3213 5157 3284 5198 ces
3307 5135 3386 5186 itt-⁶·

799 5240 1065 5295 tructions
1094 5243 1125 5296 εὶ
1156 5239 1510 5313 l'appendice.
1540 5249 1604 5294 n⁰
1634 5242 1721 5298 31.
