3625 6059
191 584 446 649 [Octobre
477 582 626 645 ¹497]
870 577 1125 636 RERUM
1171 576 1624 637 URBANARUM
1664 577 2191 640 COMMENTARII.
2764 592 2869 649 409

193 737 442 812 habito
487 733 692 833 prius
735 733 826 807 ab
867 732 1126 807 eodem
1169 731 1562 808 cusentino
1601 732 1695 808 ad
1737 757 1989 810 eorum
2026 736 2667 836 interrogationem
2710 766 2865 818 res-

191 884 418 961 ponso
459 859 662 957 quod
693 858 900 933 aliter
927 880 1146 955 quam
1175 858 1518 933 defensus
1551 866 1746 936 esset
1775 884 1856 934 se
1898 859 2285 939 defendere
2315 886 2463 939 non
2501 867 2715 942 vellet
2742 877 2865 945 aut

191 990 459 1063 factum
493 1007 709 1059 suum
736 982 1164 1081 justificare,
1208 1006 1339 1079 per
1379 1006 1633 1057 eorum
1665 984 2112 1061 diffinitivam
2158 989 2591 1067 sententiam
2622 994 2863 1069 archi-

193 1112 617 1210 episcopatu
661 1118 734 1185 et
762 1110 1100 1185 omuibus
1141 1107 1518 1183 beneficiis
1558 1109 1940 1207 privatum,
1984 1113 2074 1187 ab
2116 1115 2449 1191 omnibus
2494 1120 2863 1197 ordinibus

192 1238 672 1335 degradatum
719 1242 792 1311 et
833 1236 1032 1311 curie
1083 1234 1390 1311 seculari
1441 1235 1919 1327 tradiderunt,
1968 1262 2095 1313 seu
2148 1239 2385 1337 potius
2428 1246 2863 1321 sententiam

193 1386 370 1461 pape
399 1362 642 1460 pridie
670 1362 892 1437 latam
930 1384 1066 1458 per
1091 1360 1507 1459 hujusmodi
1549 1384 1799 1435 eorum
1840 1364 2271 1439 sententiam
2299 1365 2433 1464 ipsi
2474 1370 2863 1445 Cusentino

197 1488 644 1578 intimarunt,
699 1492 772 1561 et
802 1486 1138 1561 adstatim
1175 1486 1414 1583 ipsum
1451 1488 1925 1563 Cusentinum
1967 1487 2313 1587 barigello
2354 1492 2562 1567 Urbis
2593 1494 2861 1571 ibidem

198 1613 405 1689 etiam
444 1612 776 1711 presenti
817 1610 1292 1709 corporaliter
1328 1611 1788 1709 assignarunt
1824 1619 1900 1689 et
1946 1613 2413 1690 tradiderunt.
2452 1620 2607 1703 Quo
2638 1618 2855 1710 facte,

200 1743 276 1811 R.
329 1742 406 1813 P.
461 1742 560 1812 D.
603 1736 976 1811 «lohannes
1019 1735 1377 1825 Marades,
1429 1737 1706 1813 electus
1750 1736 2338 1828 TulliensiS,·SS.
2376 1746 2481 1818 ·D.
2535 1746 2621 1817 N.
2674 1768 2859 1842 pape
2914 1744 2925 1755 ‘

203 1862 678 1936 cubicularius
719 1871 1072 1952 secretus,
1113 1862 1308 1937 venit
1351 1862 1445 1936 ad
1483 1863 1724 1938 aulam
1761 1863 2066 1961 predicti
2111 1866 2324 1940 castri
2368 1866 2439 1940 in
2472 1891 2859 1965 qua-com-

203 1986 496 2061 missarii
529 1994 606 2062 et
637 1987 757 2062 alii
794 2010 1012 2086 supra
1038 1987 1386 2063 nominati
1423 1997 1802 2085 presentes
1834 1997 2067 2083 erant,
2104 1995 2175 2065 et
2206 1990 2297 2067 de
2328 1992 2621 2089 speciali
2652 2017 2859 2068 man-
2908 1998 2913 2004 ⁴

205 2114 356 2187 dato
395 2116 525 2189 SS.
577 2118 670 2187 D.
706 2117 793 2188 N.
827 2137 1016 2212 pape
1041 2112 1196 2188 viva
1220 2135 1427 2206 voce,
1461 2121 1541 2190 ut
1571 2114 1905 2205 asseruit,
1936 2113 2072 2190 sibi
2096 2114 2311 2207 facto,
2342 2118 2705 2193 mandavit
2728 2120 2857 2194 ba—

209 2239 442 2336 rigello
481 2239 816 2337 predicto
857 2244 932 2313 ut
963 2238 1432 2314 cusentinum
1477 2239 1833 2337 privatum
1864 2239 2270 2337 predictum
2312 2266 2401 2316 ex
2440 2250 2677 2319 castro
2708 2268 2857 2318 non

208 2364 577 2439 adduceret
615 2363 749 2439 sed
776 2364 1014 2462 ipsum
1043 2363 1118 2437 in
1151 2385 1241 2439 eo
1277 2363 1674 2441 dimitteret
1703 2369 1774 2440 et
1809 2364 1883 2438 in
1914 2387 2229 2453 camera,
2272 2365 2347 2439 in
2376 2389 2519 2463 qua
2548 2368 2749 2465 prius
2784 2376 2857 2444 et

211 2512 416 2585 usque
445 2512 642 2564 nunc
685 2490 953 2564 morari
995 2489 1392 2579 consuevit,
1426 2496 1848 2587 reponeret;
1884 2495 2099 2588 prout
2136 2489 2401 2567 sactum
2432 2500 2569 2569 est.

293 2615 552 2690 Eadem
583 2614 736 2706 die,
771 2621 844 2691 et
872 2619 1040 2713 post
1067 2614 1478 2713 prandium,
1514 2615 1855 2713 predictis
1884 2616 1990 2689 sic
2020 2604 2359 2713 peractis,
2393 2619 2639 2693 omnia
2666 2620 2857 2696 bona

212 2738 484 2835 predicti
533 2740 914 2815 Cusentini
958 2740 1210 2837 privati
1259 2738 1550 2815 fuerunt
1589 2764 1681 2814 ex
1726 2740 2066 2816 mandato
2117 2745 2309 2839 Pape
2348 2748 2717 2839 asportata
2763 2742 2853 2819 de

216 2886 478 2939 camera
504 2889 636 2940 sua
659 2886 882 2962 quam
913 2864 984 2938 in
1015 2864 1278 2962 palatio
1303 2865 1700 2963 apostolico
1725 2865 2001 2939 habere
2032 2868 2403 2941 consuevit
2432 2873 2504 2941 et
2532 2867 2851 2966 reposita

217 2986 280 3059 in
326 2988 700 3065 sorreriam
759 2994 978 3087 Pape,
1035 2993 1122 3064 D.
1170 2993 1384 3065 Petro
1439 2988 2119 3087 Scanfrunsperger,
2178 2991 2529 3065 canonico
2566 2990 2851 3064 'Frisiu-

217 3114 420 3206 gensi,
455 3118 580 3191 SS.
619 3120 712 3191 D.
747 3118 832 3189 N.
867 3137 1054 3212 pape
1086 3113 1430 3189 servitore
1463 3122 1772 3203 secret0‚
1809 3137 2031 3212 super
2057 3113 2503 3190 attendente.

299 3239 584 3332 Deinde,
631 3244 728 3314 28
769 3240 940 3314 dicti
985 3240 1258 3314 mensis
1289 3239 1634 3330 octobriS,
1683 3238 1879 3314 idem
1920 3238 2235 3337 privatus
2274 3238 2673 3314 conductus
2712 3240 2847 3315 fuit

217 3359 292 3434 de
317 3386 590 3439 camera
615 3388 852 3461 quam.
870 3364 946 3438 in
974 3364 1168 3439 dicto
1199 3370 1439 3439 castro
1467 3362 1917 3439 inhabitabat
1952 3388 2041 3437 ex
2070 3364 2586 3440 commissione
2625 3369 2847 3463 pape,

219 3498 278 3561 et
312 3492 608 3587 positum
653 3491 732 3565 in
776 3491 998 3566 alium
1040 3491 1446 3588 squalidum
1497 3494 1569 3564 et
1607 3489 1992 3564 arctiorem
2040 3511 2411 3563 carcerem
2457 3495 2535 3563 ut
2580 3490 2851 3565 ibidem

219 3623 528 3713 perpetuo
553 3619 796 3694 lueret
821 3640 1047 3717 penas
1085 3617 1157 3691 in
1199 3638 1384 3715 pane
1425 3616 1696 3691 doloris
1727 3620 1796 3689 et
1842 3637 2033 3711 aqua
2064 3613 2377 3706 tristitie,
2422 3621 2635 3711 prout
2664 3614 2851 3691 infra

225 3740 488 3817 dicetur.

302 3870 550 3945 Eadem
579 3872 734 3962 die,
767 3868 1134 3961 mercurii,
1186 3874 1262 3941 11
1315 3867 1660 3957 octobriS,
1702 3873 1867 3964 post
1902 3868 2163 3942 horam
2191 3890 2683 3965 vesperorum,
2718 3892 2853 3967 per

227 3999 472 4084 portam
505 3995 847 4073 Viridarii
887 3994 1174 4069 intravit
1205 3994 1472 4068 Urbem
1513 3992 1944 4089 magnificus
1977 3998 2063 4066 D.
2110 3994 2589 4091 Hieronymus
2619 3996 2883 4067 Dona-¹

233 4118 346 4207 tus,
375 4122 622 4196 artium
653 4122 938 4209 doctor,
973 4118 1317 4217 patricius
1352 4122 1706 4207 Venetus,
1741 4117 1947 4191 ducis
1976 4124 2049 4192 et
2078 4116 2376 4191 dominii
2406 4121 2851 4192 Venetorum

235 4250 438 4317 orator
474 4249 765 4339 missus,
811 4253 1150 4343 receptus
1194 4268 1237 4319 a
1283 4244 1572 4318 familiis
1626 4243 1951 4317 omnium
1998 4241 2471 4317 cardinalium
2512 4246 2581 4315 et
2626 4244 2846 4339 pape,

235 4374 413 4458 prout
451 4378 518 4446 et
557 4374 678 4447 alii
724 4373 1280 4470 predecessores
1321 4370 1428 4443 sui
1473 4394 1516 4444 a
1551 4368 1877 4467 pluribus
1926 4368 2134 4443 annis
2173 4367 2351 4441 citra
2391 4366 2659 4462 recepti
2698 4366 2853 4439 fue-

239 4500 370 4566 rant
413 4504 650 4592 preter
705 4522 1006 4573 romane
1061 4495 1258 4571 curie
1314 4496 1584 4596 bonam
1637 4493 2269 4582 consuetudinem,
2306 4497 2405 4587 ‚et
2455 4490 2850 4564 associatus

241 4634 430 4711 usque
469 4623 554 4695 ad
594 4626 894 4698 domum
937 4646 1067 4721 pro
1110 4622 1430 4720 hospitio
1471 4643 1602 4695 suo
1644 4620 2079 4695 conductam
2122 4619 2189 4690 in
2235 4616 2475 4715 platea
2514 4642 2577 4691 s.
2628 4616 2850 4691 Marci

237 4734 406 4828 Juxta
428 4748 801 4823 ecclesiam
838 4749 1154 4824 Minerve
1192 4774 1208 4824 :
1249 4746 1587 4845 equitavit
1625 4747 1817 4821 inter
1842 4745 2118 4843 primos
2150 4743 2331 4817 duos
2375 4743 2693 4840 prelatos
2724 4764 2851 4839 pa·-

240 4856 360 4936 latii
385 4874 740 4963 apostolici
769 4876 891 4971 qui
923 4875 1058 4949 sibi
1091 4874 1374 4950 obviam
1411 4879 1764 4947 venerunt
1807 4869 2115 4958 medius,
2160 4866 2495 4942 videlicet
2525 4871 2843 4955 Petrum,

213 4986 610 5091 ‚episcopum
653 4999 1259 5097 calaguritanum,
1309 4997 1738 5095 magistrum
1785 4994 2045 5070 domus
2090 4992 2332 5091 palatii
2379 4993 2755 5091 apostolici
2806 5016 2849 5066 a

250 5104 476 5191 dextris
505 5129 573 5197 et
601 5126 1090 5218 Franciscum,
1126 5126 2052 5223 episcopum‘Tranensem,
2096 5116 2623 5193 thesaurarium
2657 5118 2846 5211 Pape

253 5250 286 5301 a
313 5235 586 5323 sinistris
620 5275 636 5325 :
672 5252 812 5329 alia
838 5274 1042 5328 more
1077 5251 1313 5327 solito.
