3625 6059
221 563 548 630 [Septembre
571 564 714 625 14⁹⁴]
868 563 1124 621 RERUM
1171 561 1628 620 URBANARUM
1680 560 2201 620 COMMENTARH.
2674 553 2679 558 “
2776 569 2879 624 187

225 721 564 804 Cusanm,
611 743 844 817 nepos
907 743 997 794 ex
1057 741 1310 793 sorore
1375 719 1563 792 Rmi.
1626 721 1713 792 D.
1776 718 2160 792 cardinalis
2224 712 2704 816 Neapolitani,
2756 721 2876 816 qui

225 841 460 916 omnia
481 841 776 939 reliquit
805 845 896 917 ad
935 843 1482 940 dispositionem
1522 843 1782 940 prefati
1832 848 1917 917 D.
1971 843 2391 932 cardinalis;
2427 845 2635 943 cujus
2664 846 2875 943 jussu

225 974 286 1042 et
331 967 784 1042 ordinatione
828 993 958 1067 per
1004 989 1340 1044 cursores
1390 975 1679 1041 nostros
1727 974 1973 1064 rogate
2028 975 2101 1042 et
2144 976 2395 1043 vocate
2446 968 2737 1043 fuerunt
2784 969 2875 1042 ad

223 1092 716 1166 associandum
743 1094 956 1168 funus
982 1119 1114 1193 pro
1136 1094 1384 1182 hodie,
1403 1093 1590 1166 hora
1605 1092 1953 1190 vigesima
1972 1094 2231 1192 prima,
2256 1095 2524 1168 familie
2548 1095 2873 1170 omnium

227 1221 651 1292 RRmorum.
701 1222 854 1294 DD.
902 1219 1377 1294 cardinalium
1431 1219 1525 1291 ad
1571 1218 1867 1302 domum
1922 1220 2240 1294 defuncti
2277 1219 2447 1316 (que
2498 1226 2606 1292 est
2647 1243 2871 1318 prope

224 1343 443 1440 spolia
482 1343 808 1434 Christi),
845 1353 918 1419 et
968 1351 1365 1420 conventus
1413 1346 1756 1435 Minerve,
1804 1370 1863 1418 s,
1908 1345 2290 1441 Augustini
2344 1345 2431 1417 de
2488 1346 2763 1442 Populo
2800 1353 2873 1420 et

225 1468 520 1558 Araceli‚
565 1469 1050 1565 parochianus
1097 1494 1264 1546 cum
1311 1471 1638 1569 pluribus
1700 1449 2197 1546 sacerdotiBus
2258 1475 2327 1544 et
2384 1492 2529 1543 non
2575 1477 2869 1544 vocatus

228 1591 396 1664 venit
445 1593 892 1671 camerarius
937 1594 1114 1667 cleri
1163 1595 1374 1669 Urbis
1423 1617 1590 1669 cum
1638 1594 1784 1666 suis
1830 1594 2257 1690 pluvialibus
2304 1624 2317 1668 :
2367 1594 2597 1670 vocati
2651 1597 2869 1669 etiarn

227 1719 502 1792 fuerunt
543 1742 680 1816 per
715 1743 886 1793 suos
937 1719 1454 1794 exclamatores
1485 1720 1678 1793 cives
1722 1719 2030 1792 romani.
2070 1723 2373 1794 Lavatus
2403 1720 2537 1793 fuit
2566 1720 2869 1794 defunc-
2970 1815 2977 1822 .

237 1849 338 1915 tus
367 1851 442 1918 et
483 1843 748 1917 habitu
779 1867 913 1918 suo
951 1843 1372 1940 quotidiano
1411 1843 1700 1917 indutus
1731 1851 1800 1916 et
1829 1842 2144 1939 desuper
2172 1864 2402 1937 cappa
2440 1863 2586 1936 qua
2614 1840 2871 1936 prelati

231 1975 510 2042 utuntur
555 1970 630 2042 in
673 1969 978 2066 capella,
1011 1968 1182 2065 quia
1216 1969 1538 2043 nondum
1579 1975 1734 2043 erat
1759 1972 2263 2054 consecratus3
2299 1965 2577 2064 positus
2606 1967 2737 2040 fuit
2766 1965 2869 2039 sic

229 2101 502 2190 paratus
531 2119 752 2191 super
796 2117 1126 2168 mensam
1166 2093 1238 2167 in
1280 2094 1522 2168 medio
1569 2093 1829 2167 domus
1874 2091 1968 2164 ibi
2018 2098 2343 2189 paratam
2386 2113 2554 2164 cum
2586 2090 2869 2164 duobus

231 2220 592 2294 intorticiis
623 2219 1071 2307 ardentibus,
1099 2242 1246 2293 uno
1276 2219 1368 2292 ad
1399 2225 1642 2316 caput,
1673 2217 1813 2291 alio
1846 2216 1937 2290 ad
1969 2216 2191 2313 pedes
2230 2239 2247 2288 ε
2282 2214 2557 2288 circum
2576 2214 2771 2288 circa
2796 2214 2871 2287 in

233 2353 400 2418 terra
427 2345 778 2420 sederunt
817 2367 1024 2420 soror
1067 2344 1607 2442 consanguinea
1647 2350 1718 2416 et
1751 2343 1891 2417 alie
1922 2339 2148 2414 multe
2188 2339 2529 2413 mulieres
2560 2339 2869 2412 multum

231 2467 470 2544 flentes
501 2475 571 2543 et
602 2468 963 2542 ululantes
998 2493 1300 2544 romano
1333 2491 1564 2542 more.

313 2593 570 2668 Prolati
619 2592 962 2668 sederunt
1003 2596 1077 2668 in
1124 2595 1454 2669 inferiori
1495 2599 1700 2690 parte
1753 2595 2014 2668 domus
2064 2593 2233 2689 quia
2284 2593 2535 2666 stricta
2588 2599 2743 2667 erat
2792 2598 2867 2664 et

229 2724 546 2814 angusta;
585 2718 849 2790 funesti
895 2719 970 2790 in
1013 2718 1155 2792 alia
1190 2726 1394 2817 parte
1434 2719 1694 2792 domus
1726 2741 1802 2792 se
1831 2724 2174 2815 pararunt
2204 2726 2277 2791 et
2312 2717 2410 2791 ibi
2440 2725 2867 2793 manserunt

229 2865 583 2940 quousque
633 2843 852 2916 funus
893 2850 1091 2918 esset
1131 2842 1696 2941 deportandum;
1733 2851 1909 2916 tunc
1949 2843 2484 2918 descenderunt
2524 2850 2601 2917 et
2634 2845 2867 2917 vocati

235 2968 503 3044 fuerunt
543 2968 718 3043 hinc
766 2976 838 3042 et
885 2969 1052 3043 inde
1097 2970 1172 3042 in
1209 2969 1488 3066 platea;
1527 2969 1859 3042 similiter
1892 2969 2107 3042 locati
2156 2966 2870 3041 suntintorticiorum

231 3101 642 3190 portatoreS‚
705 3094 1302 3192 archiepiscopus
1362 3097 1744 3192 Capuanus
1794 3099 1868 3166 et
1916 3093 2301 3189 episcopus
2348 3070 2768 3184 Massanus,
2802 3099 2874 3167 et

231 3219 358 3292 duo
383 3219 576 3294 cives
605 3219 889 3292 romani
919 3219 1442 3316 consanguinei
1473 3219 1794 3294 defuncti
1826 3217 2170 3292 sederunt
2200 3219 2273 3290 in
2310 3217 2633 3292 inferiori
2664 3223 2868 3316 parte

234 3344 468 3419 domus
517 3345 609 3418 ad
657 3345 1027 3419 dexteram
1071 3345 1430 3436 intrantiS,
1469 3347 1589 3420 alii
1637 3345 1894 3443 prelati
1938 3347 2029 3419 ad
2060 3344 2451 3433 sinistram,
2500 3343 2771 3418 ibidem
2802 3349 2874 3417 et

233 3477 376 3564 post
413 3493 540 3544 eos
579 3469 754 3542 hinc
803 3475 877 3543 et
925 3469 1094 3543 inde
1149 3471 1500 3568 capellani
1551 3471 2055 3561 cardinalium,
2108 3470 2493 3568 episcopus
2538 3469 2872 3566 Segobri-

235 3595 448 3670 censis
477 3595 827 3693 magister
851 3596 1110 3670 domus
1145 3597 1386 3693 palatii
1431 3602 1652 3694 Pape,
1687 3605 1760 3672 et
1791 3597 1989 3671 venit
2026 3621 2193 3671 cum
2236 3620 2381 3671 uno
2426 3595 2869 3671 cubiculario

239 3728 298 3792 et
325 3730 624 3817 quatuor
659 3722 771 3796 vel
809 3721 1002 3797 circa
1029 3721 1396 3796 scutiferis
1427 3725 1663 3820 Pape;
1700 3723 1822 3819 qui
1854 3723 2177 3798 scutiferi
2210 3729 2636 3797 manserunt
2670 3730 2872 3797 extra

235 3843 504 3919 domum
531 3869 702 3921 cum
737 3846 897 3922 aliis
937 3847 1300 3922 scutiferis
1345 3849 1817 3922 cardinalium
1856 3871 1872 3920 ε
1910 3849 2093 3922 hora
2131 3848 2587 3923 convenienti
2625 3854 2869 3944 porta-

243 3976 370 4043 tum
405 3972 535 4046 fuit
575 3972 794 4046 funus
833 3997 964 4070 per
1001 3974 1258 4048 decem
1307 3975 1774 4072 presbyteros
1820 3973 2181 4048 seculares
2226 3973 2318 4045 ad
2364 3972 2509 4045 hoc
2555 3993 2687 4068 per
2732 3992 2867 4043 nos

241 4096 610 4187 ordinatos,
649 4097 820 4195 quia
859 4097 1118 4173 fratres
1164 4099 1478 4190 Araceli,
1521 4100 1594 4172 in
1639 4122 1949 4195 quorum
1994 4097 2379 4173 ecclesiam
2430 4095 2867 4195 portandum

241 4227 399 4310 erat,
435 4223 822 4298 noluerunt
857 4223 1034 4298 illud
1069 4211 1386 4320 portare,
1425 4225 1750 4299 dicentes
1789 4223 1981 4321 apud
2016 4247 2142 4297 eos
2186 4246 2335 4297 non
2376 4222 2449 4296 id
2488 4243 2649 4296 esse
2691 4243 2868 4294 con·-

241 4343 524 4438 suetum,
571 4354 648 4422 et
677 4348 994 4446 positum
1045 4373 1264 4447 supra
1306 4350 1748 4424 catalectum
1791 4348 1867 4422 in
1905 4347 2147 4420 medio
2196 4346 2305 4419 vie
2350 4353 2517 4420 ante
2572 4345 2868 4419 domum

243 4479 562 4561 paratum.
595 4477 968 4549 Venerunt
1003 4474 1315 4571 religiosi
1362 4479 1435 4546 et
1473 4472 1711 4548 clerus
1743 4478 1908 4570 post
1950 4493 2240 4545 crucem
2279 4476 2867 4567 pertranseuntes

245 4599 304 4664 et
331 4599 804 4694 regredientes
836 4627 851 4672 :
888 4599 1101 4696 primi
1133 4599 1421 4672 fuerunt
1449 4597 1732 4672 Araceli
1773 4621 1942 4671 cum
1974 4620 2105 4671 sua
2142 4619 2386 4685 cruce,
2420 4617 2605 4692 quos
2638 4595 2867 4669 secuti

245 4726 391 4791 sunt
423 4741 481 4794 s.
521 4723 742 4797 Mario
786 4722 878 4796 de
923 4722 1224 4822 Populo,
1260 4747 1319 4796 s.
1365 4723 1780 4821 Augustini,
1826 4722 2171 4811 Minerve,
2217 4719 2617 4820 presbyteri
2654 4741 2869 4793 secu-

247 4837 408 4916 lares
431 4854 497 4920 et
525 4849 964 4922 camerarius
995 4849 1170 4922 cleri
1196 4848 1515 4937 ultimuS,
1565 4855 1728 4944 post
1761 4847 1923 4920 illos
1963 4853 2271 4944 quatuor
2307 4845 2380 4918 in
2410 4845 2863 4942 pluvialibus,

253 4974 386 5060 post
427 4991 546 5044 eos
599 4975 969 5072 sexaginta
1025 4975 1170 5046 duo
1212 4973 1574 5047 intorticia
1621 4995 1790 5046 cum
1856 4972 1995 5046 illis
2042 4971 2321 5046 duobus
2379 4995 2519 5069 que
2578 4973 2653 5045 in
2706 4971 2873 5045 aula

253 5102 570 5186 arserunt3
621 5097 836 5172 funus
889 5105 1251 5196 portatum
1297 5105 1407 5173 est
1464 5119 1714 5194 supra;
1767 5103 1934 5193 post
1972 5096 2211 5194 ipsum
2247 5096 2498 5193 viginti
2552 5102 2864 5194 quatuor

259 5212 484 5292 funesti
515 5221 656 5295 bini
697 5231 772 5297 et
816 5222 992 5312 bini,
1025 5245 1336 5320 quorum
1379 5221 1620 5296 nullus
1659 5228 1817 5294 erat
1856 5223 2469 5318 consanguinem,
2504 5219 2864 5294 conditio-
