3625 6059
736 590 859 649 234
1666 582 2020 641 JOHANNIS
2070 579 2514 655 BURCHARm,
3025 582 3248 648 [Janvter
3269 587 3386 653 2⁴93}

856 740 1258 831 Dominica‚
1304 742 1394 813 25
1436 738 1777 837 januarii,
1836 737 2100 811 festum
2151 734 2639 812 conversionis
2693 760 2753 810 s,
2817 735 3018 812 Pauli
3085 740 3378 835 apostoli,

756 875 921 967 post
966 864 1372 964 prandium,
1428 862 1623 937 circa
1676 863 1932 936 horam
1986 885 2478 960 vesperorum,
2518 866 2736 958 Papa,
2773 869 3068 960 paratus
3118 865 3379 955 amictu,

754 993 945 1083 alba,
976 990 1162 1066 stola
1185 990 1502 1087 pretiosa
1526 996 1599 1063 et
1632 988 1866 1064 bireto
1894 989 2088 1081 alb0,
2111 987 2439 1062 ascendit
2466 1010 2732 1084 equum
2765 994 2838 1061 et
2865 986 3154 1086 accepit
3180 990 3386 1087 capel-

753 1120 904 1192 lum
936 1140 1147 1191 suum
1172 1114 1262 1189 de
1290 1113 1727 1205 cremosino,
1758 1119 2022 1189 etcum
2054 1137 2144 1189 eo
2173 1113 2660 1189 ascenderunt
2693 1112 3102 1189 cardinales
3129 1140 3147 1205 3
3181 1115 3384 1188 exive-

756 1249 923 1317 runt
950 1241 1289 1340 palatium
1313 1238 1405 1313 ad
1434 1240 1745 1337 plateam
1778 1265 1838 1314 s,
1877 1240 2097 1329 Petri,
2135 1238 2303 1312 ubi
2283 1261 2357 1311 ιιι
2397 1238 2601 1335 equis
2632 1262 2884 1335 rogem
2915 1240 3218 1314 Francie
3247 1264 3386 1315 cum

740 1366 1100 1467 'pontifice
1174 1366 1481 1457 iturum,
1544 1388 1671 1437 seu
1749 1363 1988 1461 potius
2051 1361 2406 1460 pontifex,
2477 1370 2551 1436 et
2617 1364 3022 1439 cardinales
3096 1387 3255 1437 cum
3319 1388 3388 1437 eo

734 1498 1251 1589 mexpectarunt
1287 1513 1506 1587 quem
1532 1495 1745 1564 antea
1775 1497 1846 1562 et
1883 1496 2054 1561 tunc
2085 1493 2166 1562 ut
2202 1488 2414 1563 citius
2456 1490 2729 1563 veniret
2771 1489 3126 1563 continuo
3157 1488 3388 1563 sollici-

738 1618 935 1707 ·tavi;
966 1616 1161 1691 venit
1200 1615 1488 1690 tandem
1525 1640 1657 1689 rex
1694 1614 1845 1709 qui,
1882 1637 2049 1689 cum
2096 1619 2378 1711 portam
2431 1614 2674 1712 palatii
2717 1612 3062 1687 exivisset
3111 1621 3184 1688 et
3236 1614 3390 1711 apud

758 1746 1023 1839 Papam
1052 1740 1369 1815 existens
1405 1741 1470 1813 ei
1501 1740 1813 1813 biretum
1859 1739 2342 1836 deposuisset,
2379 1739 2669 1827 amovit,
2701 1746 2774 1814 et
2820 1743 3018 1837 Papa
3063 1736 3386 1837 capellum

757 1875 831 1943 et
860 1867 1211 1957 biretum,
1242 1888 1378 1940 nec
1425 1864 1644 1938 voluit
1695 1868 1890 1962 Papa
1925 1863 2101 1937 illud
2143 1864 2338 1960 prius
2369 1886 2724 1961 reponere
2772 1887 2993 1960 quam
3039 1888 3170 1938 rex
3207 1874 3386 1962 caput

759 1994 973 2067 suum
1011 1990 1550 2088 cooperuisset;
1587 1989 1830 2065 tenuit·
1861 1989 2078 2063 etiam
2118 1992 2315 2087 Papa
2355 2012 2601 2087 regem
2647 1991 2997 2063 continuo
3041 1990 3232 2088 apud
3269 2014 3334 2063 se
3359 2014 3389 2063 a

760 2118 1096 2208 sinistris,
1115 2115 1598 2190 cardinalibus
1612 2118 1883 2213 Papam
1897 2120 2364 2212 postcrucem
2385 2115 2944 2212 precedentibus
2967 2144 2984 2204 ;
3017 2121 3108 2191 D.
3135 2116 3224 2191 de
3245 2117 3386 2190 Foix

738 2244 889 2321 seu
917 2247 1200 2331 Bressa,
1237 2264 1409 2340 sepe
1442 2241 1644 2338 quasi
1672 2241 2016 2315 continuo
2047 2240 2382 2337 equitavit
2422 2242 2512 2315 ad
2541 2239 2908 2316 sinistram
2947 2241 3150 2339 regis
3179 2242 3387 2338 sicque

758 2368 1267 2467 posuitregem
1296 2367 1617 2441 medium
1637 2365 1828 2439 inter
1848 2388 1928 2439 se
1949 2373 2021 2442 et
2044 2369 2314 2463 Papam
2338 2384 2637 2455 ;·omnes
2667 2364 2784 2441 alii
2807 2367 3179 2464 principes
3207 2374 3390 2441 etuo-

760 2493 968 2584 biles,
991 2492 1104 2567 vel
1134 2492 1365 2589 quasi,
1395 2492 1587 2588 regis
1620 2492 2044 2588 equitarunt
2064 2490 2484 2567 immediate
2511 2500 2678 2590 post
2703 2516 2984 2590 regem,
3013 2501 3090 2569 et
3117 2500 3269 2592 post
3289 2516 3390 2567 eos

762 2624 1012 2717 gentes
1060 2618 1169 2692 sui
1214 2639 1583 2694 armorum
1630 2622 1929 2713 propter
1969 2617 2164 2713 quod
2213 2618 2469 2714 prelati
2519 2619 2746 2692 nostri
2794 2640 3058 2693 omnes
3103 2640 3391 2695 recesse-

763 2748 953 2832 runt,
981 2742 1181 2817 nullo
1204 2742 1493 2839 penitus
1512 2749 1676 2838 post
1702 2745 1970 2839 Papam
1999 2748 2423 2818 remanente
2447 2769 2464 2834 3
2500 2744 2744 2842 plures
2771 2744 2992 2819 etiam
3027 2770 3119 2821 ex
3153 2744 3388 2821 eisdem

760 2867 1123 2943 nobilibus
1176 2867 1589 2963 equitarunt
1638 2870 1803 2961 post
1861 2864 2291 2955 cardinaleS,
2355 2874 2523 2941 ante
2583 2890 2836 2965 regem
2889 2876 2963 2945 et
3025 2872 3288 2966 Papam
3331 2866 3390 2939 in

762 3016 1025 3091 magna
1055 2990 1482 3069 confusione
1518 3014 1533 3063 ε
1572 2989 1904 3087 dispotus
1946 2990 2034 3064 de
2064 2996 2240 3065 Arta
2269 2994 2550 3090 accepit
2579 3016 2668 3069 ex
2706 3017 2786 3069 se
2819 2993 3070 3070 locum
3113 3002 3190 3072 et
3222 2994 3390 3091 equi-

748 3123 936 3196 ·tavit
958 3144 1129 3195 cum
1157 3124 1219 3193 A
1228 3178 1375 3195 .....
1414 3146 1431 3211 ;
1468 3120 1663 3194 dicto
1693 3124 1938 3194 autem
1967 3139 2104 3213 per
2131 3140 2248 3193 me
2279 3117 2524 3192 locum
2553 3118 2756 3193 illum
2797 3119 2934 3193 sibi
2965 3143 3120 3195 non
3161 3142 3388 3194 conve-

760 3248 941 3336 nire,
978 3246 1278 3321 recessit
1306 3246 1502 3337 inde,
1539 3252 1611 3319 et
1644 3245 2023 3319 nobiscum
2057 3244 2366 3342 amplius
2397 3266 2540 3317 non
2575 3245 2943 3341 equitavit.

858 3372 938 3442 in
970 3371 1264 3445 introitu
1296 3370 1607 3445 ecclesie
1638 3395 1698 3444 s.
1744 3368 1972 3461 Pauli,
2009 3369 2268 3443 fratres
2305 3376 2658 3443 venerunt
2699 3369 2984 3445 obviam
3023 3374 3220 3470 Pape
3252 3391 3388 3444 cum

762 3495 1259 3594 processione,
1303 3495 1425 3569 ubi
1462 3499 1665 3593 Papa
1700 3496 1791 3570 de
1834 3495 2168 3569 manibus
2208 3494 2590 3569 cardinalis
2633 3520 2693 3569 s.
2759 3498 3082 3595 Georgii,
3133 3518 3390 3573 crucem

742 3620 1129 3695 osculatus
1174 3628 1311 3711 est,
1356 3628 1428 3696 et
1468 3628 1631 3718 post
1662 3643 1831 3695 eum
1869 3644 1996 3694 rex
2025 3620 2116 3695 de
2156 3622 2490 3695 manibus
2535 3621 2890 3719 ejusdem.
2937 3626 3389 3699 Accesserant

762 3747 856 3822 ad
898 3746 1123 3821 altare
1167 3747 1425 3843 majuS,
1470 3746 1810 3820 fratribus
1861 3744 2150 3820 interim
2198 3746 2295 3819 Te
2329 3744 2570 3820 Deum
2609 3748 2986 3821 laudamus
3029 3748 3389 3824 decantan-

766 3871 982 3963 tibus,
1026 3871 1149 3945 ubi
1178 3880 1431 3968 parata
1460 3879 1665 3946 erant
1705 3872 1850 3946 duo'
1879 3870 2299 3959 faldistoria,
2348 3896 2572 3946 unum
2611 3896 2744 3970 pro
2789 3878 3009 3972 Papa,
3059 3874 3248 3949 aliud
3283 3892 3389 3970 pro

744 4018 935 4096 'rege
968 3999 1543 4073 convenienter:
1596 3998 1720 4073 sed
1761 3998 2010 4095 Papa
1992 4021 2065 4071 ιιι
2111 4020 2240 4071 suo
2285 3996 2688 4073 faldistorio
2733 4000 3160 4097 genuflexus
3207 3996 3388 4074 traxit

742 4123 855 4199 ‘ad
882 4146 960 4197 se
991 4146 1270 4220 regem,
1307 4130 1379 4199 et
1411 4124 1516 4197 sic
1543 4123 1617 4196 in
1651 4123 1912 4198 eodem
1945 4123 2161 4197 simul
2193 4123 2769 4220 genuflexerunt.

860 4252 1079 4322 Facta
1116 4250 1439 4324 oratione
1478 4273 1611 4346 per
1654 4252 1949 4347 Papam,
1994 4247 2320 4322 ascendit
2359 4248 2450 4321 ad
2488 4248 2811 4323 medium
2849 4248 3123 4340 altaris,
3169 4251 3282 4325 ubi
3315 4246 3390 4321 acl

762 4373 986 4449 altare
1028 4397 1278 4448 versus
1310 4379 1535 4464 stanS,
1586 4380 1657 4447 et
1696 4373 1891 4447 cruci
1935 4397 2063 4447 sue
2110 4373 2388 4448 vultum
2431 4379 2716 4449 vertens
2747 4381 3004 4449 contra
3034 4374 3390 4451 ordinatio-

763 4522 934 4575 nem
968 4522 1233 4594 meam,
1268 4500 1632 4575 cardinale
1672 4524 1732 4574 s,
1775 4499 2065 4596 Georgii
2101 4498 2193 4572 ad
2225 4499 2446 4573 altare
2479 4524 2538 4572 s,
2577 4499 2984 4575 Sebastiani
3015 4510 3090 4577 et
3121 4500 3392 4575 sacrista
3531 4570 3533 4591 ἶ

748 4624 1026 4701 'nostro'
1078 4624 1154 4699 id
1198 4624 1691 4715 suadentibus,
1755 4624 1884 4699 sed
1939 4625 2124 4699 male
2167 4632 2238 4700 et
2295 4646 2660 4721 perverse,
2711 4624 2906 4699 dedit
2973 4624 3390 4702 benedictio·

763 4770 960 4838 nem,
1016 4748 1263 4822 dicens
1310 4774 1325 4823 ε
1378 4750 1497 4822 Sit
1546 4772 1801 4823 nomen
1857 4748 2153 4823 Domini
2207 4748 2673 4843 benedictum,
2718 4764 2882 4845 etc„
2929 4760 3005 4826 et
3043 4738 3390 4845 indulgen-

763 4871 899 4943 tias
930 4874 1251 4948 'centum
1324 4897 1679 4948 annorum
1739 4897 1918 4972 quas
1978 4874 2347 4971 predictus
2405 4875 2786 4951 cardinalis
2841 4902 2899 4950 a.
2945 4874 3228 4974 Georgii
3275 4894 3392 4970 pu-

3531 4606 3533 4750 ᾖ

764 4994 1049 5070 blicavit
1092 4996 1341 5081 latine,
1379 5004 1457 5072 ut
1494 4998 1854 5074 videretur
1888 4998 2044 5096 regi
2075 4997 2342 5095 aliquid
2363 5000 2640 5091 facere,
2675 5024 2842 5075 cum
2881 5008 3126 5075 tamen
3155 4996 3266 5073 illa
3289 4994 3386 5067 die
3530 4990 3531 5049 ἶ

761 5123 891 5199 fuit
941 5126 1013 5199 in
1049 5124 1350 5200 basilica
1396 5127 1704 5225 majore,
1740 5136 1812 5203 et
1845 5128 2028 5203 forte
2060 5127 2381 5225 plenarie
2410 5125 2856 5223 indulgentie
2895 5150 2940 5200 a
2969 5126 3116 5199 suis
3149 5120 3381 5222 prede-

750 5250 1173 5326 cessoribus
1231 5274 1579 5326 concesse
1636 5280 1649 5326 :
1705 5254 2015 5327 surrexit
2068 5251 2330 5326 deinde
2388 5275 2517 5327 rex
2573 5256 2647 5326 et
2703 5276 2868 5325 cum
2927 5250 3255 5350 pontifice
3301 5242 3376 5317 ad
