3625 6059
207 562 360 621 [Mars
387 558 530 621 μετ]
886 559 1136 616 RERUM
1185 559 1640 615 URBANARUM
1678 558 2199 617 COMMENTARH.
2773 568 2871 621 361

197 711 632 809 Sinulphum
681 713 924 787 eidem
956 713 1264 787 ecclesie
1303 713 1592 787 Clusine
1621 713 1927 810 prefecit
1962 714 2033 786 in
2076 714 2495 813 episcopum
2527 723 2599 790 et
2634 724 2875 814 pasto-

197 861 366 911 rem.

285 963 492 1037 Feria
517 972 796 1059 quarta
823 964 1122 1062 maJoris
1154 963 1642 1053 hebdomade,
1680 968 1770 1035 22
1805 964 2067 1053 martii,
2102 966 2296 1040 circa
2323 966 2581 1040 horam
2611 968 2874 1064 vigesi-

195 1110 370 1160 mam
407 1109 679 1177 unam,
719 1090 848 1162 SS.
888 1091 974 1160 D.
1013 1094 1286 1178 noster,
1321 1097 1610 1186 paratus
1649 1088 1722 1160 in
1769 1112 2000 1185 cappa
2040 1089 2131 1164 de
2173 1090 2504 1182 scarlat0,
2542 1092 2877 1187 pedester

197 1211 371 1283 venit
416 1212 514 1285 ad
559 1212 952 1309 capellam,
1001 1212 1122 1286 ubi
1153 1213 1342 1287 dicte
1389 1219 1553 1287 sunt
1590 1213 1939 1286 matutine
1983 1216 2469 1287 tenebrarum.
2519 1218 2675 1288 Duo
2722 1216 2874 1288 dia-

195 1338 340 1409 coni
373 1326 804 1411 cardinales
831 1362 978 1411 non
1011 1338 1438 1436 adjuvarunt
1471 1342 1741 1434 Papam
1767 1337 1843 1409 in
1863 1337 2261 1412 faldistorio
2288 1347 2617 1413 orantem
2641 1365 2875 1437 neque

197 1461 275 1533 ad
303 1460 579 1534 solium
616 1463 1134 1554 accedentem;
1173 1463 1301 1536 sed
1333 1463 1764 1535 assisterunt
1794 1461 2049 1556 prelati
2080 1488 2095 1536 ε
2126 1463 2335 1536 rediit
2366 1472 2635 1553 autem,
2675 1464 2875 1538 linito

199 1585 454 1674 officio,
491 1588 594 1659 ad
637 1612 1010 1662 cameram
1053 1612 1258 1661 suam
1301 1588 1378 1659 in
1427 1585 1600 1660 sede
1649 1609 1778 1658 sua
1820 1594 2169 1681 portatus.
2208 1592 2465 1663 Cetera
2507 1598 2669 1664 acta
2712 1598 2877 1663 sunt

201 1736 382 1783 more
411 1711 675 1786 solito.

287 1836 496 1908 Feria
529 1838 796 1933 quinta
820 1838 1114 1935 majoris
1146 1837 1637 1929 hebdomade,
1667 1844 1756 1917 23
1787 1841 2024 1916 martii
2056 1839 2247 1913 circa
2275 1840 2529 1912 horam
2552 1862 2704 1929 xm,
2744 1842 2870 1912 SS.

202 1966 274 2033 D.
308 1964 390 2034 N.
429 1969 744 2058 paratus
777 1985 979 2036 more
1009 1962 1252 2053 solim,
1283 1963 1480 2036 venit
1513 1964 1602 2037 ad
1630 1967 1985 2063 capellam
2018 1965 2369 2062 majorem
2398 1964 2521 2038 ubi
2554 1964 2878 2037 interfuit

203 2090 404 2161 misse
467 2088 792 2161 solemni
853 2110 1070 2184 quam
1123 2087 1510 2162 celebravit
1562 2094 1809 2164 Rmus,
1864 2094 1948 2165 D.
2006 2090 2389 2163 cardinalis
2452 2089 2877 2163 Alexandri-

201 2237 347 2284 nus.
383 2214 620 2287 Missa
647 2213 876 2301 finita,
914 2215 1038 2286 SS.
1079 2215 1166 2285 D.
1204 2215 1288 2284 N.
1329 2215 1638 2309 portavit
1671 2222 2215 2290 sacramentum
2251 2238 2384 2310 pro
2417 2216 2731 2287 crastina
2760 2215 2875 2287 die

211 2337 636 2409 servandum
667 2338 756 2411 de
789 2338 1068 2432 capella
1094 2342 1370 2437 maJore
1411 2338 1500 2411 ad
1542 2339 1904 2413 minorem
1948 2338 2580 2437 processionaliter
2616 2363 2631 2411 :
2674 2339 2877 2411 audi-

215 2474 390 2535 tores
443 2468 834 2559 portarunt
885 2462 1207 2537 fimbrias
1265 2464 1666 2538 anteriores
1714 2464 1933 2537 vestis
1994 2468 2183 2560 Pape
2244 2469 2315 2536 et
2372 2464 2513 2545 dux
2574 2464 2871 2554 Gandie,

219 2587 388 2659 lilius
447 2590 648 2682 Pape
672 2645 689 2676 ,
735 2588 1038 2684 portavit
1095 2590 1418 2662 fimbrias
1469 2589 1912 2686 posteriores
1972 2588 2118 2661 sive
2191 2588 2493 2660 caudam
2554 2586 2877 2683 pluvialis

221 2714 420 2807 Pape.
465 2711 755 2785 Deinde
801 2713 890 2785 de
939 2713 1218 2810 capella
1263 2713 1524 2811 majori
1571 2714 1764 2787 venit
1809 2712 2446 2811 processionaliter
2497 2711 2586 2785 ad
2630 2712 2874 2784 locum

227 2834 494 2930 publice
541 2835 1099 2925 benedictionis,
1135 2838 1258 2910 ubi
1294 2843 1572 2911 mutato
1603 2837 1920 2935 pluviali,
1958 2842 2029 2909 et
2074 2838 2263 2909 facta
2298 2836 2431 2909 sibi
2474 2860 2517 2908 a
2555 2836 2879 2910 cardina—

227 2958 395 3033 libus
427 2961 867 3051 reverentia,
904 2960 1269 3059 publicata
1291 2970 1399 3036 est
1425 2962 1619 3035 bulla
1635 2961 2321 3035 anatematizationis
2347 2984 2563 3056 quam
2584 2959 2761 3057 legit
2787 2964 2871 3033 D.

233 3086 514 3159 Ursinus
565 3086 950 3174 Gambara,
1006 3086 1492 3160 subdiaconus
1541 3086 1981 3182 apostolicus
2036 3086 2288 3174 latine,
2351 3092 2420 3159 et
2476 3089 2728 3157 RmuS.
2785 3089 2871 3157 D.

232 3210 594 3283 cardinalis
622 3211 714 3283 de
747 3210 1091 3284 Farnesio
1124 3210 1194 3282 in
1237 3210 1533 3306 vulgari.
1567 3210 1936 3283 Plenarias
1966 3208 2451 3305 indulgentias
2484 3208 2876 3306 publicavit

239 3335 458 3407 limus,
491 3338 578 3408 D.
616 3336 1059 3409 camerarius
1100 3336 1318 3409 latine
1361 3342 1432 3409 et
1467 3334 1835 3433 predictus
1872 3334 2253 3407 cardinalis
2299 3333 2388 3408 de
2429 3334 2773 3408 Farnesio
2806 3335 2875 3405 in

237 3458 504 3553 vulgari.
538 3461 758 3537 Venit
793 3460 1054 3534 deinde
1095 3460 1184 3533 ad
1213 3460 1522 3558 primam
1553 3483 1916 3533 cameram
1951 3484 2041 3533 ex
2072 3460 2299 3547 noviS‚
2336 3460 2455 3532 ubi
2498 3462 2746 3533 RmuS.
2787 3462 2872 3531 D.

239 3586 654 3657 camerarius
683 3586 858 3657 dixit
889 3586 1342 3682 evangelium
1381 3613 1394 3657 :
1428 3589 1621 3681 Papa
1663 3586 1835 3658 lavit
1865 3587 2085 3682 pedes
2126 3584 2509 3658 duodecim
2543 3585 2878 3680 pauperi-

243 3704 354 3777 bus
387 3716 678 3782 :orator
700 3711 1172 3786 Venetiarum
1203 3709 1402 3783 dedit
1445 3733 1706 3806 aquam
1737 3711 2071 3783 manibus
2106 3714 2296 3808 Pape
2338 3716 2500 3807 post
2529 3710 2879 3784 lotionem

244 3832 514 3923 pedum;
543 3833 684 3907 alia
713 3835 1092 3909 observata
1122 3843 1287 3907 sunt
1315 3856 1519 3908 more
1553 3841 1931 3907 consueto.

325 3960 390 4029 ln
421 3980 586 4033 sero
620 3964 812 4055 Papa
841 3968 1192 4057 portatuS,
1229 3967 1301 4032 ut
1331 3959 1517 4049 heri,
1554 3959 1625 4030 in
1659 3958 1860 4048 sede,
1898 3958 2089 4030 venit
2130 3958 2222 4030 ad
2261 3957 2613 4054 capellam
2658 3959 2883 4055 majo-

251 4104 398 4173 rem,
439 4085 558 4157 ubi
607 4085 934 4159 interfuit
981 4085 1378 4158 matutiniS.
1413 4084 1688 4170 Quibus
1736 4057 1986 4173 fini’tis,
2030 4081 2240 4156 rediit
2278 4082 2369 4155 ad
2414 4105 2775 4155 cameram
2808 4083 2881 4154 in

251 4206 392 4283 sede
421 4216 488 4283 et
517 4210 850 4283 similiter
892 4209 1034 4283 duo
1078 4208 1362 4281 diaconi
1413 4210 1650 4304 ipsum
1689 4232 1838 4281 non
1888 4210 2338 4305 adjuvarunt,
2380 4207 2881 4281 assistentibus

253 4330 508 4421 prelatis
533 4332 608 4405 id
636 4338 876 4407 tamen
906 4335 1420 4432 peragentibus
1450 4360 1466 4407 :
1499 4336 1640 4407 alia
1668 4358 1873 4408 more
1907 4334 2143 4409 solito.

329 4456 524 4529 Feria
553 4464 760 4530 sexta
787 4459 1086 4555 majoris
1117 4458 1602 4546 hebdomade,
1641 4463 1730 4530 24
1766 4460 2032 4547 martii,
2073 4459 2197 4530 SS.
2236 4460 2322 4530 D.
2360 4460 2443 4529 N.
2480 4466 2773 4551 paratus
2810 4456 2879 4527 in

256 4600 444 4677 cappa
483 4581 574 4654 de
615 4581 926 4655 scarlato
967 4590 1040 4655 et
1079 4585 1296 4657 mitra
1335 4583 1758 4680 simplici-in
1799 4583 1972 4657 sede
2016 4606 2145 4656 sua
2181 4581 2371 4655 venit
2410 4579 2500 4652 ad
2532 4580 2881 4676 capellam

259 4702 346 4775 ubi
387 4706 709 4781 interfuit
748 4706 1036 4802 publico
1082 4708 1325 4780 officio
1366 4709 1560 4804 quod
1599 4709 1743 4805 egit
1787 4712 2037 4780 Rmus.
2086 4711 2171 4779 D.
2209 4705 2589 4779 cardinalis
2628 4730 2687 4779 s,
2724 4704 2884 4777 Cle-

259 4831 505 4903 mentis.
559 4831 981 4904 Passionem
1020 4832 1095 4905 in
1135 4833 1577 4929 paramentis
1609 4833 1834 4929 nigris
1877 4832 2206 4905 dixerunt
2240 4835 2321 4903 R.
2371 4834 2455 4903 D.
2497 4832 2879 4919 AntoniuS,

259 4954 604 5053 episcopus
638 4956 1062 5047 LucerinuS,
1099 4959 1446 5054 magister
1483 4958 1760 5054 capelle
1795 4958 1927 5029 sub
1956 4980 2133 5031 voco
2180 4956 2440 5031 Christi
2473 4964 2547 5030 et
2578 4980 2764 5029 unus
2796 4978 2884 5028 ex

261 5082 636 5156 cantoribus
674 5082 942 5154 nostris
984 5080 1117 5155 sub
1157 5106 1332 5156 voce
1385 5082 1625 5172 tertia3
1674 5079 2079 5156 orationem
2122 5081 2290 5155 fecit
2301 5137 2445 5153 .....
2497 5058 2884 5154 celebrans

265 5224 380 5275 non
415 5206 525 5281 ivit
566 5230 734 5281 cum
773 5206 928 5281 aliis
975 5207 1045 5279 in
1091 5207 1556 5304 processione
1601 5207 1691 5280 ad
1737 5229 2029 5302 parvam
2072 5206 2425 5303 capellam
2468 5229 2600 5300 pro
2644 5226 2885 5277 sacra-
