3625 6059
682 574 752 632 74
1593 560 1941 621 JOHANNIS
1992 556 2437 629 BURCHARm,
3050 558 3181 623 [Mai
3206 562 3367 625 14⁹³]

678 725 836 799 sine
891 717 1355 809 baldachino,
1419 715 1540 791 ubi
1601 715 1823 789 misse
1892 714 2201 790 solemni
2256 712 2607 804 interfuit,
2663 732 2883 810 quam
2950 713 3361 791 celebravit

668 856 914 925 RmuS.
957 850 1042 919 D.
1081 841 1465 919 cardinalis
1513 840 1603 914 de
1657 838 1959 913 Ursinis,
1998 842 2425 914 Sermonem
2466 837 2635 912 fecit
2680 840 2768 911 D.
2814 838 2907 913 de
2952 842 3349 917 Camerino

665 976 944 1052 futurus
987 968 1320 1069 specialis
1364 964 1589 1064 Judex
1629 964 1977 1056 Marchie,
2024 964 2143 1063 qui
2192 963 2799 1062 pronunciatur-us
2844 964 3343 1065 indulgentias

665 1100 841 1175 dixit
879 1122 896 1173 ε
947 1099 1074 1173 88.
1111 1099 1196 1169 D.
1231 1094 1317 1168 N.
1353 1091 1475 1167 dat
1509 1091 1845 1166 omnihus
1886 1094 2165 1189 septem
2200 1112 2429 1165 annos
2470 1097 2543 1163 et
2578 1089 2884 1164 totidem
2928 1094 3349 1191 quadrage-

661 1248 792 1301 nas
823 1223 912 1297 de
938 1243 1112 1297 vera
1146 1218 1552 1320 penitentia
1591 1216 1666 1290 in
1705 1216 1967 1307 forma,
2003 1214 2169 1291 loco
2206 1214 2845 1312 indulgentiarum.
2882 1219 2964 1289 ln
3012 1222 3341 1316 vesperis

664 1351 1018 1451 hymnum
1049 1345 1220 1423 etin
1250 1345 1473 1419 missa
1497 1364 1788 1418 versum
1818 1340 2101 1416 alleluia
2132 1340 2363 1416 noluit
2391 1342 2698 1439 integre.
2726 1340 2855 1416 sed
2879 1342 3108 1419 voluit
3137 1346 3345 1442 quod

658 1482 994 1552 cantores
1031 1473 1107 1548 id
1147 1472 1494 1546 facerent.
1539 1466 1757 1545 Venit
1798 1473 2041 1543 autem
2092 1468 2183 1541 ad
2226 1465 2811 1564 genuflexionem
2860 1466 2954 1541 ad
2992 1468 3335 1545 faldisto-

662 1601 849 1677 rium
887 1600 981 1675 ad
1017 1604 1429 1693 utrumque,
1465 1602 1540 1669 et
1581 1616 1748 1669 cum
1790 1593 2136 1667 adversus
2176 1592 2340 1667 alba
2378 1591 2719 1667 columba
2764 1610 2931 1665 cum
2960 1594 3179 1669 radiis
3207 1614 3349 1693 per

661 1725 1036 1803 cordulam
1089 1746 1133 1797 a
1177 1728 1369 1798 tecto
1427 1719 1722 1796 basilice
1789 1719 1883 1794 ad
1944 1724 2223 1793 cratem
2288 1716 2534 1792 altaris
2593 1718 3085 1813 emitteretur,
3148 1721 3347 1820 ignis

668 1849 999 1929 accendit
1043 1846 1566 1951 et‘combussit
1615 1844 1952 1935 cordam,
2000 1850 2073 1920 et
2128 1843 2431 1918 cordula
2470 1865 2637 1919 cum
2689 1842 2904 1919 radiis
2963 1846 3223 1921 cecidit
3267 1849 3346 1923 in

667 1971 908 2053 medio
940 1972 1279 2061 ecclesie,
1315 1981 1386 2046 et
1413 1970 1680 2046 mansit
1718 1974 2029 2045 mortua.
2060 1969 2221 2043 Alia
2250 1968 2628 2043 observata
2657 1976 2823 2045 sunt
2854 1990 3057 2045 more
3088 1974 3339 2048 solito.

763 2100 1036 2178 Eadem
1069 2100 1184 2175 die
1207 2097 1510 2189 sabbati,
1543 2102 1634 2172 25
1661 2096 1862 2186 maii,
1890 2095 1965 2169 in
2008 2114 2223 2168 mane
2248 2101 2712 2169 recesserunt
2739 2119 2827 2171 ex
2858 2096 3050 2171 Urbe
3078 2100 3225 2172 RB.
3266 2100 3345 2173 in

672 2227 957 2303 Christo
987 2234 1232 2326 patres
1269 2222 1423 2300 DD.
1462 2222 1951 2297 Bernardinus
1982 2218 2519 2317 cartaginensis
2548 2226 2625 2295 et
2661 2221 3028 2298 lohannes
3058 2226 3345 2299 Pacen-

666 2356 766 2431 sis
800 2354 1148 2452 episcopi,
1199 2348 1645 2426 serenissimi
1683 2348 1877 2446 regis
1916 2352 1985 2421 et
2029 2345 2283 2443 regine
2328 2341 2835 2444 Hispaniarum
2872 2350 3225 2439 oratores,
3264 2356 3347 2422 et

665 2477 828 2553 heri
855 2478 1158 2554 recessit
1185 2480 1267 2551 R.
1295 2475 1371 2549 in
1396 2474 1682 2550 Christo
1708 2476 1790 2547 P.
1824 2477 1913 2547 D.
1942 2470 2409 2546 Gondisalvus
2440 2472 2715 2547 electus
2746 2474 3341 2563 Tarraconensis,

665 2603 854 2679 alme
886 2602 1097 2677 Urbis
1124 2602 1588 2698 gubernator,
1621 2598 1905 2673 obviam
1936 2596 2101 2671 ituri
2130 2596 2520 2694 magnifico
2552 2600 2638 2672 D.
2676 2594 2949 2672 Didaco
2981 2602 3218 2696 Lopes
3242 2598 3345 2673 de

669 2732 862 2803 Haro
909 2727 1117 2801 militi
1165 2726 1257 2800 ad
1305 2724 1574 2799 Urbem
1615 2721 1959 2815 venienti,
2006 2721 2517 2812 obedientiam,
2566 2722 2859 2797 nomine
2910 2722 3343 2797 eorumdem

665 2853 860 2951 regis
911 2861 984 2927 et
1013 2851 1291 2949 regine,
1329 2874 1474 2924 una
1503 2873 1671 2924 cum
1701 2849 1909 2923 dictis
1935 2853 2023 2922 D.
2059 2848 2610 2942 Tarraconensi,
2652 2848 3229 2946 Carthaginiensi
3262 2857 3343 2925 et

665 2977 970 3055 Pacensi
989 2976 1351 3076 episcopis
1367 2973 1914 3051 conoratoribus
1932 2974 2079 3047 suis
2096 2974 2187 3048 ad
2202 2974 2345 3048 hoc
2366 2973 2783 3064 nominatis,
2810 2975 2935 3047 88.
2966 2976 3023 3047 D
3037 3025 3055 3046 .
3080 2980 3339 3051 nostro

659 3106 1088 3202 prestituro;
1121 3108 1288 3177 ante
1315 3122 1626 3199 quorum
1649 3122 2021 3175 recessum
2053 3104 2139 3173 D.
2180 3100 2261 3174 B.
2302 3100 2687 3197 episcopus
2718 3098 3337 3196 Carthaginiensis

665 3252 708 3303 a
732 3252 851 3303 me
883 3230 1068 3303 scire
1094 3226 1314 3302 voluit
1345 3226 1419 3298 in
1448 3250 1590 3323 quo
1617 3224 1867 3301 habitu
1902 3225 2169 3301 Urbem
2198 3226 2469 3299 intrare
2501 3226 2802 3299 deberet
2822 3244 2991 3299 cum
3020 3245 3337 3301 conora-

663 3360 820 3431 tore
854 3376 983 3427 suo
1022 3373 1208 3427 novo
1245 3350 1670 3425 adveniente
1704 3350 2059 3449 predicto,
2092 3371 2183 3425 an
2226 3351 2299 3424 in
2336 3350 2683 3423 mantello
2718 3369 2885 3424 cum
2928 3348 3335 3448 cappucino

664 3476 737 3547 in
803 3474 1070 3550 collum
1125 3479 1536 3549 transverso
1592 3482 1667 3549 et
1721 3474 2003 3573 capello
2060 3474 2493 3574 episcopali,
2541 3481 2759 3573 prout
2814 3474 3133 3573 episcopi
3200 3494 3337 3574 per

666 3599 933 3673 Urbem
974 3599 1208 3674 solent
1239 3600 1586 3696 equitare,
1620 3600 1735 3675 vel
1767 3607 2133 3698 tamquam
2173 3600 2454 3695 noviter
2491 3599 2788 3675 veniens
2818 3614 2983 3673 cum
3012 3600 3327 3697 gabano,

663 3724 772 3798 vel
793 3723 1097 3799 breviori
1129 3724 1474 3799 mantello
1501 3732 1574 3801 et
1613 3726 1965 3823 capucino
2006 3748 2091 3801 ac
2133 3725 2411 3824 capello
2450 3732 2829 3801 consuetO.

759 3849 1152 3947 Respondi,
1211 3850 1403 3947 quod
1456 3850 1627 3926 licet
1694 3847 2107 3925 Dominatio
2166 3872 2297 3925 sua
2354 3850 2548 3926 dicto
2604 3874 2789 3925 novo
2853 3852 3121 3927 oratori
3192 3873 3331 3950 per

661 3974 905 4073 plures
935 3973 1164 4049 dietas
1196 3972 1479 4049 obviam
1513 3973 1698 4047 itura
1732 3996 1899 4048 cum
1936 3996 2025 4047 eo
2070 3974 2162 4049 ab
2190 3980 2393 4050 extra
2432 3976 2698 4067 veniat,
2752 3983 2825 4051 et
2855 3976 2959 4051 sic
2988 3978 3197 4075 quasi
3235 3977 3327 4052 de

659 4122 844 4176 novo
899 4100 1158 4176 itinere
1211 4105 1466 4199 utpote
1519 4100 1611 4175 ab
1668 4107 1871 4175 extra
1924 4097 2383 4177 venientibus
2436 4102 2819 4177 conveniat
2872 4103 2947 4175 in
3012 4102 3325 4178 breviori

659 4226 1002 4300 mantello
1043 4226 1190 4301 sive
1231 4226 1514 4324 gabano
1553 4230 1624 4300 et
1671 4225 1951 4323 capello
2000 4225 2213 4300 solito
2257 4222 2653 4324 episcopali
2701 4226 2971 4302 Urbem
3004 4227 3320 4324 ingredi,

663 4353 904 4422 tamen
929 4348 1101 4446 quia
1131 4349 1546 4424 Dominatio
1587 4371 1717 4425 sua
1753 4368 1903 4423 una
1944 4372 2112 4425 cum
2153 4344 2455 4424 Pacensi
2504 4354 2577 4425 et
2621 4351 3109 4449 gubernatore
3152 4371 3327 4451 pre-

657 4470 822 4548 fatis
851 4475 927 4548 in
957 4475 1148 4549 Urbe
1178 4473 1558 4565 resideret,
1595 4479 1668 4549 et
1705 4475 1780 4549 id
1818 4474 2155 4549 omnibus
2192 4481 2443 4549 notum
2488 4483 2704 4567 esset,
2740 4476 3107 4553 videretur
3136 4477 3319 4551 mihi

658 4600 886 4696 magis
926 4599 1312 4675 convenire
1361 4598 1684 4701 introitui
1739 4618 2024 4689 eorum,
2067 4598 2262 4697 quod
2307 4599 2384 4672 in
2431 4592 2797 4675 mantellis
2850 4602 3091 4699 longis
3144 4624 3321 4677 cum

655 4723 1006 4819 capucino
1039 4721 1494 4799 transversali
1527 4730 1599 4799 et
1625 4723 1904 4821 capello
1944 4730 2295 4799 consueto
2334 4722 2786 4817 incederent,
2818 4746 3037 4825 quam
3068 4728 3315 4817 aliter;

659 4869 877 4942 super
899 4872 1042 4943 quo
1064 4856 1309 4946 posset
1342 4850 1756 4925 Dominatio
1783 4874 1910 4923 sua
1938 4875 2015 4924 se
2042 4850 2472 4943 deliberare,
2504 4859 2578 4928 et
2610 4877 2745 4951 ego
2780 4853 3112 4928 similiter
3148 4858 3325 4927 ante

657 4991 913 5047 eorum
961 4972 1272 5046 reditum
1327 4974 1388 5047 si
1443 4976 1618 5070 quid
1671 4974 1933 5049 melius
1988 4975 2167 5049 mihi
2215 4975 2581 5052 videretur
2639 4975 3133 5053 Dominalioni
3184 5002 3321 5053 sue

657 5093 1072 5194 significare
1124 5100 1296 5169 tunc
1363 5098 1654 5173 vellem.
1717 5100 2261 5197 Subsequenter
2318 5101 2733 5178 Dominatio
2786 5126 2919 5179 sua
2956 5102 3140 5177 mihi
3184 5124 3323 5201 per

657 5228 1020 5297 secretum
1065 5219 1509 5319 significavit
1565 5226 1694 5297 88.
1763 5230 1848 5299 D.
1914 5228 1997 5299 N.
2044 5227 2509 5323 proposuisse
2565 5228 2748 5305 velle
2806 5229 3323 5304 serenissimos
