3625 6059
223 553 448 617 [suavior
477 552 631 615 ¹495]
854 550 1113 609 RERUM
1140 549 1615 615 ,υΗΒΑΝΑΗυΜ
1664 552 2185 615 COMMENTARH.
2774 544 2892 624 237<

307 706 591 781 Eodem
622 728 813 795 sero,
855 704 1282 780 nunciatum
1312 706 1444 781 fuit
1484 708 1809 805 pontifici
1852 733 2100 809 regem
2138 702 2592 810 Alphonsum
2633 694 2892 825 recesff

224 834 393 907 sisse
427 854 521 906 ex
550 832 852 928 Neapoli
894 855 1061 906 cum
1098 856 1365 929 magno
1406 832 1809 908 thesauro
1788 860 1864 908 m
1903 834 2128 933 galeis
2159 847 2494 934 quatuor,
2531 843 2760 917 iturus
2791 844 2882 917 ad

225 957 539 1033 Siciliam
570 960 641 1031 et
673 956 1092 1091 Hispaniam
1135 981 1269 1054 pro
1300 959 1637 1063 gentibus
1680 968 1936 1035 contra
1972 985 2219 1059 regem
2264 965 2565 1040 Francie
2608 966 2884 1040 condu-

227 1085 471 1159 cendis
499 1086 627 1177 (1).

312 1212 537 1285 Feria
575 1211 848 1308 quinta,
900 1216 991 1286 29
1041 1212 1315 1287 mensis
1349 1211 1685 1310 januarii,
1732 1218 2085 1286 venerunt
2129 1214 2283 1311 regi
2330 1217 2632 1291 Francie
2678 1225 2750 1293 et
2795 1243 2884 1293 ex

230 1336 535 1411 Francia
584 1342 965 1434 apportata
1010 1336 1301 1411 fuerunt
1349 1337 1423 1410 in
1466 1336 1836 1426 barilibuS,
1891 1338 1964 1410 in
2009 1337 2248 1430 mulis,
2303 1339 2558 1415 decem
2603 1348 2676 1417 et
2718 1349 2882 1419 octo

231 1460 457 1535 millia
490 1459 917 1533 ducatorum
950 1467 1023 1536 et
1050 1484 1286 1559 nuper
1322 1462 1538 1536 etiam
1568 1461 1853 1536 fuerant
1884 1468 2262 1560 apportata
2287 1471 2602 1561 quatuor
2629 1467 2880 1559 millia,

230 1587 561 1685 impensa
582 1586 1031 1683 singulorum
1052 1584 1361 1677 dierum,
1393 1608 1611 1681 quam
1639 1609 1765 1659 rex
1784 1585 2102 1660 hahebat
2127 1586 2488 1661 ordinarie
2519 1612 2687 1664 cum
2705 1563 2894 1664 suis..

314 1710 596 1785 Eadem
628 1710 773 1801 die,
816 1710 891 1783 in
922 1733 1111 1801 sem,
1159 1710 1579 1784 nunciatum
1618 1710 1749 1783 suit
1798 1709 2122 1807 pontifici
2178 1713 2714 1789 Ferdinandum
2752 1715 2891 1789 du-.

231 1859 381 1911 cem
416 1834 774 1926 calabrie,
810 1833 1109 1932 Neapoli
1149 1834 1223 1907 in
1253 1856 1561 1930 regnum
1592 1857 1753 1908 esse
1792 1826 2247 1933 assumptum
2279 1860 2366 1911 ex
2414 1840 2886 1915 concessione

230 1959 580 2059 Alphonsi
612 1960 863 2057 patriS,
906 1960 1287 2058 ipsumque
1332 1958 1866 2035 Ferdinandum
1915 1959 2455 2036 matrimonium
2488 1986 2653 2037 cum
2687 1965 2892 2038 illus-

230 2086 547 2159 trissima
596 2088 684 2158 D.
742 2085 1047 2159 lsabella
1097 2084 1186 2158 de
1239 2084 1625 2181 Aragonia,
1682 2084 1834 2159 filia
1883 2084 2076 2183 regis
2127 2086 2562 2161 Ferdinandi
2614 2088 2722 2162 avi
2776 2088 2886 2162 sui

236 2211 585 2303 defuncti,
670 2212 1015 2285 mandato
1082 2209 1435 2308 Alphonsi
1516 2210 1735 2308 regie,
1802 2211 2026 2308 patris
2097 2212 2233 2302 sui,
2309 2234 2470 2310 per·
2516 2213 2736 2287 verba
2797 2214 2890 2287 de

236 2336 557 2432 presenti
596 2335 1071 2425 contraxisse,
1130 2333 1492 2431 equitasse
1530 2358 1663 2433 per
1703 2335 2080 2431 Neapolim
2134 2342 2475 2433 tanquam
2518 2322 2673 2429 rex,
2735 2361 2896 2411 vas-

244 2462 451 2536 sallos
494 2462 991 2559 juramentum
1031 2457 1397 2533 fidelitatis
1448 2458 1583 2532 sibi
1641 2460 2094 2557 prestitisse,
2129 2459 2441 2537 barones
2490 2470 2562 2538 et
2609 2462 2893 2536 nobiles

242 2587 733 2661 incarceratos
779 2609 911 2683 per
964 2607 1176 2658 avum
1230 2591 1304 2659 et
1356 2584 1639 2681 patrem
1692 2610 1905 2659 suum
1965 2586 2329 2662 relaxasse
2391 2596 2464 2663 et
2511 2588 2890 2679 liberasse,

241 2710 591 2807 quosdam
622 2733 909 2809 quoque
940 2709 1257 2807 quicum
1287 2708 1507 2782 Gallis
1535 2732 1613 2783 se
1638 2710 2138 2807 intelligebant
2167 2704 2577 2811 decapitare
2601 2714 2894 2789 fecisse.

330 2836 632 2912 Interim
662 2835 1085 2909 nunciatum
1114 2834 1247 2909 fuit
1274 2835 1605 2909 Pontifici
1637 2835 2158 2911 inhabitatores
2189 2836 2492 2913 civitatis
2537 2838 2892 2928 Ferrarie,

245 2964 633 3061 exportatis
661 2944 1001 3037 omnihus
1027 2960 1264 3052 bonis,
1297 2960 1597 3034 dimissa
1620 2961 1936 3053 civitate,
1967 2962 2134 3038 inde
2161 2963 2512 3037 recessise
2539 2987 2624 3038 ac
2645 2986 2897 3061 regem

243 3088 793 3185 Neapolitanum
822 3086 1018 3161 illam
1054 3108 1475 3184 occupasse.

340 3212 685 3288 Similiter
737 3212 1067 3287 Pontifici
1121 3211 1545 3287 nunciatum
1604 3219 1715 3285 est
1768 3217 2058 3287 Rmum.
2114 3218 2202 3288 D.
2274 3214 2459 3289 tituli
2527 3239 2586 3290 s,
2652 3212 2898 3290 Crucis

248 3337 315 3411 in
360 3337 815 3414 Hierusalem
858 3336 1300 3442 cardinalem
1343 3335 1828 3411 Toletanum'
1808 3362 1886 3410 in
1929 3338 2277 3475 Hispania
2317 3340 2512 3415 diem
2555 3341 2900 3416 clausisse

250 3472 646 3541 extremum
674 3466 803 3566 (2).

320 3742 373 3800 1.
414 3764 443 3796 «
470 3742 577 3800 Les
608 3756 717 3799 uns
748 3738 988 3798 disoient
1015 3742 1147 3817 qu’il
1176 3738 1328 3801 alloit
1355 3758 1424 3800 au
1463 3738 1624 3814 Turc,
1655 3750 1840 3802 autres
1879 3743 2118 3802 disoient
2145 3760 2252 3819 que
2282 3740 2495 3803 c'estoit
2523 3763 2660 3821 pour
2696 3746 2906 3804 donner

250 3830 433 3889 faveur
457 3837 490 3889 a
519 3850 623 3889 son
653 3831 764 3902 fils,
796 3831 891 3906 qui
931 3830 1160 3889 n’estoit
1196 3832 1349 3907 point
1378 3830 1488 3909 hay
1516 3852 1586 3890 au
1624 3833 1910 3909 Royaume
1950 3852 1963 3890 :
2003 3834 2144 3892 mais
2182 3853 2310 3892 mon
2347 3834 2467 3891 avis
2505 3834 2588 3891 fut
2627 3837 2908 3911 tousjours

256 3939 361 3994 que
396 3940 453 3978 ce
490 3922 575 3979 fut
611 3939 714 3996 par
748 3938 921 3996 vraye
959 3920 1201 3978 laschete
1244 3940 1259 3979 z
1300 3940 1391 3980 car
1418 3922 1621 3997 jamais
1660 3924 1876 3980 homme
1919 3923 2068 3980 cruel
2110 3942 2180 3979 ne
2217 3924 2299 3980 fut
2339 3924 2515 3981 hardi.
2558 3947 2586 3976 >³
2628 3924 2906 3997 ComineS,

256 4013 551 4077 Memoires,
586 4011 679 4069 liv.
712 4010 835 4080 VII,
869 4011 1025 4085 chap.
1068 4030 1181 4071 x1v.
1215 4012 1489 4069 Commeat
1518 4015 1566 4070 le
1591 4016 1708 4084 Roy
1734 4014 2014 4085 Alphome
2041 4015 2268 4081 s'ensuit
2290 4028 2356 4068 en
2383 4014 2548 4069 Sicile
2575 4020 2626 4070 ct
2661 4018 2722 4085 fit
2744 4017 2910 4085 peni-

258 4106 418 4157 tenee.
451 4101 525 4158 Le
565 4102 639 4158 26
658 4100 877 4174 janvier
915 4100 1075 4170 1495,
1113 4102 1396 4176 Alphonse
1433 4103 1713 4172 renoncait
1740 4120 1805 4159 sa
1841 4117 2117 4159 couronne
2155 4118 2223 4156 en
2249 4100 2440 4157 faveur
2467 4102 2535 4157 de
2579 4102 2909 4159 Ferdinand.

260 4192 436 4250 L’acte
464 4196 529 4251 de
560 4200 704 4251 cette
734 4192 1113 4251 renonciation
1142 4210 1175 4249 a
1203 4196 1291 4250 ete
1324 4190 1513 4266 publie
1540 4209 1640 4266 par
1666 4192 1872 4261 Nusco,
1904 4194 2126 4247 Intorno
2153 4190 2259 4247 alle
2284 4197 2495 4247 monete
2516 4193 2578 4247 di
2595 4192 2753 4248 Garlo
2769 4194 2914 4263 VIII,

262 4280 469 4355 Napoli,
499 4285 661 4353 1846,
692 4300 747 4357 p.
783 4283 905 4340 120.

332 4373 389 4426 2.
424 4372 601 4430 Pedro
632 4371 897 4430 Gonzalez
918 4372 987 4428 de
1018 4372 1301 4441 Mendoza,
1332 4369 1420 4427 fils
1450 4372 1525 4428 du
1553 4370 1797 4444 marquis
1824 4369 1892 4427 de
1922 4367 2243 4439 Santillane,
2274 4366 2468 4442 naquit
2495 4368 2546 4426 le
2574 4370 2608 4427 3
2636 4368 2744 4427 mai
2775 4372 2913 4427 1428

266 4458 301 4513 ὸ,
338 4459 689 4538 Guadalajara
735 4469 792 4520 et
826 4466 1049 4518 mourut
1082 4466 1117 4518 a
1152 4460 1377 4532 Caraca,
1418 4460 1475 4517 le
1520 4462 1581 4517 11
1618 4458 1840 4535 janvier
1885 4460 2042 4516 1495.
2083 4456 2432 4514 Archidiacre
2477 4458 2546 4515 de
2590 4454 2802 4533 l'eglise
2844 4460 2914 4516 de

268 4546 460 4607 Tolede
496 4570 561 4609 cn
605 4554 768 4623 1452,
800 4551 839 4607 il
876 4552 957 4609 fut
996 4550 1461 4608 successivement
1487 4554 1693 4624 eveque
1734 4551 1802 4606 de
1841 4548 2154 4618 Calahorra,
2189 4548 2255 4603 de
2286 4546 2580 4622 Siguenza‚
2613 4548 2918 4605 chancelier

272 4637 343 4693 de
372 4638 577 4698 Castille
608 4648 665 4699 et
692 4642 761 4697 de
788 4642 960 4709 Leon,
992 4640 1137 4697 enfin
1170 4639 1409 4697 cardinal
1442 4657 1510 4697 en
1540 4640 1698 4710 1473,
1731 4643 1765 4696 a
1791 4638 1845 4695 la
1873 4638 2139 4695 demanda
2167 4637 2236 4693 du
2260 4633 2340 4693 roi
2372 4636 2539 4693 Henri
2567 4637 2658 4696 IV.
2690 4637 2917 4695 Nomme

270 4728 598 4805 archeveque
626 4732 695 4787 de
728 4729 947 4799 Seville,
978 4730 1105 4804 puis
1133 4729 1203 4786 de
1239 4728 1439 4786 Tolede
1477 4746 1609 4786 avec
1643 4727 1696 4784 le
1733 4728 1860 4785 titre
1897 4725 1964 4783 de
1997 4726 2196 4799 primat
2231 4726 2544 4801 d’Espagne
2577 4733 2634 4783 et
2667 4726 2817 4801 legat
2843 4724 2918 4784 du

274 4814 619 4893 Saint-Siege
659 4838 801 4895 pour
830 4838 891 4876 ce
932 4836 1213 4894 royaume,
1246 4818 1281 4875 il
1312 4820 1394 4876 fut
1431 4836 1505 4875 un
1534 4819 1634 4875 des
1672 4817 1797 4891 plus
1829 4819 2053 4874 ardents
2090 4823 2430 4891 promoteurs
2467 4817 2542 4873 du
2579 4816 2818 4875 tribunal
2850 4818 2918 4873 de

274 4900 644 4979 l'lnquisition.
688 4910 731 4965 Il
768 4909 917 4965 avait
943 4908 1061 4983 pris
1104 4927 1211 4967 une
1250 4916 1369 4985 part
1405 4909 1601 4978 active,
1642 4927 1850 4966 comme
1887 4907 2092 4965 officiet
2132 4905 2272 4963 dans
2300 4902 2382 4963 les
2420 4913 2642 4982 troupes
2682 4907 2918 4983 royaleS,

276 4994 417 5051 dans
439 4997 485 5053 la
509 4998 641 5057 lutte
668 5006 861 5057 contre
888 4999 969 5056 les
1000 5002 1241 5058 MaureS.
1274 5000 1415 5075 Voy.
1450 5006 1604 5057 outre
1633 4999 1715 5055 les
1741 4996 2096 5072 biographies
2127 4996 2226 5053 des
2257 4995 2580 5069 cardinaux,
2613 4997 2789 5055 Pedro
2819 4994 2922 5052 Sa-

276 5079 424 5139 lazar
444 5087 505 5144 de
536 5090 855 5147 Mendoza:
895 5092 1127 5148 cronica
1164 5092 1231 5147 de
1269 5091 1320 5147 el
1356 5106 1497 5161 aran
1536 5089 1794 5146 cardenal
1829 5090 1896 5144 de
1932 5090 2157 5160 Εεραῆα
2193 5090 2314 5143 Don
2349 5088 2526 5144 Pedro
2565 5088 2826 5155 Goncalez
2856 5086 2924 5139 de

282 5174 545 5246 Memora,
568 5180 790 5251 Tolede,
818 5179 901 5236 in·
909 5178 1027 5249 Iol„
1059 5182 1217 5238 1625.
1250 5180 1361 5238 Sur
1389 5181 1439 5237 la
1466 5186 1609 5237 mort
1635 5180 1709 5236 du
1737 5177 1978 5236 cardinal
2011 5178 2076 5235 G.
2111 5176 2180 5234 de
2209 5176 2494 5247 Mendoza,
2528 5192 2654 5251 voy.
2687 5174 2741 5231 la
2767 5174 2924 5232 lettre

286 5262 357 5317 de
388 5264 548 5327 Pierre
577 5272 807 5346 Martyr,
838 5268 877 5330 l.
909 5270 1031 5340 VII,
1058 5287 1190 5345 pag.
1221 5272 1313 5342 89,
1335 5271 1426 5330 let.
1463 5287 1639 5327 cwm.
