3625 6059
262 578 431 630 sumet
458 579 603 640 1494]
892 575 1151 636 RERUM
1196 575 1650 636 URBANARUM
1699 579 2228 640 COMMENTARII.
2797 587 2902 652 183

245 731 578 831 episcopi3
609 730 875 807 Montis
899 731 1216 828 RegaIiS,
1242 730 1588 806 Senensis
1618 738 1689 807 et
1706 732 2036 824 Ursinus,
2057 731 2498 832 presbyteri3
2527 759 2586 809 s,-
2606 737 2900 834 Georgii

246 865 305 934 et
339 857 780 948 Valentinus,
838 857 1127 932 diaconi
1178 856 1581 932 cardinales
1626 855 1701 930 in
1742 863 1982 932 castro
2013 858 2402 948 Vicovarii,
2433 859 2555 933 ubi
2597 861 2674 935 in
2715 862 2900 935 anti*

244 1007 510 1059 camera
544 985 671 1057 SS.
723 986 810 1056 D.
855 981 1081 1057 nostri
1126 1005 1311 1080 pape
1344 1005 1421 1056 se
1468 991 2092 1080 congregaverant
2129 992 2204 1059 et
2243 987 2656 1082 equitarunt
2699 993 2900 1064 extra

246 1109 561 1207 oppidum
607 1107 1017 1206 predictum·
1054 1108 1261 1204 quasi
1298 1131 1432 1205 per
1470 1109 1791 1183 medium
1834 1109 2140 1183 milliare
2178 1109 2291 1184 vel
2327 1111 2549 1200 circa,
2602 1113 2896 1208 prelatis

245 1258 319 1309 ac
344 1256 591 1308 eorum
620 1233 909 1306 familiis
936 1255 1020 1306 ac
1050 1232 1441 1306 curialibus
1470 1233 1665 1330 ipsos
1692 1234 2218 1308 associantibus
2242 1258 2258 1323 ;
2279 1239 2362 1309 'et
2392 1235 2586 1310 circa
2615 1236 2894 1312 fontem

246 1380 442 1433 unum
476 1358 570 1431 ad
600 1357 967 1431 sinistram
998 1358 1269 1431 ibidem
1308 1357 1719 1448 ordinatim,
1764 1359 2168 1434 cardinales
2209 1359 2406 1456 ipsos
2441 1383 2606 1434 cum
2641 1381 2892 1436 eorum

242 1485 553 1558 comitiva
584 1507 840 1581 regem
880 1488 1269 1580 expectare
1298 1482 1466 1572 feci,
1504 1505 1748 1557 versus
1779 1507 1999 1580 quem
2045 1507 2183 1581 ego
2213 1485 2535 1582 processi
2567 1494 2642 1560 et
2671 1509 2892 1583 quem

241 1608 475 1707 reperi,
546 1608 891 1683 videlicet
947 1609 1135 1682 ultra
1188 1609 1433 1683 locum
1490 1609 1898 1706 predictum
1957 1609 2156 1684 circa
2225 1617 2556 1706 quartam
2611 1617 2891 1708 partem

240 1732 551 1822 milliarii,
588 1734 807 1830 eujus
847 1756 1105 1807 manus
1146 1755 1311 1830 eg0,
1348 1755 1436 1807 ex
1482 1755 1669 1829 equo
1701 1733 2182 1828 descendens,
2219 1744 2640 1830 reverenter
2677 1760 2890 1811 oscu-

236 1859 399 1932 latus
436 1856 535 1930 fui
576 1865 659 1932 et
697 1857 841 1931 dixi
892 1857 1253 1954 Majestati
1298 1881 1425 1932 sue
1471 1858 1759 1933 felicem
1804 1884 1966 1934 esse
1992 1861 2429 1952 adventum,
2474 1885 2692 1959 quem
2731 1884 2892 1937 car-

240 1982 483 2058 dinales
533 2006 797 2080 parum
853 1989 1020 2057 ante
1072 1984 1149 2055 in
1197 1982 1361 2057 loco
1416 1983 1872 2059 convenienti
1927 1992 2514 2082 expectaverunt.
2571 1987 2889 2062 Ascendi

242 2133 476 2204 equum
526 2116 603 2183 et
657 2131 903 2206 regem
954 2107 1189 2204 ipsum
1247 2107 1322 2180 in
1367 2108 1531 2184 loco
1588 2115 1840 2185 nostro
1888 2110 2239 2208 precessi.
2294 2110 2591 2185 Interim
2637 2113 2890 2187 nescio

240 2235 374 2330 quis
418 2233 809 2308 cardinalis
856 2233 1045 2308 ultro
1088 2255 1339 2308 versus
1382 2258 1632 2332 regem
1676 2235 1850 2310 fecit
1894 2236 2246 2333 equitare,
2303 2259 2420 2308 me
2463 2235 2720 2327 inscio,
2766 2238 2888 2333 qui

249 2359 335 2432 sic
374 2359 537 2458 regi·
572 2359 863 2432 obviam
910 2359 1309 2450 venientes,
1366 2359 1603 2457 ipsum
1653 2383 1783 2458 per
1827 2360 2009 2436 duos
2041 2367 2312 2435 tractus
2353 2360 2636 2457 lapidis,
2673 2358 2892 2448 (ultra

239 2509 391 2581 quos
432 2508 555 2560 eos
598 2485 1017 2559 locaveram
1062 2491 1136 2557 et
1175 2483 1677 2559 ordinaveram
1708 2483 2151 2574 reverenter)
2182 2483 2258 2557 in
2299 2483 2502 2580 equis
2545 2509 2888 2583 suscepe-

244 2616 406 2697 runt,
454 2607 767 2682 detectis
814 2607 1197 2706 capitibuS,
1253 2609 1408 2704 regi
1447 2631 1743 2682 manum
1790 2609 2166 2684 dexteram
2220 2609 2759 2708 porrigentibus
2813 2619 2886 2684 et

244 2737 335 2805 ter
386 2733 453 2805 in
496 2755 625 2808 ore
677 2731 1089 2808 osculantes
1148 2755 1327 2830 quos
1372 2732 1586 2806 simili
1650 2733 1868 2807 modo
1925 2757 2080 2826 rex,
2144 2734 2432 2808 detecto
2491 2734 2755 2833 capite,
2798 2757 2886 2810 ex

240 2878 401 2952 equo
440 2856 745 2956 recepit,
790 2857 1025 2954 primo
1069 2857 1653 2954 Neapolitanum,
1696 2857 1959 2934 deinde
1993 2858 2558 2934 Ulixbonensem
2598 2866 2672 2934 et
2717 2883 2888 2933 suc-

240 2983 477 3058 cessive
506 2983 695 3058 alios
723 3006 981 3058 omnes
1018 3008 1033 3057 :
1070 3006 1213 3080 quo
1246 2983 1463 3073 fact0,
1499 2988 2012 3080 precesserunt
2040 2981 2554 3079 Neapolitanus
2584 2989 2659 3058 et
2689 2982 2884 3056 Ulix-

240 3106 571 3198 bonensiS,
606 3109 947 3184 similiter
970 3109 1231 3183 deinde
1256 3109 1525 3182 Montis
1553 3107 1840 3204 Regalis
1867 3130 1908 3180 a
1933 3105 2204 3180 dextris
2227 3105 2510 3181 habens
2542 3106 2882 3181 Ursinum

238 3241 359 3308 eta
385 3235 693 3309 sinistris
721 3234 1190 3312 Valentinum
1220 3257 1402 3330 quos
1438 3231 1879 3330 sequebatur
1910 3255 2033 3305 rex
2064 3230 2350 3304 medius
2378 3231 2570 3306 inter
2601 3234 2883 3306 Senen—

238 3383 367 3434 sem
403 3386 444 3436 a
478 3362 761 3437 dextris
806 3367 881 3436 et
920 3383 981 3442 s.
1032 3359 1321 3458 Georgii
1360 3356 1767 3433 cardinales
1810 3381 1854 3430 a
1905 3356 2210 3430 sinistris
2256 3380 2274 3431 :
2324 3380 2574 3454 regem
2620 3379 2902 3454 seque--

236 3479 465 3557 bantur
506 3489 828 3582 quatuor
866 3481 977 3555 sui
1022 3479 1243 3579 pagii,
1287 3480 1548 3554 deinde
1592 3481 1850 3579 prelati
1897 3489 1970 3556 et
2017 3489 2272 3580 gentes
2320 3483 2514 3581 regis
2556 3482 2632 3557 in
2678 3490 2883 3581 parte

236 3610 718 3702 precedebant,
770 3599 959 3682 et'in
988 3612 1193 3705 parte
1224 3605 1740 3703 sequebantur,
1770 3608 1980 3706 juxta
2017 3608 2346 3682 ordinem
2389 3631 2523 3706 per
2565 3630 2736 3682 suos
2775 3605 2882 3682 eis

234 3730 473 3810 datum.

310 3859 651 3933 Venimus
687 3857 833 3932 hoc
875 3855 1131 3933 ordine
1164 3880 1395 3955 usque
1437 3857 1527 3931 ad
1556 3861 1876 3932 castrum
1914 3856 2205 3954 hospitii
2239 3861 2460 3955 Pape,
2509 3855 2586 3931 in
2625 3881 2768 3954 quo
2801 3857 2872 3930 in

236 3981 372 4056 aula
420 4007 543 4059 rex
601 3989 685 4058 et
734 4005 991 4058 omnes
1048 3985 1160 4056 sui
1212 3983 1639 4057 dimiserunt
1686 4005 1942 4056 ensem
2002 3988 2076 4057 et
2126 3982 2267 4056 alia
2323 4005 2564 4073 arma3
2617 3982 2880 4057 deinde

238 4102 486 4182 intravit
528 4109 621 4183 ad
672 4107 1125 4206 pontificem,
1179 4130 1427 4182 coram
1472 4131 1614 4204 quo
1661 4109 2120 4206 genuflexus,
2168 4107 2432 4205 pedem
2471 4115 2538 4182 et
2583 4130 2880 4180 manum

240 4231 427 4327 Pape,
487 4241 661 4308 tunc
722 4257 1029 4332 surgens
1087 4237 1354 4330 Papam
1412 4232 1485 4307 in
1540 4257 1731 4330 genu
1780 4233 2141 4308 osculatus
2200 4237 2338 4323 est,
2399 4232 2880 4306 cardinalibus

238 4354 469 4452 Papam
498 4359 1169 4447 circumstantibus;
1207 4359 1328 4455 qui
1360 4365 1531 4434 tunc
1563 4359 1874 4434 surrexit
1925 4367 1998 4432 et
2027 4359 2320 4432 sinistra
2353 4381 2483 4432 sua
2510 4381 2758 4454 regem
2789 4358 2881 4432 ad

238 4497 423 4554 unam
466 4507 555 4557 ex
599 4483 939 4558 fenestris
988 4483 1177 4558 dicte
1228 4505 1519 4560 camere
1564 4485 1840 4560 ducens
1883 4509 2018 4584 per
2059 4489 2390 4558 octavam
2435 4483 2648 4557 unius
2692 4483 2876 4555 hore

237 4603 533 4681 velcirca
568 4607 841 4682 ibidem
886 4615 1169 4682 secrete
1200 4633 1451 4684 secum
1496 4610 1783 4684 locutus
1831 4618 1966 4700 est,
2019 4607 2502 4683 cardinalibus
2547 4607 2878 4704 aliquan-

237 4725 429 4802 tulum
472 4755 511 4804 a
558 4732 783 4830 longe
840 4732 1503 4808 circumstantibus.
1568 4738 1741 4810 Post
1796 4733 2359 4810 collocutionem
2414 4731 2866 4830 hujusmodi,

240 4854 415 4942 pauci
440 4879 527 4929 ex
558 4856 919 4932 nobilibus
963 4857 1157 4955 regis
1205 4859 1509 4932 osculati
1543 4865 1705 4934 sunt
1740 4860 2005 4956 pedem
2053 4862 2272 4956 Pape.
2322 4858 2600 4934 Deinde
2633 4859 2872 4934 cardi-

244 4974 410 5050 nales
450 5003 703 5055 omnes
748 5004 997 5078 regem
1026 5006 1255 5080 usque
1286 4983 1378 5056 ad
1411 4984 1674 5057 ostium
1717 4983 2037 5058 secunde
2080 5005 2369 5060 camere
2409 4983 2876 5059 habitationis

250 5119 375 5188 sue,
411 5127 545 5198 que
582 5107 804 5180 etiam
847 5115 1005 5181 erat
1046 5107 1121 5179 in
1162 5108 1356 5182 dicto
1406 5115 1675 5198 castro,
1722 5109 2044 5182 comitati
2086 5115 2278 5183 sunt.
2313 5109 2876 5182 Associaverunt

252 5241 461 5316 regem
504 5229 735 5325 ipsum
786 5231 1107 5306 medium
1148 5233 1341 5306 inter
1388 5233 1941 5330 Neapolitanum
1981 5241 2054 5308 et
2095 5234 2661 5308 Ulixbonensem
2702 5253 2874 5327 pre-
