3625 6059
709 525 817 578 592
1620 519 1973 577 JoflANNIS
2022 518 2463 576 BURCHARDI.
2887 517 3208 578 [Decembre
3237 519 3378 578 1⁴99]

713 676 871 772 ipsa
909 675 1229 772 primeva
1272 671 1726 746 ordinatione
1776 672 1906 747 fuit
1951 672 2338 762 institutuS‚
2377 677 2450 746 et
2495 669 2568 742 in
2607 693 2752 766 quo
2787 693 3044 744 omnes
3083 668 3378 764 quibus-

715 824 1025 896 cumque
1096 797 1314 872 etiam
1378 797 1812 896 gravissimis
1880 797 2158 872 delictis
2223 795 2553 883 obnoxii,
2615 819 2782 869 vere
2837 795 3274 894 penitentes·
3305 799 3374 865 et

716 925 1057 1016 confessi,
1094 924 1442 1003 visitando
1484 924 1818 998 basilicas
1865 931 1946 997 et'
1985 921 2333 996 ecclesias
2381 921 2572 993 alme
2621 920 2830 994 Urbis
2875 926 2948 993 et
2989 925 3195 994 extra
3223 939 3378 990 eam

717 1053 807 1126 ad
845 1052 919 1124 id
946 1053 1353 1148 deputatas,
1386 1051 1882 1150 plenissimam
1923 1051 2246 1124 omnium
2289 1053 2755 1146 peccatorum
2803 1067 3102 1120 suorum
3146 1041 3380 1116 indul-

719 1177 1033 1275 gentiam
1096 1185 1635 1274 consequantur
1690 1186 1764 1252 et
1814 1183 2111 1274 propter
2162 1197 2252 1249 ea
2297 1198 2340 1247 a
2391 1174 2671 1247 cunctis
2730 1170 2990 1246 Christi
3043 1167 3379 1242 fidelibus

719 1302 1151 1399 peramplius
1193 1310 1264 1378 et
1308 1325 1476 1376 cum
1525 1303 1805 1400 majore
1858 1300 2266 1398 frequentia
2308 1323 2454 1373 non
2498 1299 2862 1374 immerito
2912 1295 3376 1380 celebrande,

719 1425 1049 1522 cupimus
1096 1433 1247 1499 toto
1296 1425 1534 1499 cordis
1583 1425 1846 1499 affectu
1898 1423 2175 1498 animas
2209 1425 2532 1498 Creatori
2571 1423 3031 1514 lucrifacere,
3073 1421 3384 1495 dictum-

720 1573 862 1647 que
903 1574 1170 1624 annum
1195 1548 1453 1647 jubilei
1497 1551 1589 1623 ab
1619 1549 1793 1648 ipsis
1824 1549 2161 1624 fidelibus
2207 1572 2374 1622 cum
2416 1549 2610 1622 omni
2658 1547 2900 1622 debita
2929 1555 3004 1620 et
3043 1545 3385 1644 singulari

720 1676 1102 1751 devotione
1135 1675 1607 1771 frequentari,
1644 1681 1715 1750 et
1754 1675 2008 1748 fideles
2051 1675 2250 1771 ipsos
2289 1672 2381 1747 ad
2424 1674 2690 1748 dictam
2728 1673 2996 1747 Urbem
3029 1693 3160 1769 pro
3193 1694 3388 1744 reve-

720 1799 953 1873 rentia
994 1799 1373 1873 beatorum
1423 1800 1614 1874 Petri
1666 1807 1739 1875 et
1786 1799 1987 1874 Pauli
2027 1783 2517 1896 apostolorum
2566 1798 3004 1896 principum,
3049 1795 3173 1893 qui
3225 1818 3386 1870 eam

720 1948 850 1997 suo
899 1925 1242 2021 martyrio
1304 1931 1916 2001 consecraverunt
1964 1947 2049 1998 ac
2095 1922 2559 2020 indulgentiis
2607 1922 2778 1996 dicti
2815 1921 3072 2021 jubilei
3125 1944 3388 1996 conse-

719 2049 1050 2145 quendis,
1091 2050 1597 2148 undecumque
1626 2047 2108 2147 personaliter
2136 2046 2484 2121 accedere
2513 2053 2583 2120 et
2619 2070 2695 2118 se
2727 2045 2819 2118 ad
2851 2046 2920 2118 id
2939 2046 3097 2143 jam
3127 2068 3391 2142 prepa-

720 2197 909 2249 rare.
960 2177 1132 2265 Nos,
1179 2175 1324 2270 qui,
1378 2175 1548 2252 licet
1592 2173 1961 2264 immeriti,
2009 2172 2202 2246 vices
2245 2171 2505 2244 Christi
2551 2176 2885 2244 tenemus
2929 2167 3005 2242 in
3049 2168 3267 2242 terris
3309 2193 3391 2242 ac

722 2297 1135 2374 facultatum
1169 2306 1239 2373 et
1273 2298 1831 2375 concessionum
1863 2296 2218 2371 hactenus
2255 2316 2298 2366 a
2325 2295 2561 2384 nobiS,
2593 2318 2636 2367 a
2666 2291 2879 2368 dictis
2907 2291 3391 2390 predecesso-

722 2425 920 2499 ribus
952 2424 1217 2499 nostris
1248 2427 1800 2502 commissarum
1839 2419 2398 2513 multitudinem,
2427 2423 2500 2494 in
2529 2421 2674 2496 hoc
2700 2429 2846 2496 tam
2879 2425 3136 2494 sancto
3169 2441 3390 2514 opere

720 2549 1113 2626 reddantur
1142 2553 1488 2628 tardiores
1515 2549 1938 2625 eorumdem
1961 2549 2560 2647 predecessorum
2585 2547 2904 2643 vestigiis
2931 2545 3384 2622 inherentes·

719 2675 965 2749 habita
996 2701 1163 2750 cum
1192 2675 1725 2752 venerabilibus
1754 2675 2092 2749 fratribus
2139 2673 2398 2750 nostris
2441 2697 2499 2744 s.
2536 2647 2858 2747 Romane
2889 2671 3206 2746 ecclesie
3241 2696 3393 2744 car-

723 2799 1080 2876 dinalibus
1127 2801 1650 2877 deliberatione
1690 2807 1977 2874 matura
2019 2799 2110 2874 de
2159 2801 2462 2873 fratrum
2507 2796 2934 2871 eorumdem
2971 2797 3285 2870 consilio
3325 2803 3391 2868 et

725 2927 1118 3024 apostolice
1160 2927 1600 3004 auctoritatis
1642 2924 2117 3024 plenitudine,
2154 2923 2514 3023 predictas
2555 2928 2628 2995 et
2671 2921 2846 2995 alias
2890 2920 3392 3018 plenissimam

724 3052 891 3125 anni
915 3053 1170 3151 jubilei
1202 3051 1723 3150 indulgentiam
1754 3057 2284 3124 concernentes
2310 3073 2353 3121 a
2374 3047 2546 3121 sede
2573 3045 2974 3145 apostolica
2996 3069 3390 3119 concessas

720 3175 1027 3268 litteraS,
1062 3201 1365 3276 quarum
1399 3184 1717 3266 tenoreS,
1754 3198 1839 3248 ac
1870 3175 1928 3248 si
1960 3174 2049 3250 de
2094 3175 2314 3249 verbo
2357 3173 2816 3271 presentibus
2862 3172 3388 3260 insererentur,

722 3301 980 3376 haberi
1011 3304 1335 3377 volumus
1378 3327 1509 3400 pro
1552 3299 2002 3375 sufficienter
2028 3299 2386 3399 expressis
2428 3305 2499 3372 et
2542 3297 2860 3388 insertis,
2896 3296 3389 3396 approbantes

722 3432 797 3501 et
852 3428 1278 3504 innovantes
1318 3450 1575 3502 omnes
1633 3437 1705 3505 et
1751 3428 2071 3526 singulas
2127 3429 2302 3503 alias
2347 3425 2831 3523 indulgentias
2887 3421 3258 3520 plenarias
3311 3448 3394 3497 ac

726 3551 1243 3637 commutanda
1289 3561 1479 3645 vota,
1525 3562 1597 3629 et
1647 3578 1865 3652 super
1912 3554 2017 3629 eis
2067 3561 2138 3628 et
2182 3553 2372 3628 male
2422 3551 2681 3625 oblatis
2730 3548 3050 3638 insertis,
3096 3557 3221 3621 aut
3271 3572 3396 3647 per

729 3675 1139 3750 usurariam·
1178 3679 1605 3775 pravitatem
1651 3682 1758 3754 vel
1798 3678 2019 3751 alium
2059 3677 2385 3751 illicitum
2429 3677 2726 3749 modum
2769 3675 3068 3748 extortis
3101 3675 3393 3774 dispen-

732 3796 935 3871 sandi
982 3804 1100 3872 aut
1142 3798 1262 3873 illa
1307 3801 1436 3876 sub
1482 3803 1699 3876 certis
1748 3803 1966 3877 modo
2007 3809 2080 3877 et
2121 3801 2356 3875 forma
2395 3801 2803 3876 remittendi
2845 3825 2928 3875 ac
2965 3801 3386 3899 deputandi.

726 3928 800 3996 et
857 3921 1166 4020 eligendi
1236 3925 1691 4000 confessores
1763 3929 1984 4001 etiam
2046 3928 2116 3999 in
2183 3927 2417 4000 forma
2481 3927 2869 4000 beatissime
2933 3927 3167 4000 Pater
3227 3950 3389 3999 cum

727 4054 1087 4144 potestate
1148 4050 1563 4125 absolvendi
1622 4075 1706 4126 ac
1765 4051 2054 4126 casibus
2103 4049 2314 4124 nobis
2369 4058 2443 4126 et
2501 4051 2737 4125 eidem
2789 4051 2942 4124 sedi
3007 4051 3390 4126 reservatis

729 4168 1101 4247 facultates
1132 4180 1203 4247 et
1232 4176 1744 4250 concessiones
1776 4201 1834 4250 a·
1849 4175 2057 4249 nobis
2089 4183 2159 4250 et
2193 4176 2449 4250 eadem
2488 4175 2659 4250 sede
2699 4176 2810 4251 vel
2849 4177 3040 4250 illius
3079 4174 3389 4250 auctori-

728 4301 897 4386 tate,
932 4298 1297 4393 quibusvis
1339 4301 1693 4392 ecclesiis,
1731 4301 2192 4376 monasteriis
2235 4300 2346 4377 vel
2395 4301 2728 4375 domibus
2773 4303 3244 4401 hospitalium
3287 4301 3390 4375 vel

726 4420 883 4495 aliis
916 4422 1539 4520 religiosiS,'etiam
1570 4427 1988 4502 militiarum
2021 4450 2646 4524 quarumcumque
2678 4433 2750 4501 et
2780 4428 2918 4525 piis
2937 4429 3148 4518 locis,
3177 4428 3390 4502 etiam

723 4545 1064 4662 hospi-tali
1096 4556 1348 4625 nostro
1380 4553 1607 4627 sancti
1641 4553 1951 4651 Spiritus
1980 4555 2052 4626 in
2087 4554 2302 4628 Saxia
2330 4554 2420 4628 de
2457 4554 2669 4644 Urbe,
2710 4552 2984 4627 ordinis
3011 4577 3071 4626 s.
3109 4555 3390 4650 Augus-

728 4670 886 4759 tini,
920 4671 1327 4772 horumque
1367 4677 1743 4768 membriS,
1777 4677 2360 4752 universitatibus
2405 4684 2478 4752 et
2510 4676 2997 4774 singularibus
3028 4676 3382 4774 personis,

729 4796 946 4870 etiam
984 4799 1334 4898 cujusque
1378 4802 1744 4900 dignitatis
1776 4810 1849 4879 et
1880 4803 2144 4901 gradus
2176 4801 2452 4877 ordinis
2485 4803 2590 4877 vel
2631 4800 3064 4875 conditionis
3111 4807 3180 4874 et
3211 4823 3382 4897 qua-

729 4944 1039 5020 cumque
1086 4925 1420 5015 ecclesia‚
1467 4928 1581 5001 vel
1618 4929 1987 5004 mundana
2031 4926 2484 5024 prefulgeant
2536 4927 2910 5025 dignitate,
2963 4923 3380 5026 excellentia

730 5053 804 5122 et
848 5050 1299 5144 auctoritate,
1354 5058 1498 5127 tam
1552 5053 1625 5127 in
1684 5063 2115 5152 perpetuum
2172 5075 2388 5148 quam
2443 5052 2535 5126 ad
2591 5059 2910 5149 tempuS,
2966 5051 3042 5123 in
3093 5051 3234 5124 vita
3273 5043 3375 5120 vel

727 5175 987 5247 mortis
1034 5175 1364 5269 articu10,
1415 5179 1666 5275 quovis
1712 5180 1930 5254 modo
1981 5185 2051 5252 et
2099 5201 2186 5250 ex
2240 5177 2488 5272 quavis
2541 5201 2762 5252 causa
2804 5175 2918 5252 vel
2967 5175 3267 5263 ratione,
3307 5178 3376 5244 et
