3625 6059
325 568 438 635 [nai
463 569 610 633 nea]
841 590 849 599 ·
976 570 1230 629 RERUM
1277 561 1734 631 uR-BANARUM
1782 559 2307 635 COMMENTARII.
2907 574 2975 636 ⁷1

325 726 545 825 inquit
590 725 922 824 pontifex
979 750 994 799 ε
1059 754 1095 794 <t
1153 726 1341 801 Num
1394 726 1592 824 quid,
1655 727 1716 801 si
1773 728 2141 827 principes·
2200 730 2555 805 electores
2624 731 2699 803 in
2756 744 2982 803 unum

333 851 680 928 noluerint
727 840 1170 943 consentire,
1225 851 1436 927 sedes
1468 852 1892 949 apostolica,
1926 855 2275 931 advocato
2316 861 2388 931 et
2428 854 2814 930 defensore
2852 875 2984 926 suo

337 978 642 1053 careret?
685 1006 718 1043 »

423 1131 454 1170 a
497 1102 707 1191 Quod
739 1126 828 1177 eo
860 1100 1093 1200 magis
1134 1102 1636 1193 confirmatur,
1670 1102 1841 1201 quia
1881 1128 1970 1180 ex
2009 1105 2344 1181 omnibus
2392 1106 2709 1204 regibus,
2744 1107 2984 1183 nullus

329 1228 714 1329 apostolice
743 1226 936 1305 sedis
965 1228 1295 1302 instituto
1325 1228 1437 1301 vel
1463 1228 1919 1304 ordinatione
1950 1230 2242 1328 eligitur
2268 1232 2377 1307 vel
2408 1232 2848 1330 approbatur
2873 1230 2983 1308 vel

329 1356 470 1453 ejus
501 1353 935 1428 auctoritate
965 1352 1260 1449 ungitur
1288 1373 1374 1427 ac
1405 1358 1817 1445 coronatur,
1848 1351 1989 1428 nisi
2034 1380 2163 1430 rex
2202 1373 2577 1449 romanus,
2614 1363 2691 1433 ut
2722 1358 2984 1456 reipsa

329 1488 396 1558 et
429 1480 710 1579 juribus
765 1483 1076 1553 constat.
1121 1482 1283 1577 lpse
1327 1478 1527 1555 enim
1576 1503 1704 1553 rex
1751 1496 2095 1555 romanus
2144 1481 2445 1573 electus,
2488 1484 2983 1597 priusquamsa

325 1608 484 1683 sede
527 1604 930 1703 apostolica
985 1605 1523 1702 comprobetur,
1570 1606 1728 1703 ejus
1784 1612 2031 1681 tamen
2090 1606 2523 1692 authoritate
2570 1608 2865 1706 ungitur
2910 1612 2981 1684 et

323 1738 700 1807 coronatur
727 1755 743 1821 ;
775 1730 975 1805 solus
1013 1730 1275 1827 estqui
1309 1730 1507 1830 jurat
1544 1754 1621 1807 se
1657 1736 2180 1829 protectorem,
2212 1732 2677 1809 defensorem
2709 1741 2781 1809 ct
2808 1752 2978 1832 pro-

330 1863 732 1931 curatorem
775 1874 985 1930 suum
1025 1854 1388 1953 pontificis
1427 1878 1513 1931 ac
1544 1862 1791 1931 sancte
1830 1877 2133 1932 romane
2165 1856 2486 1933 Ecclesia
2527 1858 2601 1933 in
2641 1858 2975 1933 omnibus

325 2000 568 2056 eorum
609 1980 1164 2057 necessitatibus
1207 1987 1280 2055 et
1326 1980 1750 2056 utilitatibus
1788 1982 1971 2073 sore,
2018 2000 2269 2059 eorum
2307 1982 2650 2073 honores,
2694 2000 2980 2081 posses·

318 2106 554 2183 siones
613 2112 688 2183 et
735 2108 902 2203 jura
959 2105 1256 2196 tuendo,
1311 2100 1789 2182 custodiendo
1846 2114 1919 2181 et
1960 2106 2454 2181 conservando
2502 2114 2582 2181 ut
2627 2107 2703 2180 in
2749 2129 2908 2207 cap.
2952 2134 2968 2183 τ

313 2232 620 2307 Romani
650 2258 678 2306 .·
703 2232 790 2305 de
817 2223 998 2306 Jure
1023 2230 1190 2305 Jur.
1227 2242 1298 2305 et
1319 2232 1480 2307 dist.
1515 2254 1660 2307 xm.
1697 2254 1763 2306 c.
1803 2230 1961 2307 Tibe·
1988 2232 2279 2308 Domino
2310 2254 2475 2308 cum
2506 2232 2749 2309 multis
2780 2235 2976 2309 simi-

310 2357 508 2433 libus.

401 2516 434 2552 «
469 2487 636 2570 Qua
660 2483 750 2559 de
781 2504 888 2575 re,
917 2504 1081 2559 cum
1103 2490 1352 2559 sancta
1371 2490 1603 2580 mater
1622 2480 1972 2573 Ecclesia,
1998 2503 2128 2581 pre
2151 2480 2413 2560 ceteris
2432 2482 2724 2580 regibus
2744 2481 2974 2557 hono-

311 2632 460 2685 rare
505 2616 581 2687 et
627 2612 952 2708 preferre
983 2608 1462 2700 consueverit,
1513 2615 1592 2682 ut
1621 2608 1812 2685 clare
1842 2614 2041 2706 patet
2078 2608 2422 2685 decretali
2460 2630 2627 2682 xxm
2656 2608 2972 2707 capitulo

307 2734 394 2809 In
423 2738 714 2811 nomine
735 2732 1060 2825 Domini,
1121 2734 1245 2810 ubi
1287 2734 1622 2809 Nicolaus
1664 2734 1989 2831 pontifex
2038 2734 2439 2813 decernens
2478 2735 2569 2811 de
2618 2734 2971 2811 electione

307 2860 668 2955 pontificis
698 2859 934 2959 inquit
970 2888 984 2935 :
1019 2860 1210 2935 salvo
1249 2860 1474 2934 debito
1510 2860 1770 2934 honore
1803 2872 1875 2934 et
1895 2864 2281 2936 reverentia
2310 2862 2543 2935 dilecti
2573 2860 2717 2960 filii
2751 2864 2975 2937 nos-wi

306 2980 598 3057 Henrici
631 2986 758 3083 qui
797 2986 874 3058 in
903 2984 1423 3083 presentiarum
1461 3006 1591 3058 rex·
1619 2984 1941 3075 habetur,
1972 2996 2045 3059 et
2064 2986 2361 3082 funerus
2392 2986 2791 3081 imperator,
2815 2988 2969 3061 Deo

305 3109 738 3200 concedente,
783 3122 1129 3209 speratur.
1176 3114 1542 3207 Nusquam
1583 3110 1779 3184 enim
1817 3109 1889 3183 in
1922 3112 2087 3207 jure
2114 3110 2215 3184 sic
2246 3110 2336 3184 de
2383 3109 2645 3185 ceteris
2677 3110 2967 3209 regibus

299 3236 418 3309 sed
441 3236 534 3313 de
570 3258 758 3334 rege
791 3259 1095 3313 romano
1133 3242 1416 3312 tantum
1457 3260 1628 3311 cum
1663 3259 1752 3313 ea
1787 3235 2195 3311 reverentia
2233 3235 2429 3333 loqui
2479 3238 2744 3311 summi
2788 3252 2970 3337 pou-

307 3359 522 3436 tifices
559 3362 835 3437 solent.

391 3516 423 3554 «
459 3490 820 3563 preterea
847 3494 1104 3564 notum
1127 3494 1238 3564 est
1265 3496 1592 3563 sanctam
1614 3495 1923 3563 matrem
1957 3487 2357 3563 Ecclesiam
2383 3486 2453 3562 in
2483 3480 2781 3563 diversis
2810 3508 2971 3587 pre-

295 3610 486 3687 cibus
509 3610 990 3711 paschalibus
1026 3612 1567 3711 imperatorem,
1603 3618 1753 3703 aut,
1787 3634 1877 3685 eo
1907 3610 2279 3701 defuncto,
2311 3632 2559 3709 regem
2602 3618 2968 3688 Romano·-

292 3762 474 3829 rum,
518 3740 752 3814 etiam
791 3739 849 3811 si
895 3739 1218 3813 nondum
1261 3738 1658 3836 imperator
1699 3737 1815 3829 sit,
1850 3735 2530 3813 christianissimum
2572 3729 2961 3836 appellare,

293 3868 358 3935 et
379 3886 512 3960 pro
551 3888 647 3938 eo
699 3862 1044 3960 singulari
1081 3884 1298 3961 prece
1328 3861 1546 3938 veluti
1575 3882 1708 3960 pro
1739 3862 2084 3961 precipuo
2126 3883 2259 3937 suo
2289 3863 2699 3955 defensore,
2732 3867 2965 3939 Deum

289 3986 586 4084 precari,
621 3988 919 4082 tametsi
963 3986 1286 4062 nonnulli
1319 3987 1438 4062 alii
1477 4008 1687 4083 reges
1729 3987 1947 4061 etiam
1977 3986 2121 4061 hoc
2154 3984 2729 4062 christianissimi
2757 3986 2964 4063 titulo

281 4112 424 4206 jam
449 4105 676 4187 veluti
707 4120 1054 4211 usurpato
1082 4112 1220 4187 sibi
1246 4112 1552 4189 blandiri
1578 4112 1967 4211 plurimum
2000 4111 2388 4210 gaudeant.

379 4271 412 4310 c«
447 4248 764 4343 Insuper
793 4247 867 4319 et
895 4242 969 4317 in
996 4243 1154 4319 aliis
1176 4240 1544 4341 precibus,
1579 4256 1748 4313 cum
1771 4241 1930 4313 orat
1958 4232 2285 4313 Ecclesia
2312 4257 2446 4336 pro
2478 4242 2957 4351 rege-nostro,

285 4389 420 4441 non
457 4375 756 4445 constat
797 4391 962 4445 eam
1001 4369 1090 4445 de
1141 4373 1634 4445 Romanorum
1682 4387 1856 4464 rege
1907 4364 2337 4462 intelligere,
2374 4364 2490 4439 cui
2527 4386 2658 4464 pre
2700 4366 2962 4439 ceteris

286 4494 383 4567 sui
433 4496 750 4571 tutelam
799 4516 1134 4572 curamve
1179 4495 1574 4594 gerendam
1622 4498 1698 4570 ut
1743 4490 2016 4590 passim
2051 4492 2218 4590 jura
2264 4490 2554 4579 docent,
2591 4489 2745 4586 jam
2789 4486 2959 4563 olim

283 4608 514 4715 sepius
551 4619 1082 4695 demandavit?

373 4774 406 4809 «
441 4748 548 4818 Ex
573 4745 846 4842 quibus
868 4744 1204 4820 omnibus
1221 4744 1524 4840 aliisque
1547 4743 1791 4817 multis
1815 4740 2169 4815 similibus
2190 4739 2423 4835 liquet
2442 4738 2684 4835 ipsum
2706 4754 2956 4835 regem

283 4870 804 4961 Romanorum,
850 4886 1068 4967 quem
1107 4869 1370 4945 ceteris
1419 4866 1712 4964 regibus
1760 4863 2089 4939 Ecclesia
2136 4862 2437 4961 prefert,
2482 4860 2572 4937 ab
2617 4850 2955 4937 omnibus

279 4992 596 5069 Ecclesia
630 4993 804 5067 filiis
835 4994 992 5067 sine
1023 4994 1331 5069 aliorum
1364 4992 1629 5091 injuria
1655 4991 1810 5066 fore
1842 4989 2381 5088 preferendum.

365 5150 401 5187 «
435 5120 597 5194 Hoc
647 5118 1040 5194 dicendum
1087 5126 1200 5195 est
1247 5118 1441 5216 quod
1489 5115 1819 5191 nonnulli
1865 5122 2240 5214 opponunt
2294 5113 2395 5189 illi
2449 5111 2949 5215 tantummodo

271 5244 766 5319 Romanorum
803 5238 958 5341 regi
998 5244 1134 5318 hos
1185 5245 1504 5321 honores
1545 5243 1821 5334 deberi,
1857 5243 2005 5341 qui,
2041 5244 2245 5319 nullo
2285 5242 2427 5317 alio
2462 5246 2951 5317 Romanorum
