3625 6059
696 552 803 607 212
1158 512 1161 515 ’
1606 548 1958 605 lOHANle
2005 549 2448 618 eunomiani,
2487 628 2491 633 ,
2867 550 3172 615 [Decembre
3205 554 3330 613 μοι]

700 701 893 774 mala
934 699 1218 788 fecisse,
1262 701 1467 796 cujus
1507 699 1611 772 rei
1672 706 2041 774 auctorem
2090 699 2426 775 dicebant
2463 700 2686 774 fuisse
2740 702 3062 775 nonnulli
3115 704 3330 775 cardi-

698 825 937 899 nalem
990 829 1459 916 Gurcensem,
1514 824 1892 923 ipsumque
1945 825 2066 897 illa
2117 832 2328 900 nocte
2377 825 2450 898 in
2499 849 2812 922 persona
2860 849 3002 899 non
3043 827 3255 925 longe
3297 852 3334 901 a

699 958 911 1047 porta
951 950 1157 1025 Urbis
1197 950 1476 1025 venisse
1524 974 1636 1039 ac,
1689 956 1902 1023 vento
1932 950 2396 1047 impediente,
2432 952 2942 1025 retrocessisse
2981 978 2996 1024 :
3037 952 3098 1023 is
3131 954 3330 1024 etiam

698 1076 1015 1149 maxima
1071 1100 1291 1150 causa
1344 1076 1474 1150 suit
1517 1098 1983 1173 progresssus
2027 1076 2218 1173 regis
2257 1098 2507 1149 versus
2550 1077 2842 1151 Urbem.
2891 1082 3336 1151 Converterat

700 1198 893 1273 enim
922 1199 1510 1297 Aquependentis
1542 1205 1614 1273 et
1645 1199 1946 1273 aliarum
1978 1206 2334 1273 terrarum
2361 1201 2684 1276 Ecclesie
2714 1202 2988 1275 incolas
3019 1203 3112 1275 ad
3133 1202 3336 1275 intro-

697 1323 1127 1398 mittendum
1188 1348 1435 1423 regem
1494 1325 1822 1413 Francie,
1885 1326 2092 1423 cujus
2149 1333 2221 1398 et
2282 1326 2516 1421 gentis
2585 1348 2712 1399 sue
2771 1326 3226 1399 honestatem
3277 1332 3336 1397 et

695 1449 1138 1547 legalitatem
1183 1450 1571 1525 extollebat
1618 1449 1709 1524 ad
1759 1474 2090 1547 superOS,
2150 1450 2398 1524 dicens
2447 1473 2574 1523 eos
2619 1450 2836 1525 etiam
2885 1474 3108 1523 unam
3155 1450 3338 1546 galli-

694 1599 893 1667 nam,
944 1599 1154 1649 ovum
1192 1577 1302 1650 vel
1344 1576 1538 1673 quod
1580 1576 1963 1649 minimum
2009 1575 2098 1647 ab
2141 1576 2248 1647 eis
2291 1599 2439 1649 non
2491 1583 2910 1673 recepturos
2953 1576 3112 1648 sine
3149 1575 3340 1672 plena

698 1702 1093 1793 solutione3
1132 1701 1712 1801 asserensetiam
1748 1704 1876 1775 SS.
1917 1703 2003 1772 D.
2039 1705 2368 1773 nostrum
2399 1698 2635 1796 ipsum
2681 1701 2771 1773 ad
2802 1722 3058 1797 regem
3090 1700 3338 1797 promi-

696 1828 877 1900 sisse
922 1834 994 1899 ut
1026 1826 1159 1900 sibi
1194 1827 1464 1901 aditum
1497 1832 1567 1900 et
1596 1823 1979 1900 transitu‘m
2010 1849 2142 1923 per
2185 1833 2414 1899 terras
2455 1823 2776 1897 Ecclesie
2817 1831 3332 1921 procuraretur,

697 1950 944 2046 sicque
978 1960 1050 2025 et
1088 1952 1243 2024 aliis
1286 1951 1523 2024 verbis
1554 1958 1627 2023 et
1658 1950 1894 2023 modis
1926 1948 2204 2023 induxit
2240 1949 2547 2047 populos
2589 1946 2684 2020 ad
2726 1949 3335 2024 intromittendum

696 2096 945 2171 regem
987 2075 1225 2173 ipsum
1269 2083 1342 2150 et
1374 2081 1629 2173 gentes
1662 2100 1829 2149 suas
1861 2081 2116 2149 contra
2147 2096 2438 2147 omnem
2473 2074 2840 2170 pontificis
2879 2073 3335 2157 voluntatem,

692 2206 789 2288 et,
826 2206 903 2273 ut
934 2201 1319 2311 curialibus
1344 2200 1652 2276 nationis
1673 2200 2106 2275 Germanice
2134 2200 2205 2272 in
2237 2200 2413 2274 urbe
2437 2198 2916 2273 existentibus
2945 2200 3170 2273 etiam
3195 2224 3337 2297 per-

582 2368 589 2373 ·
694 2328 1027 2401 suaderet
1074 2327 1397 2425 ipsorum
1442 2351 1686 2401 curam
1738 2327 2040 2415 habere,
2073 2325 2360 2423 scripsit
2399 2332 2734 2422 patentes
2759 2325 3014 2399 literas
3065 2349 3241 2422 quas
3267 2322 3340 2396 ad

693 2452 947 2526 urbem
978 2453 1174 2527 misit
1205 2454 1413 2528 nobis
1444 2452 1958 2551 principalibus
1984 2452 2508 2549 presentandas
2547 2476 2561 2522 ε

790 2578 1251 2651 Charissimis
1280 2579 1617 2651 fratribus
1645 2583 1713 2650 et
1733 2576 1985 2651 amicis
2011 2576 2306 2675 prelatis
2340 2582 2411 2649 et
2432 2576 2589 2649 aliis
2613 2574 3006 2649 curialibus
3050 2571 3342 2646 nationis

605 2776 614 2785 ,
691 2702 1041 2777 Alemane
1086 2709 1159 2777 et
1201 2702 1687 2777 dominiorum
1729 2702 2191 2776 illustrissimi
2235 2700 2645 2775 archiducis
2687 2699 2998 2797 Philippi
3053 2699 3128 2770 in
3177 2696 3339 2771 Urbe

687 2826 1203 2902 habitantibus

680 2930 685 2935 ³
789 2954 1182 3043 carissimi,
1242 2954 1376 3028 etsi
1430 2962 1645 3052 prout
1701 2956 1903 3029 testis
1954 2962 2062 3031 est
2114 2957 2334 3043 Deus,
2387 2954 2507 3049 qui
2558 2953 2939 3027 hominum
2993 2958 3329 3026 scrutatur

689 3076 910 3150 corda
938 3084 1011 3152 et
1040 3100 1282 3168 reneS,
1328 3078 1616 3175 qualem
1646 3080 2018 3175 potuimus
2059 3078 2363 3152 fecimus
2405 3076 2854 3173 diligentiam
2901 3102 3080 3175 erga
3119 3076 3328 3153 chris-

687 3200 1167 3275 tianissimum
1216 3226 1495 3300 regem,
1556 3211 1710 3278 tum
1766 3206 2058 3279 nomine
2113 3203 2378 3277 summi
2433 3202 2797 3299 pontilicis
2851 3210 3001 3277 tum
3057 3203 3326 3278 nomine

689 3332 937 3398 nostro
976 3350 991 3397 :
1030 3324 1359 3401 dedimus
1392 3352 1692 3425 operam
1722 3330 1813 3402 ad
1843 3329 2250 3402 faciendam
2286 3326 2552 3400 bonam
2585 3327 3004 3424 opinionem
3037 3337 3106 3401 et
3139 3326 3326 3400 intel-

688 3448 1061 3545 ligentiam
1090 3450 1278 3525 inter
1302 3453 1541 3549 ipsum
1564 3478 1933 3527 summum
1959 3453 2380 3552 pontificem
2413 3458 2486 3522 et
2517 3453 3068 3527 serenissimum
3103 3474 3322 3549 regem

690 3578 1134 3652 Francorum
1190 3578 1661 3654 nihilominus
1705 3604 2017 3677 quorum
2073 3580 2284 3677 culpa
2341 3577 2615 3670 nescio,
2669 3579 3024 3655 hactenus
3083 3581 3324 3653 suimus

687 3700 1042 3798 impediti,
1078 3727 1225 3777 non
1254 3728 1387 3801 per
1413 3706 1649 3803 ipsum
1680 3703 2363 3778 christianissimum
2395 3731 2673 3803 regem,
2709 3732 2878 3781 cum
2906 3708 3084 3783 nihil
3109 3707 3326 3805 cupiat

688 3850 905 3923 quam
938 3852 1015 3901 se
1049 3829 1591 3904 devotissimum
1631 3830 1860 3903 filium
1892 3852 2147 3927 gerere
2190 3853 2365 3926 erga
2403 3855 2766 3905 summum
2811 3834 3228 3931 pontificem
3264 3836 3324 3905 et

688 3961 1013 4029 sanctam
1047 3955 1323 4049 sedem,
1378 3980 1675 4032 suorum
1707 3955 2363 4053 primogenitorum
2393 3980 2630 4049 more;
2671 3959 2799 4033 sed
2830 3956 3264 4056 timeo-quod
3289 3980 3326 4027 a

687 4083 839 4154 Deo
868 4082 1360 4179 principaliter
1400 4088 1696 4181 propter
1738 4089 2044 4180 peccata
2079 4090 2330 4156 nostra
2374 4092 2446 4156 et
2487 4083 2841 4158 demerita
2881 4086 3187 4183 graviter
3225 4082 3322 4155 os-

684 4203 892 4277 senso
936 4206 1536 4304 impedimentum
1582 4206 1768 4282 dicte
1820 4208 2108 4282 unionis
2149 4208 2612 4305 processerit,
2669 4208 2785 4305 qui
2829 4210 2965 4283 nisi
3009 4208 3320 4309 precibus

684 4326 1103 4403 devotarum
1134 4355 1609 4428 personarum
1654 4332 1873 4407 fuerit
1915 4333 2266 4430 placatuS,
2317 4333 2510 4406 dicta
2537 4334 2708 4406 unio
2745 4358 3010 4431 neque,
3045 4360 3132 4411 ex
3161 4358 3318 4409 con-

684 4454 1036 4549 sequenti,
1072 4480 1213 4553 pax
1243 4457 1434 4531 inter
1462 4456 1897 4531 christianos
1914 4458 2280 4555 principes
2310 4458 2466 4531 fieri
2489 4458 2776 4554 poterit.
2815 4464 3148 4535 Ceterum
3171 4478 3316 4531 cum

682 4572 899 4650 timor
929 4578 1019 4652 sit
1048 4580 1138 4654 de
1171 4580 1541 4655 invasione
1578 4566 1800 4656 ⁸Urbis
1841 4607 1972 4679 per
2001 4584 2404 4681 armigeros
2439 4584 2627 4679 regis
2665 4582 3230 4659 christianissimi
3257 4586 3316 4652 et

682 4723 979 4775 suorum
1032 4706 1692 4798 confederatorum,
1752 4708 1809 4778 si
1865 4707 2057 4781 dicta
2115 4709 2286 4781 unio
2341 4708 2412 4780 in
2467 4708 2626 4782 die's
2680 4709 2932 4785 breves
2990 4735 3132 4786 non
3183 4708 3313 4781 fiat.

679 4832 979 4923 propter
1022 4826 1274 4901 hostes
1324 4830 1549 4927 ipsius
1601 4828 2181 4906 christianissimi
2221 4834 2411 4929 regis
2454 4834 2575 4928 qui
2627 4841 2815 4907 stant
2875 4837 2942 4908 in
3002 4836 3204 4921 Urbe,
3255 4836 3318 4901 ul

681 4948 970 5042 dicitur,
1022 4951 1125 5026 sic
1167 4954 1355 5026 effici
1392 4956 1583 5052 apud
1624 4955 2302 5032 christianissimum
2351 4983 2624 5055 regem,
2673 4985 2765 5033 ne
2803 4962 3041 5057 aliqua
3079 4958 3316 5031 damna

677 5072 1078 5151 inferantur
1104 5104 1144 5151 a
1165 5078 1313 5151 suis
1340 5080 1718 5176 armigeris
1746 5083 2319 5180 quibuscumque
2343 5086 2723 5181 partisanis
2753 5087 2823 5160 in
2849 5088 3034 5163 Urbe
3058 5102 3314 5160 moram

676 5200 1157 5295 trahentibus,
1194 5226 1431 5300 neque
1476 5204 1693 5278 etiam
1740 5208 2003 5281 ceteris
2047 5208 2634 5305 quibuscunque,
2667 5210 3163 5307 undecumque
3188 5204 3314 5278 sint
