3625 6059
811 553 918 612 256
1719 549 2075 608 JoHANle
2120 545 2565 616 BURCHARDI,
2990 546 3287 608 [Decembre
3311 549 3421 612 ms]

817 702 1164 780 officiales
1192 704 1451 803 prelati
1479 709 1554 780 et
1579 702 1985 779 cardinales
2008 700 2241 802 parati
2273 699 2655 777 venerunt.
2687 701 2815 775 SS.
2851 702 2909 773 1)
2930 751 2947 768 .
2986 705 3251 789 noster,
3277 700 3423 776 sacta

816 829 1144 906 oratione
1201 831 1438 920 solita,
1474 831 1754 928 accepit
1784 829 2072 902 mitram
2102 828 2419 926 planam,
2456 835 2529 902 et
2584 825 2727 900 duo
2776 849 2869 899 ex
2907 823 3303 898 cantoribus
3336 847 3425 898 re-

816 960 929 1028 tro
965 952 1202 1054 ipsum
1233 953 1637 1052 genuflexis
1676 953 1943 1027 librum
1972 976 2193 1050 super
2220 951 2619 1026 scabellum
2649 950 3035 1038 habenteS,
3066 951 3423 1026 cantoribus

815 1074 888 1148 in
921 1099 1176 1151 eorum
1209 1076 1419 1150 solito
1461 1076 1625 1151 loco
1651 1076 2259 1174 respondentibus
2295 1101 2311 1149 :
2347 1075 2607 1173 quibus
2650 1074 2899 1166 finitis,
2938 1079 3067 1152 SS.
3121 1079 3197 1150 D.
3228 1082 3427 1169 noster

819 1199 1157 1288 surrexit,
1193 1197 1519 1296 deposita
1569 1199 1809 1290 mitra,
1853 1198 2263 1298 depositum
2324 1199 2470 1274 sive
2506 1205 2844 1273 ornatum
2889 1199 3341 1274 faldistorium
3372 1207 3427 1272 et

815 1330 1012 1398 stans
1047 1323 1410 1399 Sanctitas
1441 1347 1572 1397 sua
1600 1323 1868 1398 ibidem
1902 1348 2153 1400 versus
2178 1325 2267 1398 ad
2298 1324 2521 1398 altare
2554 1322 2731 1398 dixit
2767 1323 3211 1421 competenti
3237 1347 3420 1398 voce:

814 1449 1040 1524 Pater
1067 1450 1367 1542 Noster,
1389 1449 1585 1548 quod
1615 1455 1895 1524 secrete
1917 1450 2327 1549 complevit.
2375 1450 2670 1526 Interim
2698 1450 2841 1524 duo
2864 1474 2955 1525 ex
2980 1449 3424 1526 assistentibus

819 1572 1183 1673 episcopis
1221 1581 1694 1674 apportarunt
1721 1575 1985 1650 librum
2014 1583 2086 1651 et
2117 1575 2523 1668 candelam,
2560 1583 2633 1650 et
2665 1578 2857 1673 Papa
2886 1573 3062 1649 dixit
3098 1573 3427 1648 versiculos

829 1705 900 1772 et
942 1700 1308 1775 orationes
1356 1709 1773 1798 sequenteS,
1833 1724 2012 1798 quas
2065 1724 2153 1776 ex
2202 1702 2335 1777 sibi
2365 1725 2499 1800 pei·
2531 1724 2650 1775 me
2697 1701 2883 1776 datis
2914 1698 3251 1796 elegerat,
3282 1701 3429 1770 etex

818 1824 1088 1900 missali
1117 1825 1334 1901 scribi
1363 1825 1657 1902 fecerat.

917 1950 1029 2024 Et
1044 1975 1134 2024 ne
1161 1975 1289 2024 nos
1311 1951 1605 2025 inducas
1631 1951 1706 2026 in
1736 1950 2221 2044 tentationem,

923 2075 1074 2149 Sed
1097 2076 1312 2155 libera
1337 2101 1466 2150 nos
1495 2101 1538 2150 a
1563 2078 1776 2152 malo.

918 2202 1038 2277 Ne
1065 2203 1398 2299 respicias
1420 2218 1710 2300 peccata
1735 2217 1975 2279 nostra
2004 2203 2330 2296 Domine,

923 2327 1075 2402 Sed
1082 2327 1303 2426 fidem
1331 2328 1650 2404 Ecclesie
1678 2343 1823 2406 tue.

927 2452 1044 2526 Ne
1071 2453 1543 2527 reminiscaris
1575 2455 2034 2554 iniquitatum
2058 2467 2463 2530 nostrarum
2493 2456 2981 2554 antiquarum.

933 2576 1095 2651 Cito
1151 2578 1540 2676 anticipent
1587 2605 1713 2654 nos
1771 2582 2239 2657 misericordie
2270 2594 2411 2674 tue,
2466 2583 2633 2680 quia
2650 2605 3007 2680 pauperes
3034 2579 3207 2682 sacti
3240 2598 3429 2650 sumus

831 2725 1067 2774 nimis.

927 2825 1194 2902 Averte
1232 2853 1274 2902 a
1303 2829 1526 2921 nobis,
1584 2829 1921 2924 Domine,
1958 2832 2519 2930 indignationem
2546 2845 2774 2925 tuam,

930 2949 1042 3026 Et
1065 2955 1329 3050 procul
1351 2955 1508 3027 sita
1531 2956 1732 3029 nobis
1759 2958 1974 3056 furor
2004 2970 2193 3031 tuus.

925 3076 1231 3176 Adjuva
1259 3104 1411 3171 nos,
1442 3079 1642 3154 Deus
1672 3083 2004 3156 salutaris
2034 3097 2297 3177 noster,

929 3204 1042 3279 Et
1071 3217 1369 3302 propter
1394 3207 1698 3304 yloriam
1737 3209 2043 3282 nominis
2073 3211 2203 3300 tui,
2250 3210 2583 3302 Domine,
2619 3211 2835 3285 libera
2882 3236 3014 3286 nos
3043 3224 3107 3286 et
3146 3204 3427 3306 propitius

831 3342 975 3403 esto
992 3332 1305 3427 peccatis
1333 3333 1616 3423 nostris,
1639 3346 1934 3430 propter
1954 3359 2210 3409 nomen
2239 3348 2471 3410 tuum.

922 3453 1284 3528 Memento
1313 3458 1561 3547 nostri,
1596 3458 1927 3548 Domine,
1964 3460 2039 3532 in
2071 3462 2491 3559 beneplacito
2511 3461 2768 3561 populi
2796 3462 2927 3555 tui,

928 3577 1002 3651 Ε
1005 3591 1034 3652 t
1076 3581 1276 3654 visita
1333 3605 1459 3654 nos
1509 3584 1582 3655 in
1613 3584 1916 3658 salutari
1944 3598 2087 3680 tuo,
2124 3599 2205 3660 ut
2245 3587 2521 3662 liberati
2559 3586 2643 3660 de
2692 3589 3142 3666 tribulatione
3167 3581 3429 3680 confitea-

827 3728 990 3778 mur
1018 3707 1293 3781 nomini
1322 3723 1563 3784 saneto
1595 3721 1738 3784 tu0.

922 3829 1138 3905 Mitte
1167 3831 1391 3925 nobis,
1426 3834 1763 3928 Domine,
1797 3836 2151 3912 auxilium
2166 3841 2252 3913 de
2267 3839 2559 3936 Sancto,

927 3953 1037 4030 Et
1061 3956 1147 4030 de
1181 3955 1361 4031 Sion
1405 3972 1601 4033 tuere
1629 3985 1783 4035 nos.

925 4079 1262 4173 Domine,
1305 4085 1566 4158 eoeaudi
1595 4087 1980 4162 orationem
2008 4113 2267 4182 meam,

924 4205 1032 4281 Et
1061 4209 1324 4283 clamor
1351 4235 1550 4284 meus
1583 4212 1683 4286 ad
1705 4223 1769 4286 te
1801 4211 2061 4313 veniat.

921 4331 1281 4407 Dominus
1318 4333 1693 4429 vobiscum,

922 4454 1216 4531 Etcum
1245 4459 1498 4556 spiritu
1528 4470 1672 4533 tu0.

1994 4614 2319 4692 Oremus.

922 4811 1132 4887 Deus
1179 4814 1305 4913 qui
1355 4815 1813 4891 contritorum
1870 4843 2015 4892 non
2061 4819 2349 4918 despicis
2392 4823 2743 4920 yenzitum
2774 4839 2841 4900 et
2870 4822 3291 4901 morientium
3313 4829 3421 4885 non

826 4935 1104 5036 spernis
1152 4940 1522 5040 affectum,
1556 4943 1883 5040 precibus
1916 4946 2172 5019 nostris
2210 4971 2387 5044 quas
2434 4947 2558 5021 tibi
2582 4975 2720 5048 pro
2763 4951 3199 5026 tribulatione
3233 4949 3419 5019 nostra
3470 5045 3472 5058 Ι

827 5063 1302 5164 effundimus,
1325 5065 1648 5167 [attende]
1671 5094 1925 5167 easque
1944 5069 2623 5167 clementer'eoeaudi,
2652 5067 3413 5177 nequidquidcontrasnos

830 5188 1162 5264 diabolice
1197 5202 1329 5263 aut
1361 5190 1673 5267 humane
1713 5195 2134 5288 moliuntur,
2180 5199 2632 5276 adversitates
2684 5203 2787 5276 ad
2812 5203 3109 5280 nihilum
3141 5196 3409 5294 redz‘qan-
3468 5223 3470 5228 .
