3625 6059
758 523 861 580 192
1661 521 2014 578 JOHANNIS
2063 519 2510 586 BURCHARDI,
2981 519 3232 582 {octobre
3257 523 3374 583 ¹494]

866 677 1125 748 Datum
1176 679 1403 747 Rome
1452 673 1645 770 apud
1693 699 1752 745 s.
1792 677 2113 764 Petrum,
2150 672 2285 746 sub
2315 669 2583 745 annulo
2609 669 3016 768 piscatoriS,
3047 669 3164 746 die
3207 679 3376 746 sexto

764 798 1079 874 octobris
1118 803 1329 888 1494,
1366 797 1834 895 pontificatus
1867 797 2302 872 sanctissimi
2333 799 2418 870 D.
2455 796 2680 869 nostri
2711 819 2904 870 anno
2929 796 3166 872 tertio.

2350 925 2438 994 D.
2497 919 2854 1010 Floridus.

864 1053 1179 1128 Affixum
1236 1051 1365 1126 fuit
1422 1048 1797 1146 originale,
1852 1048 2056 1147 cujus
2126 1048 2338 1145 copia
2397 1054 2808 1145 preservato.
2863 1053 2974 1122 est
3037 1050 3278 1134 Rome,
3323 1046 3380 1118 in

762 1178 979 1253 valvis
1010 1201 1300 1253 camere
1330 1176 1725 1274 apostolice
1766 1185 1842 1250 et
1889 1177 1964 1249 in
2003 1175 2158 1250 acie
2195 1173 2432 1271 campi
2457 1173 2668 1246 Flore
2707 1180 2784 1247 et
2821 1172 2980 1246 aliis
3023 1171 3200 1246 locis
3225 1171 3290 1244 in
3315 1195 3382 1246 ea

764 1303 1135 1401 expressis
1165 1326 1295 1400 per
1324 1302 1671 1376 sanctiss,
1709 1306 1796 1374 D.
1838 1299 2066 1374 nostri
2098 1304 2290 1396 Pape
2319 1321 2684 1386 cursores,
2720 1296 2837 1373 die
2864 1296 3036 1370 lune
3069 1300 3111 1368 6
3144 1302 3213 1371 et
3237 1320 3386 1370 mar-

765 1429 855 1502 tis
891 1434 927 1500 7
958 1427 1237 1500 mensis
1278 1427 1598 1500 octobris
1636 1432 1847 1501 1494.

864 1552 1073 1626 Feria
1114 1556 1394 1648 quarta,
1442 1555 1485 1624 8
1526 1550 1799 1626 mensis
1849 1549 2194 1640 octobriS‚
2227 1553 2354 1624 SS.
2405 1554 2492 1622 D.
2529 1553 2781 1622 noster
2809 1547 3178 1622 commisit
3209 1553 3380 1622 Rmo.

770 1681 853 1752 D.
904 1677 1247 1778 cardinali
1292 1676 1871 1774 Carthaginiensi
1926 1676 2168 1772 legato
2209 1673 2598 1772 campanie
2641 1699 2872 1771 nuper
2913 1683 3164 1751 creato
3201 1675 3266 1749 in
3297 1699 3388 1748 se-

772 1812 971 1878 creto
1022 1802 1455 1876 consistorio
1514 1803 1720 1898 cujus
1774 1801 2166 1876 creationis
2209 1800 2404 1874 diem
2454 1822 2602 1874 non
2650 1801 3017 1892 annotavi,
3073 1800 3238 1898 quia
3275 1823 3390 1874 nou

772 1928 904 2001 fuit
936 1951 1027 2001 ex
1066 1926 1498 2001 consistorio
1538 1926 1630 2000 ad
1677 1925 1974 2001 domum
2021 1921 2419 2000 associatus
2450 1949 2496 1998 a
2531 1925 3046 2015 cardinalibuS,
3075 1925 3262 2022 quod
3291 1925 3396 1998 iret

774 2055 865 2128 ad
923 2053 1367 2151 legationem
1426 2075 1629 2126 suam
1676 2058 1749 2127 et
1796 2051 1892 2126 ad
1932 2051 2463 2125 Ferdinandum
2511 2050 2753 2124 Sicilie
2807 2074 3062 2148 regem
3105 2049 3394 2147 Neapoli-

778 2185 1021 2254 tanum
1073 2202 1325 2252 versus
1372 2179 1637 2252 Urbem
1692 2176 2102 2252 venientem
2154 2175 2226 2248 in
2285 2175 2694 2250 confinibus
2747 2175 3054 2250 civitatis
3113 2174 3393 2251 Terraci-

776 2302 1051 2391 nensiS,
1080 2303 1440 2399 reciperet
1463 2301 1866 2376 honorifice
1895 2309 1967 2377 et
1989 2325 2214 2397 usque
2238 2300 2330 2375 ad
2359 2301 2720 2374 civitatem
2745 2301 3052 2376 deberet
3079 2301 3394 2375 associare

777 2434 1098 2525 paratuS.

876 2552 1096 2649 Igitur
1142 2552 1483 2626 mandato
1533 2555 1660 2628 SS.
1712 2557 1798 2625 D.
1851 2553 2108 2641 nostri,
2155 2553 2348 2628 idem
2407 2551 2792 2626 cardinalis
2834 2551 2954 2626 die
3003 2552 3298 2641 sabbati,
3335 2557 3388 2624 tt

782 2677 1125 2764 octobris,
1162 2675 1235 2749 in
1272 2699 1512 2767 mane,
1548 2677 1818 2774 absque
1862 2678 2332 2753 cardinalium
2367 2677 2846 2752 associatione
2879 2677 3266 2775 [profectus
3291 2677 3396 2772 est]
3537 2775 3539 2780 Ι

780 2807 853 2876 et
886 2825 1050 2875 cum
1080 2825 1167 2875 eo
1197 2805 1280 2874 D.
1305 2802 1671 2876 Johannes
1700 2801 1925 2876 Maria
1951 2804 2254 2890 clericus
2279 2803 2887 2894 ceremoniarum,
2915 2802 3162 2878 socius
3185 2825 3394 2877 meus:

772 2927 905 3002 fuit
952 2926 1545 3002 commendatum
1593 2927 1832 3002 eidem
1873 2933 2080 3002 Rmo.
2119 2933 2204 3002 D.
2242 2928 2584 3004 cardinali
2631 2953 2674 3002 a
2713 2930 2840 3002 SS.
2878 2929 2968 3000 D.
3013 2933 3260 3000 nostro
3289 2933 3403 2998 eta

772 3076 892 3127 me
928 3052 1125 3150 quod
1159 3052 1427 3148 ubique
1458 3050 1666 3127 daret
1708 3076 2006 3128 manum
2037 3056 2412 3129 dexteram
2449 3054 2642 3129 dicto
2681 3052 2838 3150 regi
2875 3051 3226 3142 venienti,
3259 3049 3400 3124 etin
3535 3073 3537 3082 ·

774 3178 1117 3253 omnibus
1149 3178 1389 3274 ipsum
1419 3175 1839 3253 honoraret.

872 3301 1084 3375 Feria
1112 3301 1458 3394 secunda,
1500 3307 1585 3376 13
1630 3302 1745 3377 die
1780 3305 2124 3396 octobriS,
2160 3305 2522 3380 destructe
2553 3311 2626 3380 et
2669 3305 2950 3379 ruinate
2981 3302 3404 3379 fueruntdue

778 3426 1039 3500 domus
1074 3427 1311 3516 Urbis,
1346 3426 1680 3502 videlicet
1711 3452 1858 3502 una
1885 3429 1960 3501 in
2001 3429 2295 3526 regione
2327 3431 2679 3504 Columne
2708 3429 2950 3527 posita
2978 3432 3067 3501 D.
3105 3421 3402 3523 Prosperi

784 3552 1161 3642 Columna,
1199 3559 1272 3627 et
1300 3552 1439 3625 alia
1468 3575 1694 3650 prope
1724 3552 2024 3629 domum
2052 3556 2238 3628 Rmi.
2277 3560 2363 3630 D.
2401 3555 2786 3631 cardinalis
2817 3579 2880 3628 s.
2913 3553 3229 3650 Georgii,
3263 3549 3402 3624 olim

782 3677 1073 3752 comitis
1119 3678 1542 3778 Hieronymi
1582 3679 1988 3771 Tuttaville,
2030 3704 2162 3777 pro
2207 3705 2295 3756 eo
2345 3682 2541 3778 quod
2579 3706 2723 3756 non
2763 3685 3168 3779 paruerunt
3209 3673 3404 3752 bando

778 3823 1013 3900 nuper
1039 3801 1113 3876 in
1146 3803 1363 3894 Urbe,
1394 3811 1471 3878 ut
1502 3827 1745 3902 supra,
1780 3805 2000 3879 facto,
3532 3777 3533 3790 ,

876 3928 1091 4002 Feria
1116 3935 1345 4020 sexta,
1386 3935 1470 4002 17
1514 3929 1861 4020 octobriS,
1897 3936 2064 4004 ante
2104 3931 2362 4007 horam
2399 3931 2838 4021 consistorii,
2873 3934 3002 4006 SS.
3041 3934 3126 4004 D.
3163 3933 3402 4004 noster.

794 4058 1183 4150 antequam
1221 4054 1447 4129 exiret
1479 4055 1569 4129 de
1603 4077 1896 4129 camera
1935 4080 2091 4147 sua,
2128 4057 2599 4156 interrogavit
2627 4079 2746 4131 me
2776 4079 2868 4131 an
2893 4061 3194 4154 propter
3215 4075 3412 4128 reces-
3530 4097 3531 4126 i

786 4203 944 4252 sum
1000 4179 1188 4252 Rmi.
1239 4183 1325 4252 D.
1376 4181 1761 4254 cardinalis
1809 4183 2150 4256 Senensis
2207 4184 2453 4281 legati,
2507 4189 2753 4258 essent
2797 4207 2929 4281 per
2977 4181 3407 4258 sanctitatem

788 4326 993 4376 suam
1044 4303 1349 4378 dicende
1409 4305 1626 4402 aliqui
1672 4311 2037 4385 orationes
2086 4319 2157 4383 et
2209 4309 2348 4382 alie
2404 4307 2822 4382 ceremonie
2865 4306 3221 4382 faciende.
3261 4305 3410 4376 Res·
3528 4369 3529 4413 ἐ

786 4427 1007 4525 pondi
1050 4429 1425 4502 sanctitati
1468 4454 1597 4505 sue
1638 4437 1832 4530 quod
1867 4459 2038 4524 non,
2076 4434 2203 4508 sed
2239 4433 2443 4507 finito
2486 4432 2943 4525 consistorio,
2979 4433 3074 4506 ab
3113 4427 3412 4505 omnibus

788 4553 1075 4628 RRmis.
1114 4557 1268 4628 DD.
1315 4555 1793 4632 cardinalibus
1832 4565 2036 4633 extra
2070 4565 2357 4655 portam
2403 4557 2872 4632 associandus
2913 4557 3153 4645 venit3
3187 4547 3412 4629 deinde
3525 4625 3527 4658 ἢ

794 4675 885 4748 ad
931 4679 1439 4755 consistorium
1472 4685 1599 4756 SS.
1632 4686 1718 4756 D.
1754 4689 2006 4758 noster
2042 4683 2166 4757 ivit
2197 4691 2294 4774 et,
2330 4682 2539 4757 finito
2577 4681 3042 4772 consistorio,
3087 4673 3418 4754 commisit
3525 4663 3527 4695 '

797 4801 1177 4877 Gullielmo
1209 4807 1442 4880 Bosco
1472 4807 1751 4882 cursori
1782 4808 1980 4905 quod
2005 4808 2141 4882 iret
2173 4807 2265 4882 ad
2289 4812 2546 4882 Rotam
2585 4809 2677 4883 ad
2717 4808 3053 4883 dominos
3081 4803 3415 4880 auditores

795 4929 869 4997 et
896 4923 1000 4996 eis
1032 4948 1161 5001 suo
1188 4928 1483 5005 nomine
1514 4932 1892 5006 mandaret
1911 4932 2108 5030 quod
2131 4955 2277 5007 non
2311 4940 2680 5010 servarent
2699 4932 3139 5009 audientiam
3159 4934 3418 5030 propter
3523 4907 3525 4977 ἶ

797 5071 1165 5124 recessum
1206 5051 1391 5126 Rmi.
1430 5056 1516 5127 D.
1562 5057 1946 5132 cardinalis
1982 5058 2233 5155 legati;
2267 5058 2514 5155 sicque
2557 5066 2665 5135 est
2707 5059 3006 5148 factum,
3041 5063 3113 5132 et
3149 5045 3420 5129 nonfuit

798 5175 923 5250 illa
950 5175 1063 5251 die
1091 5177 1479 5252 audientia.
