3625 6059
741 575 841 631 170
1648 563 2000 622 JOHANNIS
2049 563 2495 634 auncflfflm,
3107 569 3228 629 [aaa
3259 571 3384 631 uon

741 727 1019 804 habens
1065 725 1330 825 gradus
1372 724 1665 798 circiter
1704 721 2022 818 quinque
2071 722 2179 795 vel
2225 745 2354 796 sex
2403 746 2417 794 :
2460 721 2682 820 longa
2711 727 2887 812 erat,
2939 727 3012 796 et
3052 721 3129 796 in
3171 723 3388 797 medio

744 853 1041 930 sedebat
1069 852 1351 948 legatus
1382 849 1474 924 ad
1503 849 1876 923 dexteram
1914 848 2103 944 regis
2142 871 2158 921 :
2194 848 2269 920 in
2299 846 2634 944 opposito
2665 854 2822 922 erat
2861 845 3232 920 credentia
3255 847 3390 921 lon-

744 978 1085 1076 gitudinis
1124 977 1427 1051 duarum
1470 996 1894 1063 cannarum,
1938 972 2049 1045 vel
2097 972 2314 1064 circa,
2353 971 2620 1069 gradus
2649 995 2744 1044 x11
2768 971 3078 1063 habens,
3117 971 3174 1043 si
3211 981 3385 1045 recte

747 1102 1068 1192 memini,
1104 1098 1605 1198 pulcherrimis
1645 1097 1830 1171 vasis
1868 1097 2078 1194 plena
2117 1121 2130 1169 :
2169 1097 2242 1169 in
2280 1096 2613 1194 opposito
2654 1097 2814 1170 ostii
2847 1095 2918 1170 in
2962 1097 3128 1171 loco
3161 1097 3298 1171 alto
3323 1099 3384 1171 in

700 1245 952 1302 'muro
1006 1225 1437 1324 compositO,
1496 1221 1807 1312 stabant,
1867 1246 1992 1296 seu
2047 1221 2398 1296 sedebant
2443 1220 2798 1296 tubicines
2841 1227 2914 1296 et
2967 1222 3384 1296 fistulatores

748 1352 939 1450 regis
965 1373 1223 1424 novem
1256 1348 1361 1421 vel
1384 1349 1603 1440 circa,
1638 1348 1758 1446 qui
1790 1349 1882 1422 ad
1912 1347 2287 1421 introitum
2323 1347 2769 1446 singulorum
2786 1347 3232 1422 biberiorum
3261 1349 3384 1421 sive

749 1477 1014 1574 dapum
1050 1473 1429 1548 sonabant.
1469 1472 1892 1570 Magnificus
1912 1473 2238 1548 Andreas
2257 1473 2618 1548 Mattheus
2647 1473 2974 1547 marchio
3003 1473 3304 1549 Martine
3331 1481 3388 1546 et

752 1603 993 1698 regius
1045 1600 1280 1697 major
1335 1599 1662 1673 scalchus
1712 1599 1805 1673 ad
1862 1598 2230 1674 introitum
2283 1598 2734 1694 singulorum
2785 1600 3052 1696 dapum
3105 1599 3184 1672 in
3227 1621 3387 1696 equo

750 1727 1253 1825 preequitabat
1300 1726 1389 1798 ab
1427 1725 1613 1798 ostio
1660 1748 1888 1822 usque
1927 1726 2018 1799 ad
2059 1724 2328 1799 scalam
2369 1748 2513 1821 qua
2555 1724 2647 1798 ad
2689 1747 3018 1798 mensam
3069 1723 3388 1798 ascende-

752 1850 991 1940 batur,
1026 1849 1375 1925 incedens
1416 1855 1487 1924 et
1512 1850 1862 1925 recedens
1899 1858 2096 1924 recta
2120 1850 2236 1923 via
2264 1849 2354 1924 ab
2387 1850 2574 1924 ostio
2615 1850 2704 1922 ad
2747 1849 3197 1924 credentiam
3227 1849 3390 1924 etde

756 1976 1127 2050 credentia
1153 1983 1355 2050 recta
1382 1976 1497 2049 via
1524 1976 1616 2049 ad
1643 1999 1998 2066 mensam,
2038 1975 2375 2049 baculum
2407 1975 2649 2049 album
2677 1976 2978 2071 longum
3007 1997 3230 2049 manu
3261 1997 3395 2072 ges-

758 2109 917 2176 tans
960 2108 1031 2175 et
1068 2106 1307 2174 vestes
1350 2100 1547 2174 albas
1593 2127 1608 2173 :
1660 2124 1888 2198 equus
1917 2101 2122 2174 albus
2159 2101 2379 2174 etiam
2423 2108 2604 2192 erat,
2653 2101 2797 2174 duo
2833 2107 3044 2174 erant
3083 2099 3389 2198 dapiferi,

758 2251 943 2301 unus
982 2228 1072 2301 ad
1115 2228 1439 2301 dextram
1486 2226 1836 2316 videlicet,
1887 2225 2006 2323 qui
2045 2233 2201 2300 erat
2229 2226 2477 2323 legati,
2531 2226 2716 2300 alius
2752 2225 2845 2298 ad
2885 2225 3258 2300 sinistram
3291 2225 3392 2321 qui

753 2360 908 2429 erat
936 2351 1163 2450 regis;
1196 2359 1267 2425 et
1296 2374 1553 2428 omnes
1582 2351 1703 2426 alii
1733 2352 1805 2424 in
1833 2351 2129 2448 paribus
2159 2351 2343 2424 vasis
2382 2352 2854 2449 portabantur
2879 2350 3127 2447 legato
3159 2357 3236 2424 et
3265 2351 3391 2446 regi

750 2478 1039 2577 paribus
1087 2480 1449 2575 coopertis
1494 2479 1818 2576 cooperti
1860 2503 1876 2551 :
1919 2502 2065 2551 non
2106 2479 2479 2552 numeravi
2524 2478 2773 2576 dapes,
2821 2476 2990 2574 quia
3030 2499 3176 2550 non
3229 2475 3321 2548 fui
3357 2499 3394 2548 a

750 2602 1103 2701 principio
1143 2604 1453 2698 prandii,
1498 2603 1630 2676 sed
1669 2603 1866 2677 circa
1901 2603 2219 2677 medium
2259 2602 2448 2676 veni.
2502 2606 2810 2700 Legatus
2855 2602 3075 2675 etiam
3104 2601 3396 2676 habebat

753 2729 1121 2828 proprium
1164 2726 1564 2816 scalchum,
1608 2724 1948 2800 baculum
1987 2725 2284 2823 longum
2326 2748 2546 2799 manu
2587 2731 3021 2824 gestantem,
3057 2725 3179 2821 qui
3222 2724 3396 2821 regio

752 2851 1072 2940 scalcho‚
1122 2853 1215 2927 ad
1244 2850 1510 2950 gradus
1568 2873 1822 2924 mense
1872 2875 1962 2924 ex
2009 2872 2197 2944 equo
2245 2848 2760 2938 descendente,
2810 2847 3304 2922 descendebat
3339 2857 3398 2920 et

751 2981 904 3078 ipse
948 3003 1081 3078 per
1126 2981 1421 3078 graduS,
1470 2987 1543 3054 et
1592 2977 1806 3052 simul
1851 3000 2014 3051 cum
2059 2975 2180 3049 illo
2225 2973 2666 3049 ascendebat
2708 2972 3176 3070 sequentibus
3225 2972 3398 3070 ipsos

750 3104 1119 3202 dapiferis.
1175 3109 1486 3204 Legatus
1532 3102 1784 3179 habuit
1836 3101 2261 3176 scutiferum
2311 3100 2400 3174 de
2443 3107 2618 3198 potu
2657 3098 2792 3174 sibi
2837 3097 3302 3189 servientem,
3339 3103 3398 3172 et

751 3255 879 3304 rex
920 3230 1013 3303 ad
1052 3231 1245 3303 idem
1289 3230 1512 3304 alium
1556 3229 1690 3304 sibi
1720 3227 1856 3326 ipsi
1904 3253 1919 3300 :
1969 3226 2111 3301 duo
2153 3226 2228 3297 in
2265 3246 2522 3299 mensa
2549 3229 2780 3300 erant.
2817 3223 3054 3298 Finito
3083 3226 3392 3322 prandio,

750 3359 1030 3456 legatus
1062 3382 1229 3432 cum
1258 3380 1433 3456 rege
1460 3354 1820 3430 intrarunt
1851 3374 2216 3426 cameram
2249 3350 2550 3448 regiam.

851 3483 1043 3556 Nihil
1074 3483 1253 3557 mihi
1294 3484 1367 3556 in
1406 3483 1547 3556 hoc
1577 3476 1901 3554 convivio
1933 3477 2298 3575 singulare
2328 3476 2620 3574 placuit,
2655 3481 2902 3574 preter
2939 3475 3394 3565 credentiam,

754 3631 895 3704 que
927 3608 1434 3705 pulcherrimis
1478 3615 1550 3682 et
1587 3603 1868 3702 magnis
1897 3602 2085 3676 vasis
2115 3603 2356 3678 aureis
2401 3610 2474 3677 et
2518 3604 2883 3700 argenteis
2915 3613 3174 3679 ornata
3201 3609 3344 3679 erat
3381 3625 3394 3676 :

754 3731 1149 3805 existimavi
1180 3757 1268 3806 ea
1294 3756 1434 3830 que
1465 3731 1563 3805 ibi
1594 3733 1922 3829 exposita
1949 3739 2152 3806 erant
2183 3729 2275 3804 ad
2302 3730 2592 3805 circiter
2621 3731 2923 3806 ducatos
2960 3741 3118 3806 an.

854 3857 1065 3932 Feria
1122 3858 1357 3948 tertia,
1426 3863 1511 3932 13
1570 3856 1842 3930 mensis
1901 3856 2099 3948 maii,
2167 3854 2242 3929 in
2299 3879 2540 3946 mane,
2603 3857 2916 3954 equitavi
2973 3879 3064 3932 ex
3123 3854 3400 3954 Neapoli

752 3985 1033 4057 visurus
1063 3983 1225 4058 loca
1252 3983 1545 4080 antiqua
1575 3989 1649 4057 et
1675 3989 1982 4074 vetusta,
2010 3987 2082 4057 et
2106 4005 2394 4057 mecum
2423 3982 2619 4057 venit
2649 4007 2832 4056 unus
2863 4007 2954 4058 ex
2994 3981 3404 4080 expendite-

754 4109 952 4184 rihus
980 4109 1201 4207 regiS,
1239 4109 1359 4206 qui
1405 4108 1663 4182 domus
1707 4130 1872 4182 mee
1913 4132 2163 4182 curam
2206 4107 2522 4183 habebat
2561 4132 2602 4181 a
2641 4109 2858 4206 regiis
2901 4108 3036 4184 sibi
3077 4107 3402 4182 commis·

757 4258 936 4324 sam,
974 4234 1095 4330 qui
1136 4256 1385 4308 secum
1432 4233 1632 4307 duxit
1675 4232 1952 4307 mulum
1993 4234 2185 4326 vin0,
2233 4234 2567 4331 panibus,
2611 4233 2975 4325 carnibuS,
3021 4233 3402 4308 confectio-

753 4358 991 4448 nibuS,
1025 4357 1405 4432 intorticiis
1441 4365 1513 4433 et
1548 4357 1705 4432 aliis
1738 4358 1956 4431 rebus
1986 4381 2116 4455 pro
2143 4359 2353 4434 nobis
2381 4360 2807 4458 opportunis
2839 4359 2928 4433 ad
2957 4360 3248 4450 victum,
3283 4379 3400 4430 nec

752 4494 897 4557 non
932 4469 1148 4558 rebus
1180 4490 1474 4580 propter
1501 4506 1681 4579 quas
1708 4484 1992 4557 ibamus
2028 4491 2406 4560 oneratum
2443 4511 2457 4560 :
2493 4493 2849 4562 venerunt
2878 4487 3099 4562 etiam
3131 4505 3398 4561 mecum

757 4609 1025 4683 visendi
1078 4631 1299 4683 causa
1350 4610 1605 4682 Petrus
1658 4609 2026 4683 lohannes
2079 4615 2296 4704 Roso,
2352 4611 2918 4710 Christophorus
2966 4609 3400 4696 Zaccharias,

754 4732 1091 4808 Albertus
1160 4736 1567 4831 LonganuS‚
1655 4735 2013 4809 Corradus
2094 4743 2166 4811 et
2223 4736 2594 4810 Johannes
2663 4737 2936 4834 Sigelli,
3028 4734 3402 4810 familiares

756 4881 931 4931 mei.

860 4981 1212 5060 Venimus
1242 4982 1555 5080 primum
1584 4985 1676 5059 ad
1705 4985 1950 5061 locum
1980 4987 2370 5084 quemdam
2403 4994 2784 5087 Agnanum
2817 4988 2920 5081 (1)
2953 4991 3403 5089 appellatum.

833 5174 883 5230 1.
929 5170 1039 5227 Les
1066 5187 1203 5229 mss,
1240 5172 1384 5242 (149,
1415 5172 1576 5244 5160)
1610 5173 1856 5232 donnent
1881 5177 2044 5249 Aqua
2069 5180 2217 5245 viva,
2239 5195 2302 5233 ce
2331 5177 2424 5250 qui
2444 5184 2533 5233 est
2559 5177 2798 5248 inexact,
2834 5184 2974 5234 cette
3000 5176 3128 5233 ville
3145 5180 3290 5232 etant
3319 5187 3406 5226 sur

756 5261 805 5316 la
840 5271 983 5318 terre
1018 5261 1087 5316 de
1119 5259 1241 5316 Bari
1272 5263 1304 5317 a
1330 5261 1401 5317 25
1429 5259 1549 5330 kil„
1581 5269 1637 5319 et
1664 5262 1785 5319 Bari
1818 5269 1966 5320 etant
1992 5270 2022 5320 a
2041 5267 2148 5322 ‘230
2173 5264 2268 5323 kil.
2298 5267 2365 5320 de
2386 5265 2608 5339 NapleS.
