3625 6059
629 566 737 622 538
1539 550 1889 610 sommus
1938 548 2381 620 eunomiam,
2872 555 3137 616 [octobre
3166 557 3303 620 um

630 719 722 793 tis
752 711 1189 788 clamoribus
1221 733 1298 782 se
1328 707 1508 782 velle
1535 715 1792 782 contra
1822 712 2105 779 montes
2136 712 2209 779 et
2238 706 2457 802 Alpes
2490 732 2815 804 pugnare
2840 719 3067 807 atque
3094 713 3303 786 etiam

630 846 884 918 contra
908 836 1259 926 TurchoS,
1295 833 1430 906 nisi
1466 857 1590 906 rex
1625 856 1752 908 eos
1785 831 2163 929 Neapolim
2194 831 2455 907 mittat.

731 963 1185 1062 Sequebatur
1239 961 1382 1033 hec
1445 958 1691 1033 omnia
1745 957 2071 1030 infinitus
2122 957 2372 1055 populi
2431 981 2781 1034 numerus
2839 969 3065 1058 atque
3126 985 3315 1058 pene

629 1089 1102 1168 incredibilis.
1132 1091 1286 1160 Rex
1309 1084 1403 1158 ad
1431 1107 1676 1158 arcem
1701 1083 2320 1156 Mediolanensem
2350 1083 2607 1158 ductus
2634 1093 2773 1177 est,
2802 1110 3023 1182 quam
3048 1088 3315 1164 invenit

634 1218 906 1316 optime
947 1219 1020 1288 et
1059 1212 1413 1286 ditissime
1458 1208 1855 1297 munitam;
1903 1231 2123 1304 quam
2164 1232 2331 1282 cum
2366 1209 2897 1311 ingrederetur,
2934 1214 3321 1288 machina-

633 1366 796 1417 rum
836 1337 1344 1414 emissionibus
1374 1337 1477 1409 ita
1505 1359 1632 1408 aer
1659 1334 1984 1431 pulsatus
2015 1341 2127 1407 est
2166 1340 2238 1408 et
2272 1335 2628 1428 tubarum,
2665 1336 3003 1411 tibiarum
3038 1347 3115 1412 et
3148 1363 3313 1413 mu-

633 1470 947 1542 sicarum
977 1461 1610 1536 innumerabilium
1642 1461 1913 1550 sonitu,
1946 1467 2024 1535 ut
2056 1484 2341 1534 summa
2391 1461 2656 1534 infimis
2696 1469 2771 1536 et
2816 1464 3075 1538 infima
3106 1489 3315 1538 sum-

636 1594 783 1676 mis
813 1591 1034 1664 mixta
1077 1611 1235 1664 esse
1282 1589 1720 1662 dicerentur.
1758 1590 1840 1659 In
1888 1610 2033 1684 quo
2080 1587 2372 1684 quidem
2423 1588 2755 1684 ingressu
2805 1613 2955 1662 non
2986 1592 3315 1666 creditur

641 1719 862 1792 fuisse
915 1714 1301 1788 Mediolani
1357 1735 1676 1807 unquam
1726 1719 1941 1785 antea
1985 1713 2219 1786 visum
2268 1711 2621 1786 nobilium
2670 1721 2744 1786 et
2786 1737 3315 1811 generosorum

641 1843 956 1917 virorum
989 1847 1264 1915 tantam
1293 1836 1861 1928 multitudinem,
1892 1845 2305 1913 ceterorum
2336 1845 2777 1914 armatorum
2802 1849 3093 1938 genteS,
3126 1843 3319 1916 vide-

640 1969 806 2042 licet
857 1973 1193 2042 sexcente
1239 1965 1520 2052 lancee,
1558 1985 1722 2036 cum
1769 1964 2087 2036 maximo
2132 1963 2438 2037 aliorum
2490 1965 2817 2060 equitum
2866 1972 2939 2040 et
2986 1967 3317 2064 peditum

642 2115 970 2184 numerO,
1008 2098 1215 2167 erant
1245 2089 1617 2164 distribute
1647 2113 1780 2186 per
1809 2095 2047 2162 castra
2083 2099 2155 2164 et
2187 2089 2554 2181 fortalitia,
2590 2097 2664 2165 et
2689 2091 3051 2165 Allemani
3084 2094 3303 2168 etiam

643 2243 776 2316 pro
806 2217 1207 2291 munitione
1239 2214 1773 2305 fortalitiorum,
1811 2221 1884 2288 et
1913 2223 2209 2312 propter
2234 2215 2691 2290 inimicorum
2723 2216 3063 2291 incursus
3092 2217 3219 2316 (¹).

743 2347 1050 2418 Causam
1077 2349 1222 2416 tam
1249 2341 1759 2437 repentissime
1791 2341 2204 2415 amissionis
2232 2341 2535 2416 ducatus
2562 2350 2635 2419 et
2662 2349 2890 2417 status
2922 2343 3314 2419 Mediolani

645 2492 862 2566 supra
897 2491 988 2542 ex
1030 2465 1388 2541 oblivione
1426 2489 1573 2540 non
1612 2465 1973 2540 annotavi.
2011 2466 2336 2540 IllustriS.
2374 2467 2801 2558 LudovicuS,
2837 2468 2985 2542 dux
3032 2469 3315 2543 Medio-

651 2594 824 2682 lani,
877 2592 1127 2666 videns
1185 2614 1527 2688 magnum
1581 2600 2007 2688 apparatum
2066 2601 2136 2666 et
2194 2593 2515 2689 gentium
2574 2594 2819 2690 copias
2872 2616 3007 2690 per
3066 2619 3317 2692 regem

651 2717 951 2792 Francie
997 2722 1251 2791 contra
1293 2739 1371 2790 se
1405 2715 1671 2813 parari,
1715 2739 2167 2814 cognoscens
2208 2717 2657 2792 subditorum
2700 2743 2999 2792 suorum
3034 2721 3321 2795 animos

651 2866 827 2941 erga
853 2866 961 2933 se,
993 2852 1289 2939 propter
1317 2842 1646 2938 graviora
1690 2864 1915 2916 onera
1952 2843 2111 2940 ejus
2141 2843 2503 2940 imposita,
2540 2849 2615 2917 et
2651 2849 3043 2940 propterea
3078 2845 3319 2918 sciens

650 2993 794 3042 non
825 2989 1040 3066 posse
1071 2966 1291 3041 Gallis
1326 2967 1688 3056 resistere,
1725 2990 1895 3041 cum
1919 2968 2190 3040 videret
2215 2967 2617 3064 periculum
2640 2968 3019 3044 amittendi
3052 2977 3321 3044 statum

651 3093 788 3168 sibi
831 3091 1239 3182 imminere,
1275 3092 1334 3164 si
1375 3115 1502 3166 rex
1541 3097 2030 3166 Romanorum
2074 3093 2203 3166 sibi
2248 3117 2397 3167 non
2432 3099 2911 3184 succurreret,
2949 3098 3205 3170 statuit
3232 3096 3321 3168 de

655 3219 1063 3295 Mediolano
1118 3218 1458 3292 recedere
1508 3224 1578 3290 et
1630 3217 1734 3291 ire
1782 3241 2027 3292 versus
2081 3224 2305 3292 terras
2356 3222 2847 3293 Romanorum
2894 3221 3117 3316 regis,
3172 3225 3325 3294 Hoc

654 3367 864 3420 suum
893 3343 1344 3441 propositum
1386 3347 1471 3415 D.
1509 3345 1721 3417 Petro
1768 3343 2149 3417 Bonhomo
2185 3345 2635 3440 TergestinO,
2674 3345 2895 3440 regali
2928 3347 3329 3420 secretario

652 3476 727 3545 et
770 3468 1038 3543 oratori
1083 3491 1334 3542 secum
1385 3469 1722 3542 existenti
1783 3467 2195 3565 [exposuit].
2254 3472 2339 3541 D.
2395 3472 2649 3543 Petrus
2708 3469 2877 3542 duci
2940 3468 3329 3544 subvenire

655 3593 1072 3666 existimans
1118 3593 1402 3689 scripsit
1444 3597 1934 3666 Romanorum
1982 3593 2178 3690 regie
2209 3594 2572 3689 majestati
2618 3602 2693 3667 ut
2728 3618 2947 3691 quam
2990 3595 3209 3668 citius
3240 3596 3329 3670 ad

655 3717 1225 3794 subveniendum
1270 3717 1432 3792 duci
1483 3717 1819 3791 celeriter
1862 3727 2331 3814 provocaret3
2370 3719 2690 3794 recitavit
2732 3721 2884 3816 regi
2932 3743 3325 3796 numerum

657 3843 1030 3941 copiarum
1076 3843 1280 3917 ducis
1311 3849 1383 3918 et
1407 3842 1802 3932 Gallorum,
1836 3841 2283 3939 subjungens
2313 3843 2451 3916 nisi
2488 3844 2650 3919 duci
2682 3844 3020 3919 celeriter
3060 3869 3331 3944 oppor-

655 3977 909 4045 tunum
941 3966 1338 4042 subsidium
1369 3966 1720 4055 mittatur,
1746 3964 1948 4038 illum
1979 3988 2123 4038 non
2152 3988 2366 4063 posse
2409 3967 2775 4054 resistere,
2801 3976 2871 4042 et
2914 3975 3261 4065 oportere
3288 3993 3331 4043 a

656 4094 1062 4168 Mediolano
1095 4091 1495 4182 discedere,
1537 4098 1610 4165 et
1639 4090 1845 4188 plura
1872 4089 2319 4186 hujusmodi.

756 4220 1087 4310 NuntiuS,
1121 4218 1394 4291 litteras
1421 4218 1550 4290 has
1578 4217 1915 4290 deserens
1950 4223 2022 4292 et
2058 4224 2286 4291 terras
2316 4223 2767 4294 Venetorum
2796 4223 3329 4317 pertransiens,

659 4351 911 4441 captus
953 4343 1086 4420 fuit
1125 4351 1198 4417 et
1243 4344 1483 4417 littere
1521 4343 1708 4418 lecte
1758 4343 1979 4416 misse
2009 4343 2355 4420 Venetias
2389 4344 2479 4443 (2)
2513 4350 2585 4419 et
2621 4344 2788 4418 inde
2832 4347 2983 4442 regi
3018 4349 3330 4421 Francie

661 4469 781 4566 qui
831 4493 954 4543 eas
999 4469 1192 4542 misit
1221 4469 1597 4566 capitaneo
1629 4467 1985 4542 exercitus
2024 4468 2133 4540 sui
2180 4491 2343 4542 cum
2392 4470 2730 4544 mandato
2778 4471 2973 4567 quod
3004 4494 3083 4545 se
3114 4471 3333 4546 citius

661 4595 1039 4693 expediret
1082 4600 1149 4668 et
1199 4593 1540 4668 ducatum
1589 4593 2207 4667 Mediolanensem
2254 4595 2651 4688 invaderet,
2702 4596 2896 4691 quod
2938 4603 3009 4670 et
3054 4595 3333 4672 factum

661 4726 796 4796 est.
830 4717 1121 4806 Veneti,
1153 4742 1241 4793 ex
1272 4716 1519 4793 federe
1550 4724 1621 4792 et
1651 4723 1864 4814 pacto
1896 4741 2060 4790 cum
2090 4742 2261 4812 rege
2293 4723 2734 4794 Francorum
2768 4720 2973 4810 inito,
3006 4723 3333 4796 assecuti

729 4971 778 5036 1ss
825 4979 1070 5034 L'entree
1107 4977 1183 5031 du
1211 4975 1289 5031 roi
1329 4976 1397 5031 de
1427 4975 1630 5031 Franee
1669 4979 1702 5031 a
1739 4975 1906 5032 Milan
1939 4982 2025 5033 est
2056 4975 2365 5048 §galement
2402 4979 2654 5033 racontee
2682 4992 2813 5032 avec
2851 4975 2929 5032 les
2958 4976 3087 5050 plus
3116 4981 3335 5050 grands

657 5067 854 5126 details
884 5069 1022 5124 dans
1062 5083 1168 5121 une
1208 5065 1364 5121 lettre
1394 5065 1524 5120 d'un
1563 5066 1662 5121 des
1696 5065 2117 5122 ambassadeurs
2155 5064 2425 5121 venitiens
2464 5069 2497 5122 a
2534 5065 2699 5122 Milan
2740 5065 2994 5121 adressee
3033 5070 3067 5122 a
3108 5065 3163 5122 la
3206 5069 3338 5124 Sei-

658 5157 884 5230 gneurie
914 5161 969 5212 et
997 5155 1208 5210 inseree
1236 5171 1336 5226 par
1366 5153 1579 5210 Sanuto
1611 5154 1748 5210 dans
1779 5173 1877 5210 son
1901 5152 2143 5226 journal,
2177 5161 2213 5210 t.
2250 5154 2345 5221 111,
2378 5152 2481 5210 col.
2515 5155 2705 5210 23-26.

727 5247 778 5301 2.
820 5245 960 5318 Voy.
998 5242 1301 5314 Malipiero,
1335 5259 1464 5314 pag.
1495 5245 1621 5310 559,
1647 5245 1774 5300 560.
