3625 6059
668 555 773 615 122
1593 548 1874 606 JOHANN
1881 547 1946 605 IS
1995 545 2440 614 BURCHARDI,
3005 551 3164 614 ’[Μαί
3195 551 3342 616 ¹⁴94]

668 707 1031 806 politanis,
1075 705 1281 804 quod·
1308 701 1621 780 crastina
1656 701 1802 791 die,
1849 724 1992 798 que
2031 701 2169 775 erit
2208 700 2531 776 secunda
2557 701 2774 800 hujus
2815 701 3087 777 mensis
3135 705 3334 794 maii,

670 833 865 907 circa
927 832 1183 906 horam
1233 855 1353 920 xx,
1426 833 1675 906 RmuS.
1748 829 1836 900 D.
1911 827 2298 903 cardinalis
2363 826 2627 901 Montis
2685 826 2998 926 RegaliS,
3055 828 3338 926 legatus

668 957 1131 1055 apostolicuS,
1164 954 1458 1031 intrabit
1478 954 1837 1029 civitatem
1864 953 2412 1053 Neapolitanam
2433 977 2566 1050 per
2583 959 2866 1051 portam
2890 956 3334 1052 capuanam,

669 1089 1055 1182 propterea
1087 1081 1307 1158 velint
1337 1081 1429 1156 ad
1456 1080 1717 1154 horam
1752 1103 1961 1171 xvln,
1995 1079 2186 1154 illius
2227 1079 2371 1154 diei
2415 1078 2491 1152 in
2529 1078 2840 1154 ecclesia
2878 1080 3340 1179 neapolitana

672 1208 1085 1298 convenire,
1132 1206 1473 1304 quoniam
1516 1205 2181 1305 processionaliter,
2229 1205 2388 1280 sola
2423 1211 2705 1279 tantum
2747 1229 2965 1280 cruce
3009 1207 3340 1304 ejusdem

672 1331 984 1408 ecclesie
1017 1332 1483 1430 precedente,
1519 1355 1775 1407 omnes
1823 1331 2122 1406 exibunt
2160 1331 2254 1405 ad
2281 1336 2566 1429 portam
2601 1329 3028 1426 predictam,
3071 1330 3342 1406 ibidem

664 1460 1013 1536 eumdem
1050 1460 1374 1557 legatum
1405 1456 1791 1556 recepturi,
1844 1463 1917 1531 et
1959 1456 2126 1531 inde
2154 1455 2271 1531 via
2297 1462 2500 1531 recta
2537 1454 2628 1528 ad
2667 1454 3056 1530 ecclesiam
3085 1477 3342 1552 supra-

672 1586 939 1660 dictam
976 1583 1275 1660 redituri
1308 1590 1380 1658 et
1420 1583 1872 1660 associaturi.
1909 1587 2014 1658 Ex
2052 1581 2376 1678 quolibet
2403 1581 2844 1656 monasterio
2878 1588 2953 1655 et
2983 1589 3346 1656 conventu

674 1719 823 1786 tres
874 1712 1105 1809 parati
1164 1716 1376 1786 erunt
1431 1707 1857 1809 pluvialibus
1911 1706 2120 1796 albis,
2173 1707 2233 1779 si
2280 1705 2554 1780 habere
2602 1710 2966 1802 poterunt,
3027 1705 3350 1804 alioquin

676 1836 976 1911 alterius
1024 1835 1317 1924 coloriS‚
1373 1857 1684 1932 quorum
1732 1833 2023 1908 medius
2059 1831 2338 1929 aliquas
2385 1832 2722 1928 reliquias
2771 1831 3077 1923 deferat,
3131 1855 3350 1929 quem

684 1961 1082 2060 precedant
1112 1961 1255 2034 duo
1288 1960 1702 2035 ceroferarii
1734 1960 2074 2058 reliquias
2113 1959 2582 2032 honorantes.
2645 1987 2680 2026 »

777 2087 907 2164 Die
945 2088 1256 2178 veneris,
1292 2093 1333 2162 2
1366 2087 1637 2162 mensis
1670 2087 1867 2175 maii,
1899 2085 2034 2159 fuit
2062 2093 2350 2182 tempus
2381 2105 2726 2159 serenum
2757 2090 2828 2158 et
2859 2082 3348 2158 clarissimum

684 2237 909 2311 usque
942 2214 1035 2288 ad
1068 2214 1327 2288 horam
1360 2235 1853 2310 vesperorum,
1902 2211 2164 2284 deinde
2195 2233 2424 2307 usque
2465 2209 2556 2284 ad
2593 2216 2882 2284 noctem
2921 2209 3132 2306 quasi
3173 2232 3354 2284 con-

692 2340 888 2413 tinue
918 2337 1135 2436 pluit3
1172 2336 1615 2436 interpositis
1642 2341 1890 2410 tamen
1920 2335 2304 2433 aliquando
2339 2333 2634 2426 vicibuS,
2671 2335 2998 2411 cessavit.

774 2466 1047 2542 Paratis
1078 2465 1297 2562 igitur
1325 2462 1662 2538 omnibus
1692 2484 1826 2560 pro
1857 2461 2274 2559 receptione
2305 2459 2692 2534 cardinalis
2721 2461 2984 2552 Montis
3026 2461 3346 2558 RegaliS,

674 2590 892 2688 legati
933 2588 1335 2686 apostolici,
1381 2589 1528 2661 RR.
1574 2590 1714 2660 ΡΡ.
1764 2589 1917 2660 DD.
1968 2583 2494 2683 archiepiscopi
2538 2592 2612 2660 et
2659 2585 2978 2684 episcopi
3024 2585 3238 2682 regni
3277 2588 3350 2660 in

676 2714 961 2788 civitate
988 2713 1462 2810 Neapolitana
1484 2711 1881 2803 constituti,
1906 2713 1984 2787 in
2003 2716 2253 2787 Castro
2281 2713 2662 2788 Duchesco
2683 2711 2758 2788 in
2776 2719 2986 2811 porta
3007 2716 3352 2812 Capuaua

678 2844 1169 2913 convenerunt
1212 2845 1285 2914 et
1325 2837 1492 2912 inde
1534 2838 1865 2912 similiter
1899 2837 2049 2911 bini
2091 2839 2504 2934 equitarunt
2547 2838 2740 2914 dicto
2781 2839 3026 2937 legato
3063 2840 3350 2915 obviam

673 2988 904 3062 usque
934 2986 1157 3062 prope
1186 2968 1517 3038 sanctum
1545 2962 1934 3054 Julianum,
1963 2962 2087 3037 ubi
2117 2986 2285 3038 eum
2315 2973 2775 3062 receperunt,
2806 2970 2890 3039 R.
2930 2970 3011 3041 P.
3050 2971 3141 3042 D.
3177 2967 3352 3044 vin-

674 3092 917 3168 centio
950 3091 1501 3189 archiepiscopo
1540 3091 2038 3166 Acherontino
2070 3114 2202 3188 pro
2233 3092 2570 3166 omnibus
2609 3090 2954 3188 loquente
2969 3115 2994 3188 3
3031 3100 3106 3167 et
3143 3091 3346 3190 quia,

675 3226 755 3293 ut
784 3217 955 3307 dixi,
986 3223 1271 3315 tempus
1295 3217 1889 3314 pluviosumfuit,
1918 3217 2200 3314 legatus
2231 3217 2646 3314 aliquandiu
2677 3217 2748 3290 in
2783 3226 3035 3292 sancto
3061 3224 3100 3292 J
3107 3217 3350 3292 uliano

676 3342 967 3440 quievit,
1031 3349 1104 3415 et
1155 3349 1321 3440 post
1368 3345 1527 3441 ejus
1584 3342 1882 3435 exitum,
1940 3343 2162 3418 modo
2215 3366 2546 3441 cappam,
2608 3343 2826 3416 modo
2885 3343 3348 3434 mantellum,

676 3467 894 3542 modo
922 3468 1189 3542 iterum
1228 3490 1559 3566 cappam,
1598 3476 1751 3543 tum
1790 3469 2236 3558 mantellum,
2274 3477 2570 3566 propter
2609 3468 2957 3568 temporis
2987 3468 3352 3544 instabili·-

680 3599 927 3684 tatem,
961 3593 1133 3690 quia
1158 3593 1233 3665 in
1264 3616 1493 3691 cappa
1520 3594 1743 3670 videri
1780 3594 2091 3685 volebat,
2137 3595 2410 3693 recepit
2451 3601 2524 3671 et
2568 3618 2780 3670 suum
2819 3595 3200 3671 introitum
3245 3596 3352 3672 sic

677 3716 882 3815 quasi
910 3717 1003 3792 ad
1030 3718 1284 3792 horam
1317 3743 1467 3792 xxn
1496 3721 1872 3816 protraxit.

776 3847 927 3919 Rex
966 3844 1161 3918 venit
1205 3843 1489 3920 obviam
1540 3849 1627 3920 D.
1682 3846 2033 3921 cardinali
2081 3871 2312 3944 usque
2351 3846 2536 3922 ultra
2581 3854 2910 3922 sanctum
2951 3849 3354 3924 Antonium

675 3968 869 4043 inter
894 3969 1053 4044 illas
1082 3969 1261 4044 duas
1291 3967 1653 4063 tahernaS,
1690 3995 1830 4068 que
1863 3979 2030 4046 sunt
2057 3971 2249 4047 inter
2287 3979 2613 4046 sanctum
2644 3971 3038 4047 Antonium
3071 3979 3145 4049 et
3179 3997 3357 4072 pro-

676 4097 952 4170 ximum
978 4095 1225 4170 locum
1257 4119 1484 4194 prope
1526 4101 1854 4171 sanctum
1885 4098 2274 4189 Julianum,
2309 4097 2458 4189 uhi,
2505 4097 2792 4174 detecto
2825 4100 3093 4198 capite,
3127 4101 3352 4176 voluit

678 4221 987 4297 osculari
1044 4245 1343 4297 manum
1399 4222 1653 4320 legati;
1712 4223 1909 4320 quod
1959 4223 2242 4321 legatus
2291 4247 2438 4298 non
2493 4224 2910 4316 admittam,
2966 4226 3210 4323 ipsum
3255 4229 3356 4303 ad

679 4344 825 4418 oris
873 4345 1201 4419 osculum
1250 4345 1524 4443 recepit
1566 4351 1638 4420 et
1689 4345 1779 4419 ad
1831 4345 2192 4421 sinistram
2241 4371 2475 4440 suam,
2529 4348 2687 4444 ipso
2737 4355 2980 4426 tamen
3030 4375 3208 4451 rege
3257 4355 3360 4429 ad

678 4471 1001 4546 dextram
1051 4472 1249 4570 prius
1306 4471 1631 4564 invitate,
1695 4472 2038 4547 continuo
2099 4473 2422 4570 equitare
2480 4474 2684 4566 fecit3
2749 4484 2916 4552 ante
2971 4499 3226 4574 regem
3275 4487 3356 4553 et

672 4597 994 4694 legatum
1024 4598 1436 4696 equitarunt
1466 4596 1717 4672 ordine
1758 4599 2172 4697 supradicto
2204 4623 2484 4675 omnes,
2522 4603 2874 4676 Dominus
2907 4607 3182 4678 Hector
3209 4607 3358 4680 Ca-

674 4721 875 4812 rafl'a,
928 4723 1369 4799 camerarius
1412 4723 1648 4822 major
1694 4723 1913 4821 regis,
1965 4723 2190 4800 frater
2233 4749 2625 4825 germanus
2675 4733 2760 4802 R.
2815 4733 2901 4802 D.
2957 4729 3356 4804 cardinalis

670 4852 745 4920 et
798 4847 1324 4947 archiepiscopi
1374 4848 1853 4947 Neapolitani,
1900 4851 2207 4946 portavit
2256 4875 2507 4927 ensem
2559 4852 2922 4952 insignem
2971 4856 3354 4931 contrario

668 4970 887 5044 modo
926 4994 1068 5067 quo
1108 4972 1265 5045 aliis
1294 4972 1738 5071 principibus
1780 4975 2053 5072 portari
2097 4976 2285 5051 solet
2319 5001 2336 5050 ε
2371 4979 2707 5075 portabat
2745 4980 2943 5055 enim
2987 4989 3352 5079 punctam

666 5095 861 5170 ensis
900 5095 977 5169 in
1004 5119 1225 5171 manu
1254 5105 1326 5172 et
1354 5099 1715 5175 manicam
1750 5100 1944 5174 ensis
1975 5125 2257 5177 sursum
2287 5104 2588 5180 tenebat
2615 5113 2964 5199 erectam,
3001 5109 3352 5207 equitans

664 5220 759 5296 ad
788 5221 1151 5297 sinistram
1192 5222 1543 5321 capellani
1586 5248 1880 5303 crucem
1919 5236 2086 5304 ante
2125 5228 2447 5327 legatum
2486 5234 2870 5328 portantiS.
2918 5237 3094 5310 Post
3135 5233 3354 5332 lega-
