3625 6059
729 516 801 571 78
1643 504 1992 565 JOHANNIS
2040 500 2480 571 BURCHARDL
3092 504 3217 563 tuas
3247 506 3399 566 1493]

825 666 989 767 [Die
1041 668 1128 737 10
1159 662 1376 761 junii,
1427 684 1594 734 cum
1621 680 1887 758 magno
1914 658 2255 733 comitatu
2286 657 2825 755 episcoporum,
2854 654 3053 729 venit
3084 658 3396 729 Romam

729 797 817 865 D.
861 787 1296 876 Alexander,
1339 786 1530 859 filius
1571 790 1658 859 D.
1699 785 1790 861 de
1829 784 2153 876 Pisauro,
2190 790 2263 859 et
2298 782 2555 859 eadem
2593 781 2709 855 die
2746 782 2821 855 in
2864 802 3168 857 uxorem
3201 782 3401 878 cepit

730 940 864 1013 per
905 915 1128 989 verba
1169 914 1258 989 de
1302 913 1542 986 futuro
1599 909 1823 985 filiam
1870 908 2189 1008 spuriam
2232 913 2426 1008 Pape
2476 907 2893 997 Alexandri,
2940 930 3163 1005 quam
3191 907 3399 1007 prius

731 1042 966 1117 dictus
1026 1045 1242 1135 Papa,
1313 1037 1485 1111 dum
1542 1041 1696 1112 erat
1769 1033 2191 1127 cardinaliS,
2258 1040 2602 1133 nupserat
2674 1033 2962 1108 cuidam
3024 1032 3392 1130 Hispano,

730 1174 986 1267 postea
1008 1172 1251 1239 autem
1281 1163 1512 1237 factus
1543 1166 1739 1259 Papa
1765 1161 2012 1235 volens
2046 1161 2541 1236 conditionem
2570 1160 2763 1235 dicte
2794 1182 2925 1235 sue
2952 1144 3103 1233 filie
3132 1158 3403 1235 melio-

735 1316 922 1383 rare,
959 1297 1170 1389 rupto
1200 1289 1477 1381 sedere,
1513 1288 1846 1383 datisque
1886 1288 2080 1361 dicto
2119 1286 2437 1384 Hispano
2477 1286 2703 1361 tribus
2740 1284 3054 1361 millibus
3094 1284 3403 1358 ducato-

733 1437 922 1505 rum,
970 1421 1050 1488 ut
1091 1438 1392 1491 uxorem
1445 1413 1848 1512 predictam
1898 1412 2389 1503 renunciaret,
2436 1412 2699 1488 iterum
2738 1412 2933 1487 dicto
2980 1414 3065 1485 D.
3120 1410 3400 1509 nupsit,

735 1541 969 1616 adhuc
1028 1563 1160 1614 suo
1226 1539 1460 1639 primo
1525 1538 1782 1613 marito
1834 1539 2143 1630 vivente,
2198 1544 2269 1611 et
2326 1544 2625 1636 propter
2676 1536 2943 1612 dictam
3011 1535 3407 1635 pecuniam

735 1674 1022 1743 tacente
1048 1672 1118 1741 et
1153 1666 1624 1741 renunciante
1658 1666 1777 1766 (1).

837 1792 967 1868 Die
1018 1794 1135 1882 11,
1185 1791 1673 1865 ambasciator
1722 1793 1965 1891 Magni
2014 1792 2223 1867 Turci
2270 1793 2468 1865 venit
2506 1794 2811 1867 Romam
2858 1800 2958 1883 et,
3008 1800 3089 1865 ut
3141 1792 3405 1881 fertur,

742 1940 991 1993 secum
1019 1918 1330 2014 portavit
1356 1930 1490 1990 xc*
1516 1917 1814 1992 ducatos
1836 1924 1908 1993 et
1931 1931 2022 1991 κ’·
2052 1940 2233 2015 quos
2263 1917 2595 2015 portabat
2616 1942 2870 2015 parum
2898 1924 3065 1993 ante
3090 1924 3413 1993 mortem

739 2043 1143 2118 iunocentii
1167 2068 1184 2137 ;
1219 2051 1290 2119 et
1319 2050 1702 2141 postquam
1735 2042 2003 2118 audivit
2032 2044 2532 2118 Innocentium
2560 2050 2949 2134 mortuum,
2985 2044 3415 2119 retrocessit

741 2177 815 2246 et
843 2170 985 2245 alia
1010 2176 1146 2244 xi?
1175 2194 1306 2269 pro
1336 2192 1528 2244 anno
1557 2169 1875 2267 presenti
1898 2176 1970 2243 et
1990 2179 2081 2243 x·
2112 2194 2293 2267 quos
2320 2173 2667 2247 asseritur
2695 2196 3119 2271 preparasse
3141 2177 3417 2272 Magno

738 2297 970 2370 Turco
1013 2295 1348 2371 existenti
1393 2296 1466 2368 in
1511 2296 1808 2393 palatio,
1863 2320 1995 2393 pro
2036 2316 2125 2371 eo
2159 2298 2351 2394 quod
2387 2298 2611 2372 frater
2651 2298 2809 2397 ejus
2842 2299 3128 2373 volebat
3164 2299 3415 2397 ipsum

739 2417 1180 2493 substentari
1243 2420 1583 2518 expensis
1635 2420 1808 2511 suis»,
1872 2421 2007 2494 fuit
2070 2428 2407 2519 receptus
2457 2447 2625 2497 cum
2673 2446 2943 2521 magno
2994 2422 3411 2522 triumpho,

741 2549 815 2618 et
840 2566 1095 2618 omnes
1128 2544 1364 2618 mirati
1407 2550 1574 2619 sunt
1612 2545 1806 2642 quod
1839 2549 2141 2643 Magnus
2177 2551 2449 2622 Turcus
2496 2548 2775 2625 miserit
2815 2550 3162 2625 tributum
3212 2553 3417 2647 Pape

745 2674 816 2740 et
847 2668 1201 2743 Ecclesie.

841 2791 974 2866 Die
1020 2798 1108 2865 12
1144 2792 1479 2891 ejusdem
1519 2794 1818 2885 mensiS,
1866 2794 2203 2873 videlicet
2246 2798 2361 2871 die
2404 2800 2773 2890 mercurii,
2821 2823 2909 2875 ex
2955 2808 3161 2898 parte
3214 2805 3417 2900 Pape

742 2918 1101 2994 convitate
1149 2917 1440 2991 fuerunt
1491 2942 1578 2991 cl.
1615 2918 2061 2997 nobilissime
2111 2928 2433 2999 Romane
2488 2925 2858 3016 muliereS‚
2926 2930 2999 3001 et
3054 2924 3419 3001 officiales

740 3067 996 3118 omnes
1030 3043 1268 3136 Urbis,
1307 3050 1380 3119 et
1412 3046 1745 3138 Senator,
1787 3051 1860 3120 et
1890 3048 2129 3121 mariti
2170 3048 2521 3125 dictarum
2565 3051 2979 3141 mulierum,
3016 3057 3088 3125 et
3118 3051 3419 3126 ambas-

741 3166 1051 3241 ciatores
1074 3188 1332 3239 omnes
1362 3166 1456 3240 ad
1495 3167 1784 3265 nuptias
1818 3170 1892 3242 in
1922 3171 2188 3268 palatio
2229 3177 2422 3271 Pape
2470 3174 2661 3271 apud
2702 3181 3033 3251 sanctum
3079 3180 3413 3251 Petrum.

738 3293 826 3362 Et
853 3290 1026 3362 dum
1058 3289 1362 3386 predicti
1394 3290 1524 3365 viri
1559 3302 2065 3391 exspectarent
2092 3297 2163 3371 in
2195 3298 2507 3395 quadam
2536 3299 2728 3392 aula,
2756 3308 2835 3376 ut
2863 3309 3295 3377 vocarentur
3325 3303 3422 3377 ad

741 3412 1130 3487 videndum
1185 3413 1344 3488 fieri
1413 3414 2069 3513 subarrhationem,
2130 3422 2488 3498 intrarunt
2538 3427 2777 3523 primo
2844 3427 3189 3502 mulieres
3240 3452 3417 3526 pre-

741 3539 932 3613 dicte
975 3542 1048 3611 et
1088 3544 1248 3634 post
1291 3539 1524 3637 ipsas;
1563 3542 1853 3639 quando
1892 3544 2273 3622 voluerunt
2312 3549 2581 3625 intrare
2632 3550 2938 3649 predicti
2978 3551 3137 3641 viri,
3186 3552 3413 3642 οἰνος,

742 3663 1120 3755 officialeS,
1179 3666 1747 3744 ambasciatores
1791 3676 1867 3745 et
1922 3672 2041 3745 alii
2092 3673 2392 3765 invitati,
2445 3676 2583 3750 suit
2638 3677 2967 3753 clausum
3014 3678 3285 3751 ostium
3348 3686 3421 3753 et

741 3813 885 3864 non
911 3796 1310 3888 ‚potuerunt
1349 3791 1645 3870 intrare.
1688 3798 1772 3869 Et
1818 3796 2079 3872 deinde
2126 3808 2292 3897 post
2338 3825 2555 3877 unam
2603 3804 2857 3879 horam
2902 3804 3025 3879 vel
3060 3802 3279 3895 circa,
3324 3810 3415 3879 D.

741 3916 1144 3989 Coronatus
1194 3914 1460 3991 Plance
1517 3924 1589 3993 et
1637 3923 1724 3993 D.
1781 3922 2123 3996 Camillus
2188 3926 2449 4013 notarii
2512 3928 2741 4025 rogati
2800 3930 2889 4007 de
2952 3931 3419 4029 sponsalibus

741 4049 1178 4135 aperuerunt
1209 4043 1520 4133 ostium3
1557 4049 1631 4119 et
1659 4046 1949 4141 quando
1980 4048 2171 4122 cives
2202 4056 2274 4125 et
2312 4051 2569 4149 reliqui
2602 4053 3075 4149 intraverunt,
3112 4056 3418 4131 innova-

742 4172 1001 4239 verunt
1031 4173 1274 4241 actum
1305 4166 1880 4245 subarrhationis
1907 4174 2063 4269 jam
2086 4174 2515 4271 perfectum.

841 4291 930 4363 Et
969 4289 1066 4362 ibi
1109 4297 1266 4366 erat
1306 4295 1678 4389 presentia
1730 4299 1815 4370 D.
1870 4300 1956 4371 N.
2010 4302 2227 4397 Pape,
2282 4307 2352 4376 et
2396 4304 2733 4381 undecim
2780 4307 3281 4399 cardinalium,
3346 4320 3419 4385 et

745 4409 1138 4486 multorum
1191 4418 1282 4487 D.
1333 4414 1843 4513 episcoporum
1884 4426 1959 4495 et
1997 4424 2529 4521 temporalium.
2566 4432 2652 4502 Et
2680 4452 2926 4507 coram
2966 4434 3179 4509 dictis
3212 4439 3301 4509 D.
3344 4446 3418 4511 et

743 4534 1166 4613 mulieribus
1198 4538 1334 4616 fuit
1366 4540 1798 4617 subarrhata
1829 4550 1898 4617 et
1928 4544 2364 4644 desponsata
2391 4552 2673 4649 prefata
2702 4556 2847 4630 filia
2879 4562 3070 4656 Pape
3096 4560 3417 4635 Alexan-

744 4655 853 4729 dri
895 4683 1060 4734 cum
1111 4663 1280 4739 dote
1331 4670 1406 4740 et
1441 4666 1670 4763 pactis
1720 4665 2104 4744 dotalibus.
2155 4676 2241 4747 Et
2286 4683 2451 4773 post
2499 4678 3165 4778 desponsationem,
3217 4689 3417 4785 Papa

745 4782 1268 4882 quinquaginta
1306 4814 1573 4888 cuppas
1616 4799 2001 4889 argenteas
2051 4820 2217 4872 cum
2256 4802 2835 4881 consectionibus
2872 4808 2964 4885 ad
3002 4810 3415 4887 faciendam

745 4903 1210 4985 collationem
1261 4917 1724 5011 presentavit,
1765 4917 2009 5017 ibique
2052 4922 2127 4995 in
2157 4925 2444 5023 signum
2494 4952 2757 5029 magne
2794 4930 3025 5009 letitie
3066 4933 3141 5007 in
3172 4936 3415 5009 sinum

824 5183 874 5241 1.
915 5184 1056 5259 Voy.
1089 5186 1475 5263 Gregorovius,
1505 5192 1736 5255 Luci-&ce
1763 5200 1987 5272 Beroia,
2018 5202 2106 5258 cb.
2130 5201 2177 5257 V
2205 5208 2259 5258 et.
2280 5202 2373 5259 Vl.
