3625 6059
290 564 411 629 [Mai
436 563 567 624 uss}
947 560 1199 617 RERUM
1244 560 1705 619 URBANARUM
1752 560 2274 622 COMMENTARH.
2846 567 2942 621 121

301 717 591 815 episcopi
642 715 991 789 Aversani
1049 715 1179 788 sibi
1230 721 1637 814 porrectam
1691 716 2058 790 osculatus
2107 724 2253 808 est;
2316 724 2465 790 tum
2511 717 2644 790 sub
2697 716 2946 791 balda-

304 844 521 929 chino,
578 840 1025 937 precedente
1082 842 1575 938 processione,
1631 843 1827 916 venit
1881 844 1970 916 ad
2024 845 2411 919 ecclesiam
2471 847 2939 933 Aversanam,

310 974 453 1041 Don
500 966 855 1041 Friderico
912 990 1204 1064 semper
1260 966 1349 1040 ad
1403 967 1562 1064 ejus
1620 969 1988 1042 sinistram
2046 971 2444 1066 equitante.
2508 972 2585 1040 ln
2635 968 2945 1042 ecclesia

306 1090 553 1186 legatus
598 1090 905 1187 aspersit
952 1114 1059 1179 se,
1095 1089 1359 1163 deinde
1404 1092 1559 1162 Don
1592 1088 2037 1164 Fridericum
2084 1098 2152 1163 et
2202 1091 2378 1166 alios
2417 1117 2430 1165 :
2468 1093 2807 1190 imposuit
2839 1096 2944 1167 in-

305 1240 600 1305 censum,
642 1216 774 1289 fuit
816 1217 1235 1289 incensatus
1271 1239 1285 1287 :
1323 1214 1491 1288 dicti
1540 1239 1759 1312 super
1800 1238 1968 1289 eum
2005 1216 2331 1289 versiculi
2373 1224 2446 1292 et
2487 1219 2753 1309 ora·tio;
2803 1220 2941 1291 alia

304 1347 517 1415 autem
559 1362 691 1436 pro
737 1340 1005 1413 sanctis
1051 1343 1265 1412 Petro
1303 1344 1373 1412 et
1406 1338 1629 1412 Paulo
1670 1344 2016 1436 apostolis
2059 1345 2379 1441 patronis
2423 1346 2732 1421 ecclesie
2773 1370 2937 1419 cum

304 1466 597 1539 oratione
654 1488 791 1561 per
840 1464 1109 1539 dictum
1167 1463 1533 1539 vicarium.
1599 1468 2190 1545 Benedictionem
2245 1479 2484 1547 autem
2541 1473 2739 1546 dedit
2786 1473 2937 1571 ipse

302 1591 551 1687 legatus
600 1596 672 1663 et
718 1589 1203 1686 indulgentias
1250 1589 1464 1663 trium
1515 1601 1896 1682 annorum,
1947 1618 2126 1691 quas
2170 1595 2242 1667 in
2290 1594 2513 1669 latino
2557 1598 2942 1693 publicavit

302 1713 861 1811 archiepiscopus
894 1714 1369 1805 patracensis,
1408 1738 1495 1789 eo
1528 1738 1729 1790 more
1760 1726 1978 1814 prout
2000 1719 2068 1791 iu
2096 1719 2253 1792 aliis
2287 1720 2689 1794 civitatibus
2711 1745 2939 1818 usque

301 1842 459 1913 istuc
502 1840 797 1913 fecerat.
854 1839 1007 1911 Dixi
1059 1845 1445 1936 propterea
1491 1841 1731 1915 eidem
1790 1841 2341 1940 archiepiscopo
2391 1844 2583 1941 quod
2632 1845 2722 1918 ad
2771 1870 2938 1919 eum

302 1986 427 2038 non
449 1964 807 2061 spectabat
830 1964 1441 2060 indulgentiarum
1461 1963 1878 2063 hujusmodi
1904 1965 2322 2064 publicatiO,
2355 1969 2481 2041 sed
2508 1968 2598 2042 ad
2625 1969 2937 2065 aliquem

299 2088 719 2183 capellanum
769 2088 883 2162 vel
938 2088 1369 2162 canonicum
1426 2087 1616 2160 illius
1674 2090 1981 2165 ecclesie
2044 2091 2118 2164 in
2173 2115 2314 2188 qua
2362 2103 2604 2168 essent
2657 2094 2939 2169 denun-

298 2212 547 2297 ciande,
592 2217 665 2285 et
704 2212 902 2307 quod
951 2236 1099 2285 non
1148 2212 1221 2284 in
1268 2210 1491 2285 latino
1552 2211 1682 2285 sed
1734 2212 1809 2285 in
1866 2213 2139 2310 vulgari
2191 2238 2528 2289 sermone
2584 2217 2937 2292 deberent

295 2339 752 2435 pronunciari.

374 2465 751 2539 Publicatis
795 2465 1283 2562 indulgentiis,
1323 2464 1662 2539 mulieres
1698 2469 1770 2538 et
1812 2465 1942 2538 viri
1982 2465 2424 2540 tumultuose
2455 2473 2805 2540 venerunt
2845 2470 2936 2542 ad

298 2590 742 2666 osculandum
782 2614 1041 2664 manus
1083 2591 1327 2688 legati,
1379 2591 1569 2688 quod
1613 2592 1834 2665 etiam
1879 2590 2122 2664 facere
2169 2591 2596 2688 inceperunt
2640 2591 2731 2667 ab
2777 2595 2932 2690 ejus

297 2713 553 2789 introitu
576 2717 669 2791 ad
696 2716 1108 2808 ecclesiam,
1143 2725 1215 2789 et
1240 2717 1835 2792 continuaverunt
1857 2739 2086 2812 usque
2117 2716 2208 2789 ad
2237 2718 2608 2791 introitum
2631 2718 2723 2790 ad
2741 2718 2934 2816 pala-

301 2840 445 2913 tium
472 2840 889 2939 episcopale
920 2864 1053 2938 pro
1093 2841 1511 2939 receptione
1543 2866 1673 2916 sua
1702 2847 2057 2939 paratum.
2095 2842 2296 2915 Idem
2328 2844 2545 2915 etiam
2576 2866 2620 2917 a
2659 2843 2929 2940 populo

300 2966 355 3036 in
388 2966 535 3040 aliis
572 2966 982 3041 civitatibus
1026 2966 1232 3063 regni
1286 2964 1553 3039 factum
1610 2966 1834 3039 fuisse
1883 2965 1989 3037 sui
2043 2964 2219 3037 mihi
2267 2965 2692 3037 retulerunt.
2747 2970 2929 3039 Des-

296 3091 505 3165 cendit
531 3092 621 3166 ad
651 3091 999 3189 palatium
1040 3092 1232 3166 idem
1273 3090 1684 3179 cardinalia,
1731 3113 1774 3162 a
1819 3093 1976 3162 Don
2019 3088 2386 3162 Friderico
2429 3097 2498 3163 et
2541 3089 2700 3162 aliis
2731 3113 2929 3164 asso-

293 3212 492 3289 ciatus
530 3239 761 3311 usque
792 3216 884 3289 ad
930 3239 1291 3291 cameram
1343 3238 1571 3303 suam,
1618 3212 1767 3301 uhi,
1813 3211 2112 3286 dimisso
2151 3210 2420 3307 legato,
2467 3224 2926 3288 recesserunt

293 3358 545 3412 omnes,
597 3343 753 3437 Ego
805 3340 1051 3429 etiam,
1102 3340 1349 3413 habita
1396 3364 1439 3413 a
1487 3340 1729 3436 legato
1785 3338 2104 3426 licentia,
2167 3336 2348 3412 redii
2407 3340 2781 3435 Neapolim
2836 3340 2924 3414 ad

290 3464 738 3539 ordinandum
773 3465 1041 3540 ibidem
1082 3466 1575 3563 receptionem
1616 3488 1850 3554 suam,
1902 3466 2072 3561 quia
2105 3462 2362 3537 eadem
2396 3463 2510 3536 die
2553 3472 2707 3537 erat
2735 3468 2925 3537 Nea-

290 3588 485 3681 polim
510 3599 893 3680 venturus3
942 3591 1073 3665 sed
1114 3590 1272 3664 heri
1313 3596 1703 3686 antequam
1746 3589 2024 3663 exirem
2060 3588 2466 3685 Neapolim,
2515 3588 2681 3663 dedi
2722 3589 2928 3663 sche-

288 3710 474 3785 dulas
510 3714 1073 3804 intimationum‚
1117 3714 1437 3812 prelatiS‚
1474 3719 1557 3787 R.
1597 3718 1681 3787 D.
1717 3718 1753 3789 J
1765 3714 1908 3787 ulio
1941 3714 2284 3811 episcopo
2315 3712 2690 3811 Tropiensi
2723 3714 2924 3809 regio
2993 3721 2999 3729 '

288 3836 631 3934 capellano
662 3840 921 3937 majori
960 3848 1031 3915 et
1066 3841 1264 3915 clero
1296 3862 1379 3913 ac
1416 3838 1773 3935 religiosis
1813 3838 2118 3913 civitatis
2156 3839 2626 3936 Neapolitane
2658 3838 2926 3913 facien-

286 3959 537 4053 darum,
572 3966 659 4036 R.
699 3967 777 4035 P.
816 3966 901 4035 D.
938 3963 1231 4038 Nicolao
1256 3964 1569 4038 Antonio
1596 3964 1937 4051 Marensi,
1970 3968 2054 4037 R.
2089 3962 2612 4060 archiepiscopi
2639 3967 2923 4060 Neapo-

282 4082 452 4160 litani
482 4088 753 4164 vicario
784 4088 1133 4185 generali,
1170 4113 1472 4185 quarum
1506 4097 1714 4163 tenor
1741 4089 1904 4163 talis
1935 4092 2046 4161 est
2082 4111 2097 4161 :

365 4244 396 4279 «ι
448 4212 833 4289 Intimetur
860 4214 1197 4287 omnibus
1228 4213 1790 4311 archiepiscopis
1822 4220 1894 4287 et
1925 4210 2284 4310 episcopis
2314 4213 2386 4285 in
2419 4213 2702 4288 civitate
2732 4217 2921 4289 Nea-

269 4338 571 4433 politana
602 4340 1052 4429 constitutiS‚,
1087 4340 1282 4435 quod
1321 4339 1635 4414 crastina
1664 4338 1804 4427 die,
1854 4338 2045 4411 circa
2079 4337 2336 4411 horam
2374 4361 2500 4428 xx,
2538 4342 2788 4414 Rmus.
2828 4344 2914 4415 D.

266 4463 641 4539 cardinalis
668 4465 929 4539 Montis
961 4466 1249 4564 Regalis
1282 4464 1677 4562 apostolice
1704 4463 1896 4537 sedis
1924 4462 2207 4559 legatus
2238 4460 2528 4537 intrabit
2561 4462 2918 4537 civitatem

258 4590 799 4687 Neapolitanam
838 4596 1226 4687 propterea
1260 4591 1481 4664 velint
1518 4590 1593 4663 in
1633 4613 1889 4663 eorum
1919 4590 2278 4664 mantellis
2316 4589 2554 4684 longis
2593 4612 2759 4662 cum
2797 4612 2918 4665 ca-

252 4717 473 4813 puciis
508 4718 605 4791 ad
647 4717 915 4795 collum
955 4717 1341 4793 tranversis
1381 4717 1637 4793 eadem
1672 4716 1789 4791 die
1829 4716 2024 4789 circa
2049 4714 2309 4788 horam
2340 4714 2694 4788 decimam
2729 4720 2920 4789 octa-

250 4865 401 4917 vam
446 4844 523 4917 in
570 4842 885 4920 ecclesia
926 4843 1399 4940 Neapolitana
1439 4864 1693 4917 omnes
1742 4839 2156 4930 convenire,
2201 4839 2392 4915 unde
2433 4840 2647 4913 simul
2693 4864 2916 4937 usque

254 4966 339 5039 ad
364 4975 705 5043 sanctum
734 4968 1098 5042 sulianum
1128 4975 1333 5043 extra
1360 4974 1641 5067 portam
1672 4972 2082 5066 Capuanam
2113 4966 2287 5058 bini,
2322 4966 2469 5041 bini
2503 4968 2910 5063 equitaturi‚

258 5099 323 5165 et
347 5092 673 5191 legatum
700 5092 979 5169 ibidem
1006 5093 1393 5191 recepturi,
1433 5091 1880 5191 dignioribus
1910 5114 2199 5189 semper
2227 5092 2808 5188 precedentibus,

352 5248 385 5283 α
434 5220 825 5293 intimetur
863 5219 1057 5294 clero
1096 5242 1181 5293 ac
1220 5219 1557 5293 omnibus
1600 5217 2061 5292 monasteriis
2103 5222 2175 5293 et
2213 5218 2682 5293 conventibus
2723 5218 2911 5287 Nea-
