3625 6059
724 551 831 605 294
1640 548 1671 603 J
1676 546 1870 603 OHAN
1875 545 1988 601 NIS
2039 542 2480 603 BURCHARDI.
3067 540 3220 603 [Aout
3245 544 3348 605 tm]

724 702 1136 801 prandium,
1172 703 1453 799 legatus
1493 723 1743 775 coram
1784 722 1864 774 se
1895 699 2244 796 publicari
2285 697 2458 772 fecit
2495 693 3080 771 distributionem
3115 693 3352 771 officio-

726 852 888 902 rum
930 836 1143 925 prout
1184 828 1259 901 in
1302 826 1558 902 cedula
1594 825 1896 901 inferius
1937 824 2348 921 registrata,
2384 831 2457 897 et
2487 845 2532 896 a
2559 820 2860 919 singulis
2899 819 3176 919 accepit
3193 821 3356 916 jura·

728 960 997 1041 menta,
1034 954 1269 1041 tactis,
1306 951 1787 1028 sacrosanctis
1817 950 2237 1047 evangeliis,

826 1079 1037 1153 Feria
1094 1078 1371 1175 quinta,
1420 1084 1463 1150 4
1516 1076 1842 1173 augusti,
1895 1074 2370 1171 equitavimus
2427 1073 2522 1147 ad
2579 1076 2910 1145 sanctam
2969 1072 3254 1147 Mariam
3287 1072 3356 1147 de

727 1204 1053 1302 AngeliS,
1091 1210 1163 1278 et
1205 1204 1375 1279 inde
1412 1202 1768 1276 Assisium
1811 1200 1934 1274 ubi
1977 1206 2310 1298 receptus
2353 1198 2481 1272 fuit
2521 1196 3179 1295 processionaliter,
3209 1196 3358 1295 cpis-

729 1354 913 1429 copo
954 1330 1315 1403 Asculano
1346 1327 1670 1403 officium
1698 1326 2040 1401 faciente.
2086 1328 2399 1422 Legatus
2443 1346 2590 1397 non
2629 1322 3013 1398 descendit
3055 1322 3141 1395 de
3173 1321 3355 1411 mula,

730 1454 962 1529 sedin
990 1476 1079 1527 ea
1102 1451 1393 1539 sedens,
1428 1451 1717 1525 detecto
1749 1452 2013 1547 capite,
2049 1473 2344 1525 crucem
2371 1447 2832 1524 deosculatus
2863 1453 3006 1521 est.
3035 1446 3358 1521 Baldachi-

729 1606 901 1654 num
926 1585 1305 1677 portarunt
1332 1578 1613 1676 priores
1635 1577 1964 1652 civitatis
1995 1575 2388 1650 Descendit
2416 1581 2584 1649 ante
2615 1572 3010 1648 ecclesiam
3039 1572 3362 1647 cathedra·

724 1707 901 1794 lem,
937 1704 1115 1777 dixit
1153 1704 1559 1778 orationem
1591 1702 1681 1777 de
1718 1709 1970 1776 sancto
2003 1702 2292 1791 Rufino,
2337 1700 2682 1798 episcopo
2720 1706 3038 1798 patrono
3069 1698 3356 1787 ecclesie,

728 1830 927 1905 dedit
974 1830 1462 1924 indulgentias
1510 1830 1717 1903 unius
1770 1831 1969 1916 anni,
2023 1836 2096 1903 et
2147 1828 2290 1903 alia
2334 1850 2542 1903 more
2597 1828 2840 1902 solito,
2899 1825 3362 1902 Benedicendo

731 1956 925 2029 stetit
950 1953 1244 2028 renibus
1277 1952 1484 2026 altari
1514 1955 1763 2045 versiS,
1786 1955 2020 2051 capite
2051 1955 2341 2029 detecto
2355 2002 2378 2042 ,-
2393 1974 2688 2027 crucem
2715 1950 3104 2048 legationis
3129 1957 3277 2025 ante
3299 1970 3360 2022 se

732 2079 1041 2167 habenS,
1078 2078 1247 2175 quia
1286 2078 1379 2153 ad
1420 2079 1563 2153 hoc
1596 2079 1820 2154 altare
1851 2086 2172 2177 aptatum
2213 2085 2394 2153 erat.
2431 2081 2518 2151 Et
2555 2078 2698 2152 alia
2727 2078 3112 2152 observata
3137 2080 3360 2149 suutut

732 2204 958 2303 prius,
1010 2204 1501 2302 Indulgentias
1546 2205 2049 2302 pronunciavit
2099 2205 2482 2301 episcopus
2530 2201 3090 2277 Assisinatensis
3128 2199 3198 2273 in
3237 2198 3360 2295 ejus

738 2329 935 2404 curia
966 2331 1387 2428 episcopali.
1426 2335 1739 2427 Legatus
1768 2330 2176 2428 hospitatus
2209 2336 2320 2403 est
2348 2329 2520 2404 hinc
2546 2334 2618 2403 et
2648 2328 2844 2401 inde.

838 2456 1048 2530 Feria
1094 2463 1323 2543 sexta,
1383 2462 1424 2529 5
1482 2454 1799 2551 augusti,
1847 2453 2040 2527 bono
2091 2476 2308 2529 mane
2361 2454 2796 2529 recessimus
2845 2476 2943 2527 ex
2989 2450 3270 2541 Assisio,
3305 2455 3360 2523 et

733 2580 1117 2677 prandium
1148 2579 1449 2653 fecimus
1486 2580 1596 2653 Al
1619 2580 1882 2653 Set-itto
1927 2580 2066 2673 (1);
2108 2579 2276 2654 inde
2313 2580 2788 2676 equitavimus
2829 2577 3231 2676 Eugubium
3265 2574 3357 2649 ubi

740 2704 1023 2803 legatus
1048 2709 1384 2800 receptus
1401 2704 1535 2777 fuit
1552 2704 2190 2801 processionaliter
2211 2704 2342 2779 sub
2359 2704 2794 2783 baldachino
2815 2704 3020 2801 quod
3033 2705 3362 2802 portarunt

739 2828 933 2902 cives
964 2833 1037 2902 et
1067 2827 1394 2901 fecerunt
1425 2835 1573 2901 tres
1602 2834 1842 2901 mutas
1876 2852 2104 2925 usque
2145 2830 2240 2903 ad
2265 2830 2662 2926 hospitium
2689 2829 2942 2927 legati.
2983 2832 3272 2927 Legatus
3293 2846 3362 2899 ex

738 2952 939 3027 mula
980 2951 1460 3044 descendenS,
1500 2954 1930 3051 genuflexus
1974 2978 2196 3052 super
2239 2961 2481 3053 tapete
2531 2956 2720 3029 intra
2767 2955 3085 3053 primam
3125 2960 3360 3052 portam

738 3078 1070 3170 civitatis,
1106 3100 1395 3153 crucem
1424 3078 1791 3153 osculatus
1825 3083 2006 3155 este
2036 3082 2372 3155 manibus
2403 3082 2726 3180 episcopi
2751 3081 2976 3156 etiam
3003 3075 3355 3179 genuflexi:

736 3204 1001 3279 deinde
1044 3203 1345 3277 dimissa
1385 3210 1583 3279 veste
1626 3204 2026 3302 hispanica,
2073 3216 2373 3304 accepto
2417 3206 2760 3282 mantello
2803 3206 2900 3281 de
2951 3202 3358 3280 ciambelloto

734 3329 1173 3417 cremesiuo,
1208 3328 1535 3404 ascendit
1562 3329 1833 3403 mulam
1871 3337 1944 3405 et
1973 3332 2315 3428 equitavit
2343 3332 2730 3408 ecclesiam
2763 3331 3238 3429 Eugubiuam,
3267 3322 3357 3398 ubi

738 3454 915 3527 dixit
943 3454 1346 3527 orationem
1375 3454 1465 3527 de
1498 3463 1749 3530 sancto
1780 3456 2090 3530 Mai-tino
2123 3464 2195 3531 et
2221 3456 2524 3547 Jacobo,
2551 3456 3074 3554 principalibus
3099 3450 3360 3531 ecclesie

736 3578 1089 3677 patronis,
1136 3576 1335 3651 dedit
1380 3579 1866 3677 indulgentias
1921 3580 2225 3655 duorum
2277 3604 2632 3655 annorum
2681 3604 2862 3678 quas
2915 3574 3362 3680 pronunciavit

740 3704 1127 3800 episcopus
1176 3703 1621 3799 Eugubinus,
1672 3710 1744 3778 et
1786 3704 1930 3777 alia
1974 3728 2181 3780 more
2231 3706 2468 3781 solito.
2513 3704 2898 3780 Benedixit
2941 3711 3162 3793 stans,
3203 3706 3272 3775 ut
3307 3696 3360 3769 in

738 3828 1049 3902 ecclesia
1073 3825 1613 3901 Assisinatensi.
1654 3828 1815 3902 Fuit
1845 3829 2014 3905 inde
2045 3830 2135 3903 ad
2161 3831 2384 3927 pedes
2414 3830 2504 3904 ad
2533 3830 2881 3929 palatium
2918 3830 3124 3904 ducis
3151 3820 3358 3901 Urbini

738 3956 811 4028 in
856 3977 997 4049 quo
1040 3952 1445 4049 hospitatus
1494 3960 1605 4026 est
1641 3953 1716 4025 in
1760 3956 2094 4052 opposito
2142 3956 2450 4031 ecclesie
2491 3955 2732 4045 situm,
2777 3962 2854 4031 et
2899 3977 3034 4030 nos
3077 3974 3232 4027 cum
3267 3970 3359 4021 eo.

742 4083 902 4153 Dux
934 4079 1105 4153 fecit
1135 4100 1490 4175 expensas
1520 4100 1651 4174 per
1674 4080 1925 4154 omnia
1945 4079 2134 4169 loca,
2159 4090 2402 4155 tamen
2429 4084 2590 4180 ejus
2612 4079 2950 4171 ducatus,
2975 4087 3050 4154 et
3069 4100 3222 4153 cum
3241 4072 3364 4173 plu·

742 4204 939 4278 ribus
970 4204 1127 4278 aliis
1161 4204 1349 4278 venit
1376 4202 1661 4300 legatus
1692 4203 1840 4278 imo
1869 4204 2107 4301 legato
2135 4206 2330 4281 venit
2347 4206 2630 4282 obviam
2653 4230 2787 4305 per
2814 4213 3126 4303 quatuor
3149 4198 3362 4277 millia·

740 4329 847 4402 ria
876 4334 949 4403 et
980 4328 1187 4417 ultra,
1220 4337 1423 4402 extra
1448 4328 1884 4426 Eugubium.

840 4455 923 4527 In
952 4453 1235 4528 civitate
1272 4453 1787 4527 Assisinatensi
1831 4462 1942 4530 est
1981 4478 2166 4528 unus
2209 4462 2606 4531 conventus
2645 4457 3058 4533 ordinarius
3085 4479 3144 4528 S.
3177 4454 3362 4525 Fran-

738 4580 913 4654 cisci
942 4578 1305 4676 duplicem
1344 4577 1731 4653 ecclesiam
1773 4580 2082 4669 habenS,
2119 4586 2496 4677 utramque
2537 4580 3078 4670 testudinatam,
3110 4578 3360 4678 planum

740 4712 931 4779 terre
960 4704 1516 4801 prospicientes,
1554 4704 1951 4800 Requisivit
1973 4706 2047 4777 in
2078 4728 2168 4781 ea
2197 4728 2464 4803 corpus
2493 4730 2553 4779 s·
2588 4706 2981 4795 Francisci,
3011 4705 3102 4780 de
3129 4696 3364 4797 capillis

738 4835 813 4902 et
834 4826 1075 4903 velum
1098 4828 1305 4941 beate
1333 4829 1557 4904 Marie
1586 4828 1910 4927 virginiS,
1937 4828 2028 4904 de
2059 4830 2312 4929 caligis
2343 4854 2402 4904 S.
2439 4831 2830 4905 Francisci.
2867 4832 3050 4905 Sunt
3079 4834 3150 4902 et
3175 4822 3362 4899 multe

738 4954 875 5029 alie
918 4952 1250 5048 reliquie,
1288 4954 1553 5050 digitus
1590 4976 1652 5029 s.
1684 4956 1986 5029 Joannis
2031 4956 2377 5053 Baptiste,
2413 4978 2560 5053 quo
2591 4955 3034 5031 Salvatorem
3059 4948 3359 5031 ostendit,

810 5140 857 5196 1.
900 5138 993 5194 Sic
1020 5136 1159 5193 dans
1188 5140 1309 5194 tous
1340 5137 1420 5194 les
1451 5156 1586 5196 mss,
1620 5140 1904 5198 peut-atie
1945 5140 2121 5198 saut-il
2165 5140 2258 5196 lire
2297 5158 2331 5196 a
2368 5142 2568 5212 Spem,
2615 5139 2708 5214 qui
2741 5148 2827 5199 est
2871 5146 2904 5199 a
2929 5142 2964 5195 5
2991 5138 3280 5196 kilometoes
3304 5146 3356 5185 en

736 5228 871 5294 deca
900 5224 1171 5285 d'Assise.

3507 5804 3512 6015 Ι
