3625 6059
265 589 427 652 [Aoat
451 587 589 652 ¹498]
930 583 1185 641 RERUM
1232 582 1685 642 URBANARUM
1732 581 2258 642 COMMENTARII.
2827 585 2933 641 493

270 741 507 815 redire
556 738 646 813 ad
692 738 1019 813 seculum
1072 745 1145 812 et
1190 735 1731 811 matrimonium
1774 736 2234 826 contrahere,
2279 759 2362 810 ac
2412 740 2722 811 RRmoS.
2774 741 2928 812 DD.

268 861 671 940 cardinales
702 862 979 960 rogavit
1016 869 1369 958 quatenus
1405 861 1828 958 hujusmodi
1865 860 2388 959 dispensationi
2419 862 2829 937 consentire
2861 867 2935 936 et

266 1013 395 1088 pro
430 989 621 1062 illius
652 989 983 1077 obtentu,
1020 1011 1165 1061 una
1193 1009 1362 1060 cum
1392 992 1465 1060 et
1494 1010 1625 1084 pro
1661 1010 1777 1077 eo,
1814 987 2054 1062 eidem
2087 990 2213 1062 SS.
2253 990 2340 1060 D.
2381 995 2629 1061 nostro
2662 988 2935 1086 suppli-

270 1139 433 1189 care
464 1114 732 1189 vellent
770 1112 1388 1210 dispensationem
1416 1111 1720 1186 liberam
1764 1113 1855 1187 de
1887 1111 2222 1187 omnibus
2254 1112 2612 1204 ecclesiiS‚
2641 1135 2937 1187 monas-

269 1241 462 1316 teriis
510 1247 585 1315 et
622 1238 971 1336 quibusve
1015 1237 1387 1312 beneficiis
1436 1236 1947 1312 ecelesiasticis
1983 1261 2122 1335 que
2164 1237 2319 1335 ipse
2367 1240 2451 1310 D.
2479 1238 2931 1313 -Valentinus

270 1364 669 1454 obtinebat,
734 1364 973 1438 eidem
1034 1365 1159 1438 SS.
1224 1365 1313 1436 D.
1376 1368 1627 1437 nostro
1686 1362 2132 1460 relinquens
2201 1361 2612 1438 Cardinales
2681 1387 2936 1439 omnes

272 1489 645 1564 communi
676 1494 749 1564 et
779 1487 1125 1562 concordi
1156 1492 1319 1561 voto
1360 1486 1974 1584 dispensationem
2005 1487 2429 1587 hujusmodi
2469 1489 2834 1564 voluntati·
2866 1496 2939 1564 et

272 1614 567 1690 arbitrio
595 1616 721 1688 SS.
756 1616 842 1686 D.
878 1611 1104 1686 nostri
1136 1633 1322 1709 pape
1354 1612 1818 1686 remiserunt.

365 1738 644 1814 Eadem
684 1737 829 1828 die,
856 1736 1053 1812 venit
1083 1734 1175 1808 ad
1215 1736 1481 1810 Urbem
1511 1759 1645 1834 per
1670 1743 1954 1834 portam
1987 1740 2460 1814 Portuensem
2502 1739 2935 1837 magnificus

276 1871 355 1938 D.
392 1863 798 1938 Ludovicus
830 1861 919 1935 de
959 1860 1359 1949 Villanova,
1394 1860 1569 1934 baro
1614 1859 1704 1934 de
1745 1863 1968 1935 Trans
2003 1868 2134 1962 (t),
2165 1863 2667 1938 camberlanus
2704 1873 2779 1941 et
2807 1891 2940 1941 no·-

275 1987 461 2060 mine
521 1990 969 2060 Francorum
1036 1985 1233 2082 regis
1304 1989 1595 2059 Rmum.
1661 1989 1745 2060 D.
1812 1987 2258 2064 cardinalem
2314 1990 2781 2066 Valentinum
2849 1991 2941 2064 ad

280 2135 581 2210 regnum
635 2110 938 2185 Francie
984 2109 1520 2202 conducturus;
1556 2111 1677 2209 qui
1716 2118 2050 2209 receptus
2089 2112 2222 2186 fuit
2261 2122 2333 2188 et
2371 2115 2772 2190 associatus
2811 2138 2943 2213 per

282 2237 673 2312 familiares
715 2240 803 2311 D.
854 2239 941 2310 N.
976 2259 1161 2333 pape
1207 2241 1279 2309 et
1322 2241 1757 2312 RRmorum.
1804 2237 2303 2330 cardinalium,
2339 2264 2542 2315 more
2591 2249 2942 2316 consueto

282 2371 651 2437 oratorum
684 2362 775 2435 ad
809 2362 1277 2459 prestandam
1320 2362 1806 2437 obedientiam
1850 2366 1977 2438 SS.
2010 2369 2096 2439 D.
2133 2370 2216 2439 N.
2249 2387 2433 2462 pape
2472 2366 2937 2440 venientium.

372 2488 779 2577 Dominica,
826 2492 913 2562 19
963 2486 1132 2561 dicti
1176 2487 1449 2563 mensis
1493 2489 1804 2587 augusti,
1841 2489 2407 2564 anniversarium
2453 2489 2942 2564 coronationis

284 2617 403 2688 SS.
453 2618 542 2689 D.
606 2615 693 2687 N.
738 2635 924 2711 pape
972 2611 1361 2687 Alexandri
1403 2617 1527 2701 Vl,
1577 2618 1829 2689 Rmus.
1877 2619 1964 2689 D.
2009 2614 2393 2690 cardinalis
2429 2615 2944 2714 Agrigentinus

280 2738 660 2814 celebravit
702 2737 1000 2812 missam
1042 2739 1581 2814 solemnemde
1624 2740 1890 2838 Spiritu
1939 2749 2186 2816 saneto
2225 2740 2298 2814 in
2347 2740 2623 2838 capella
2663 2741 2940 2839 majore

281 2870 651 2954 consueta,
687 2866 883 2960 Papa
928 2873 1293 2961 presente,
1333 2864 1456 2961 qui
1506 2865 1783 2963 recepit
1829 2865 1904 2938 in
1953 2866 2412 2940 assistentem
2453 2864 2811 2961 prelatum
2853 2869 2938 2936 R.

281 2987 350 3061 in
378 2987 668 3064 Christo
701 2991 781 3062 P.
820 2990 907 3060 D.
944 2989 1409 3063 Franciscum
1455 2988 1784 3062 Brevium
1829 2989 2142 3064 electum
2174 2993 2685 3077 Genetensem,
2715 3011 2940 3061 unum

288 3137 368 3186 ex
414 3113 601 3188 sacri
648 3113 895 3211 palatii
944 3137 1330 3189 causarum
1374 3113 1820 3188 auditoribus
1869 3115 2485 3189 locumtenentem
2531 3120 2604 3186 et
2643 3136 2813 3185 eum
2855 3112 2946 3185 ab

294 3238 439 3312 aliis
488 3237 1001 3313 assistentibus
1057 3240 1281 3336 recipi
1333 3248 1405 3314 et
1448 3240 1729 3314 admitti
1772 3263 1858 3314 ac
1907 3241 2098 3315 inter
2139 3261 2265 3316 eos
2321 3238 2455 3311 sibi
2502 3238 2744 3311 locum
2781 3233 2946 3311 'dari

294 3364 495 3438 voluit
547 3370 623 3438 et
679 3364 1067 3456 mandavit,
1118 3373 1333 3463 prout
1382 3365 1653 3440 factum
1702 3373 1811 3440 est
1859 3392 1873 3438 :
1924 3365 2063 3441 alia
2112 3365 2489 3441 observata
2532 3368 2700 3438 sunt
2740 3387 2945 3438 more
2988 3356 2997 3366 ’

298 3488 517 3563 solito.
2717 3483 2720 3486 ⁹

387 3615 507 3688 His
550 3613 813 3690 diebus
850 3615 1051 3689 venit
1088 3615 1179 3690 ad
1220 3617 1487 3691 Urbem
1528 3618 2054 3693 illustrissimus
2087 3622 2171 3692 D.
2206 3618 2618 3718 Alphonsus
2648 3618 2738 3694 de
2764 3622 2948 3693 Ara·

298 3738 521 3834 gonia,
556 3741 706 3815 dux
740 3739 1199 3830 Biseliarum,
1232 3743 1577 3841 principis
1623 3744 2054 3820 Salernitani
2096 3744 2286 3817 filius
2325 3745 2672 3820 naturalis
2711 3743 2946 3818 divine

298 3866 637 3941 memorie
677 3864 1059 3962 Alphonsi,
1106 3866 1402 3940 secundi
1444 3867 1534 3941 de
1576 3869 1946 3966 Aragonia
1986 3870 2178 3966 regis
2222 3868 2698 3968 Neapolitani,
2739 3868 2951 3943 etatis

300 4012 441 4062 xvn
470 4013 830 4065 annorum
858 3989 977 4064 vel
1009 3991 1227 4083 circa,
1264 3991 1546 4067 futurus
1579 3993 1878 4068 maritus
1910 3995 2242 4069 Lucretie
2274 3995 2560 4092 Borgie,
2591 3994 2738 4068 filie
2775 3992 2952 4067 cha-

303 4113 567 4191 rissime
597 4119 728 4190 SS.
766 4119 854 4189 D.
892 4117 1150 4207 nostri,
1186 4118 1429 4193 uxoris
1461 4118 1926 4193 illustrissimi
1958 4120 2130 4194 olim
2163 4123 2322 4194 Don
2365 4118 2716 4193 Johannis
2751 4118 2949 4192 Sfor-

304 4238 415 4329 tie,
461 4241 737 4316 Pisauri
787 4240 1088 4333 domini,
1141 4240 1263 4340 qui
1306 4266 1453 4317 non
1500 4243 1631 4317 fuit
1680 4252 2015 4343 receptus
2059 4243 2172 4320 vel
2215 4244 2616 4319 associatus
2663 4241 2951 4339 publica

304 4387 577 4464 pompa,
614 4365 746 4442 sed
776 4372 1025 4441 tamen
1064 4391 1107 4441 a
1148 4367 1575 4464 quibusdam
1606 4369 2154 4466 particularibus
2184 4390 2316 4466 per
2342 4368 2467 4440 SS.
2503 4365 2952 4439 D.'nostrum

308 4488 428 4562 sibi
490 4491 775 4566 obviam
832 4490 1075 4564 missis
1139 4519 1155 4563 :
1224 4493 1565 4589 equitavit
1622 4494 1712 4568 ad
1771 4495 2120 4593 palatium
2174 4490 2360 4566 Rmi.
2417 4494 2503 4564 D.
2562 4488 2950 4563 cardinalis

310 4637 363 4683 s.
395 4616 609 4691 Mario
636 4615 710 4690 in
741 4615 1031 4690 Porticu
1061 4617 1253 4712 quod
1282 4618 1615 4715 predicta
1642 4620 1938 4694 domina
1957 4618 2292 4694 Lucretia
2324 4617 2793 4706 inhabitabat,
2828 4615 2952 4689 ubi

376 4815 420 4874 l.
459 4817 622 4874 Louis
678 4819 745 4875 de
802 4818 1139 4890 villeneuve,
1197 4822 1367 4879 baron
1424 4823 1491 4879 de
1548 4824 1743 4892 TranS,
1802 4823 1994 4898 nequit.
2055 4840 2180 4880 vers
2249 4825 2406 4880 1451.
2467 4819 2824 4878 Chambellan
2888 4820 2958 4876 de

312 4897 517 4964 Chai-les
546 4907 691 4978 VIII,
723 4907 761 4964 il
792 4915 887 4964 eut.
914 4907 963 4964 le
992 4912 1463 4968 commendement
1500 4913 1663 4969 d'une
1690 4912 1864 4985 partie
1904 4913 1970 4968 de
2001 4911 2052 4967 la
2080 4912 2232 4969 ssotte
2261 4910 2509 4967 destinee
2537 4912 2570 4964 a
2599 4907 2652 4965 la
2686 4912 2960 4982 conquete

310 4990 370 5046 de
395 4993 607 5069 Naples.
638 4995 681 5052 ll
710 5015 771 5052 se
801 4996 1089 5073 diStingua
1115 5005 1148 5056 ὲ.
1176 5001 1446 5075 Agnadel,
1478 5005 1511 5057 a
1540 5002 1788 5058 Fornoue
1819 5009 1872 5058 et.
1897 5006 1930 5057 ἐι
1961 5000 2256 5059 CerisoleS.
2291 5001 2439 5056 Pour
2467 4999 2514 5056 le
2551 5001 2954 5071 recompenset,

310 5080 459 5140 bouis
486 5087 585 5142 XII
612 5085 799 5160 eriges.
825 5088 877 5144 la
904 5088 1168 5146 baronnie
1196 5091 1265 5146 de
1294 5090 1469 5148 Trans
1506 5109 1574 5148 en
1616 5090 1936 5165 marquisat‚
1967 5109 2036 5148 en
2069 5091 2225 5148 1505.
2260 5090 2336 5147 Le
2365 5087 2600 5164 premier
2627 5104 2697 5143 en
2727 5086 2769 5140 F
2770 5103 2955 5156 rauce,

316 5169 347 5222 il
371 5179 516 5244 porta
540 5193 603 5232 ce
629 5175 772 5246 titre,
805 5177 899 5250 qui
928 5176 1004 5233 lui
1035 5179 1115 5236 fut.
1142 5185 1363 5257 octroye
1392 5199 1491 5256 par
1518 5180 1981 5255 lettres-patentes
2011 5181 2086 5237 du
2116 5180 2256 5238 mois
2283 5181 2354 5237 de
2384 5178 2577 5237 sevrIer
2604 5179 2674 5234 de
2704 5175 2962 5232 la·m-.-’.·me

318 5265 495 5331 annae,
525 5261 891 5339 enregistrees
921 5284 992 5324 au
1022 5269 1352 5328 Parlement.
1386 5269 1431 5326 ll
1457 5274 1677 5328 mourut
1704 5274 1739 5327 a
1768 5270 1948 5344 Digne
1979 5288 2049 5328 en
2081 5271 2238 5330 1516.
