3625 6059
1351 568 1362 577 ’
1473 596 1901 653 ΑΡΡΕΝΒιοΕ.
2510 630 2525 638 -
2913 605 3011 657 1131

437 774 472 807 «ι
515 748 806 829 Septimo
843 753 1292 811 convenerunt
1331 749 1512 827 quod
1559 749 1728 812 dicta
1778 765 1899 813 sua
1942 750 2123 831 regia
2170 750 2494 814 maiestas·
2532 751 2811 815 durante
2850 751 3023 815 dicta

351 865 476 913 sua
505 847 824 927 impresia
865 847 1079 926 possit
1121 846 1406 909 retinere
1452 845 1622 910 duos
1665 847 2018 927 deputatos
2056 848 2126 911 in
2164 848 2335 913 dicta
2382 849 2645 913 civitate
2673 849 3021 925 Florentie,

353 948 496 1011 suis
525 952 750 1009 tamen
779 945 1112 1023 expensiS,
1146 944 1258 1025 qui
1286 944 1572 1008 debeant
1601 946 1821 1009 omnia
1851 948 2253 1009 occurrentia
2288 947 2455 1010 dicte
2481 948 2667 1028 regie
2692 948 3025 1012 maiestati

351 1043 838 1110 communicare
867 1038 1016 1107 cuin
1045 1043 1238 1106 dictis
1265 1043 1548 1107 dominis
1576 1043 1945 1107 florentinis
1968 1045 2075 1108 vei
2102 1044 2251 1107 aliis
2270 1061 2501 1108 eorum
2524 1046 3026 1127 magistratibus

353 1162 559 1224 super
589 1144 713 1207 boc
739 1142 1094 1222 deputatiS,
1125 1144 1232 1207 vel
1272 1143 1420 1205 aliis
1451 1160 1602 1205 curn
1632 1143 1877 1222 quibus
1918 1143 2267 1220 voluerint,
2300 1148 2619 1224 tanquam
2656 1162 2807 1208 cum
2836 1145 3026 1208 bonis

351 1249 422 1306 et
449 1242 788 1305 veteribus
814 1242 1065 1316 amiciet,
1089 1242 1200 1321 qui
1233 1246 1542 1322 poterunt
1575 1242 1823 1305 intrare
1860 1246 1927 1305 et
1952 1242 2321 1323 intelligere
2348 1244 2418 1307 in
2459 1246 2766 1308 omnibus
2796 1261 3029 1309 eorum

352 1340 681 1417 consiliis3
716 1345 780 1403 et
807 1356 944 1404 non
975 1342 1350 1403 tractabunt
1377 1356 1596 1421 neque
1621 1339 2012 1403 concludent
2042 1340 2263 1420 aliqua
2292 1343 2752 1406 concernentia
2782 1348 3028 1407 statum

351 1446 475 1503 aut
521 1440 798 1521 negocia
829 1438 999 1501 dicte
1027 1440 1210 1519 regie
1253 1440 1644 1513 maiestatiS,
1673 1453 2035 1521 regnorum
2076 1456 2351 1503 suorum
2390 1445 2505 1504 aut
2544 1458 2667 1505 sue
2698 1441 3025 1522 impr-esic,

353 1540 488 1603 nisi
527 1539 626 1603 eis
657 1537 928 1601 vocatis.
964 1536 1238 1618 Reliqua
1271 1553 1426 1601 vero
1467 1538 1740 1619 negocia
1771 1538 2024 1617 privata
2054 1538 2161 1601 vel
2187 1538 2449 1617 publica
2484 1540 2636 1603 dicti
2677 1540 3028 1603 Florentini

350 1639 618 1719 possint
645 1635 1032 1701 concludere
1071 1654 1256 1700 more
1287 1653 1518 1699 eorum
1547 1636 1763 1713 solito,
1796 1637 2053 1716 absque
2095 1636 2381 1716 eoquod
2410 1642 2770 1701 teneantur
2795 1654 3030 1701 vocare

357 1739 570 1802 dictos
609 1737 988 1816 deputatos„
1019 1734 1149 1798 nisi
1193 1734 1289 1797 eis
1332 1735 1654 1810 videatur,
1687 1738 1755 1797 et
1801 1735 1927 1798 hoc
1972 1734 2257 1799 durante
2284 1735 2455 1799 dicta
2500 1735 2833 1816 impresia,
2864 1738 3031 1799 sicut

356 1836 602 1901 dictum
627 1842 751 1899 est.

443 1958 474 1991 «
521 1934 763 1998 Octavo
793 1938 1281 1999 convenerunt:
1313 1934 1470 2013 quia
1500 1932 1778 1996 durante
1813 1932 1987 1996 dicta
2012 1932 2323 2012 impresia
2344 1938 2575 2012 posset
2598 1934 2752 1995 oriri
2772 1934 3031 2014 questio

353 2034 532 2096 inter
557 2038 796 2114 gentes
824 2050 1162 2097 armorum
1191 2031 1360 2095 dicte
1399 2032 1581 2112 regie
1619 2032 1987 2094 maiestatis
2016 2046 2184 2111 quas
2212 2031 2282 2093 in
2318 2031 2507 2094 dictis
2534 2031 2695 2093 locis
2730 2032 3031 2111 reliquis-

361 2135 486 2207 set,
513 2148 594 2195 ex
623 2148 781 2209 una,
812 2137 878 2195 et
905 2132 1280 2195 habitantes
1309 2132 1372 2193 in
1403 2131 1568 2209 ipsis
1599 2146 2073 2210 quoscumque,
2096 2146 2179 2193 ex
2206 2130 2369 2205 alia;
2402 2135 2468 2192 et
2490 2146 2575 2193 ne
2600 2134 2839 2211 gentes
2864 2129 3033 2193 dicte

361 2231 548 2311 regie
569 2231 938 2294 maiestatis
967 2230 1324 2293 molestent
1351 2234 1470 2292 aut
1499 2228 1688 2291 dictis
1717 2233 1835 2291 aut
1877 2228 2065 2291 factis
2092 2226 2474 2291 habitantes
2503 2228 2827 2292 dictorum
2855 2228 3031 2292 loco-

349 2345 546 2405 ·rum;
577 2329 758 2408 quod
789 2329 1023 2393 eadem
1046 2329 1230 2411 regia
1258 2329 1574 2393 maiestas
1605 2329 1969 2393 committat
1998 2327 2419 2408 capitaneum
2447 2328 2517 2389 in
2554 2327 2743 2390 dictis
2770 2328 3033 2391 arcibus

360 2428 687 2504 Pisarum,
725 2428 1014 2505 Liburni,
1058 2430 1246 2491 Petre
1293 2432 1520 2490 sancte
1561 2432 1628 2489 et
1673 2428 1979 2503 Serzane,
2013 2442 2131 2505 pro
2179 2426 2477 2504 partibus
2526 2431 2590 2488 et
2637 2424 3033 2488 stationibus

357 2526 795 2601 eorumdem;
846 2528 958 2606 qui
1005 2529 1127 2591 erit
1165 2528 1312 2591 eius
1359 2526 1814 2589 locumtenens
1861 2524 2193 2605 generalis
2231 2524 2303 2585 ’in
2347 2523 2505 2586 locis
2552 2523 2884 2603 predictis,
2917 2524 3032 2602 qui

359 2625 604 2703 poterit
631 2640 902 2689 manere
925 2626 994 2689 in
1023 2626 1284 2690 civitate
1311 2625 1634 2687 Florentie
1659 2628 1774 2685 aut
1802 2622 1982 2697 alibi,
2016 2626 2213 2701 prout
2242 2621 2303 2683 ei
2330 2619 2700 2683 videbitur:
2728 2618 2833 2681 cui
2862 2633 3034 2681 com-

359 2722 880 2787 municabuntur
921 2726 1144 2789 omnia
1183 2725 1458 2806 negocia
1501 2722 1957 2787 concernentia
2007 2725 2257 2784 statum
2302 2720 2483 2800 regie
2528 2718 2919 2793 maiestatiS,
2958 2722 3033 2779 ut

348 2822 543 2903 prius
569 2821 817 2885 dictum
847 2830 969 2900 est,
994 2829 1060 2887 et
1087 2824 1326 2903 poterit
1355 2822 1841 2886 communicare
1872 2821 2089 2883 omnia
2123 2819 2395 2899 negocia
2416 2816 2879 2880 concernentia
2904 2815 3035 2878 fac·

357 2928 504 2984 tum
524 2936 786 3001 guerre,
819 2939 939 3003 per
964 2924 1314 2987 amicitiam
1335 2927 1404 2984 et
1429 2936 1564 2984 non
1596 2937 1716 2999 per
1747 2919 2256 2992 subiectionem
2290 2920 2355 2979 et
2382 2914 2655 2978 habehit
2685 2913 2898 2976 dictus
2929 2930 3037 2976 ca-

357 3019 672 3099 pitaneus
695 3020 876 3103 regie
896 3021 1263 3085 maiestatis
1293 3022 1692 3101 potestatem
1717 3016 2037 3097 puniendi
2066 3016 2525 3095 delinquentes
2548 3013 2853 3077 homines
2876 3030 3037 3075 suos

363 3122 706 3180 morantes
733 3119 799 3181 in
829 3118 1014 3183 dictis
1042 3118 1441 3195 civitatibus,
1469 3117 1708 3181 castris
1737 3120 1802 3179 et
1829 3116 2014 3178 locis.

457 3240 489 3272 <c
535 3220 718 3280 Nono
749 3222 1196 3283 convenerunt
1215 3217 1395 3297 quod
1426 3215 1582 3279 dicti
1605 3214 1855 3278 domini
1886 3214 2260 3289 Florentini,
2290 3214 2569 3276 durante
2600 3212 2770 3275 dicta
2800 3212 3036 3288 impre-

359 3323 487 3400 sia‚
510 3336 642 3402 que
657 3318 1064 3398 intelligatur
1081 3316 1266 3379 finita
1285 3319 1360 3378 ut
1390 3330 1614 3395 supra,
1637 3329 1773 3377 non
1804 3313 2051 3394 eligent
2072 3312 2201 3375 sibi
2222 3312 2663 3391 capitaneum.
2686 3313 3039 3372 Armorum

355 3419 768 3504 generalem,
810 3416 937 3479 nisi
983 3415 1198 3495 primo
1238 3414 1405 3478 facta
1447 3413 1794 3477 collatione
1826 3428 1975 3475 cum
2022 3411 2203 3492 regia
2250 3412 2626 3484 maiestate,
2666 3412 2741 3469 ut
2780 3406 3040 3471 facilius

357 3524 487 3585 hoc
515 3518 712 3583 modo
737 3516 1067 3579 habeatur
1089 3532 1208 3595 pro
1235 3514 1579 3594 capitaneo
1604 3513 1802 3576 homo
1831 3515 2065 3593 gratus
2097 3528 2217 3574 sue
2245 3508 2428 3591 regie
2458 3508 2810 3571 maiestati.

449 3644 482 3675 «
527 3618 793 3699 Decimo
827 3634 841 3675 τ
875 3612 1124 3696 prefata
1156 3613 1342 3695 regia
1387 3614 1706 3675 maiestas
1735 3610 2058 3691 promittit
2083 3609 2437 3673 restituere
2468 3612 2534 3670 et
2571 3623 2652 3670 ex
2694 3622 2870 3669 nunc
2898 3622 3037 3668 res-

357 3720 542 3784 tituit
569 3716 740 3780 dicto
768 3715 1017 3795 populo
1041 3713 1392 3776 florentino
1427 3711 1646 3774 omnia
1681 3715 1748 3771 et
1787 3708 2049 3789 singula
2078 3708 2209 3771 alia
2248 3712 2489 3782 castra,
2524 3704 3035 3785 oppida,·villas,

361 3820 506 3881 loca
546 3821 612 3879 et
653 3814 975 3888 civitatee,
1007 3828 1129 3891 per
1163 3825 1649 3890 quemcumque
1696 3806 1891 3870 hodie
1938 3790 2431 3885 possideantur,
2464 3820 2595 3884 que
2622 3818 3040 3882 quocumque

355 3913 564 3980 modo
593 3914 860 3976 fuerunt
889 3924 1204 3991 possessa
1231 3924 1352 3989 per
1379 3906 1626 3971 dictum
1654 3904 1977 3985 populum
2004 3902 2430 3966 florentinum
2453 3906 2607 3965 ante
2636 3901 2777 3963 eius
2798 3899 3038 3963 adven-

357 4023 511 4079 tum
538 4014 606 4076 in
635 4012 920 4087 ltaliam:
953 4012 1046 4072 ita
1084 4008 1266 4089 quod
1302 4007 1516 4071 dictus
1554 4005 1844 4086 populus
1874 4000 2266 4066 florentinus
2314 4000 2545 4063 inillis
2590 3999 2797 4063 libere
2834 3996 3037 4061 domi-

357 4114 530 4189 nari,
563 4110 1142 4188 omnimodamque
1181 4106 1501 4169 iustitiam
1537 4102 1939 4176 ministrare,
1969 4115 2333 4178 omnesque
2377 4098 2674 4161 redditus
2704 4096 3038 4176 percipere

359 4228 540 4277 acea
565 4211 784 4275 omnia
807 4206 1142 4272 custodire
1171 4206 1404 4285 possit,
1434 4219 1694 4283 suoque
1721 4206 1891 4264 nutu
1921 4217 1999 4264 ac
2036 4200 2377 4264 voluntate
2403 4198 2610 4259 libere
2638 4195 3035 4277 gubernare,

361 4316 566 4393 prout
610 4314 802 4373 antea
839 4310 1120 4388 poterat.
1149 4306 1227 4367 Et
1263 4303 1420 4383 quia
1455 4300 1776 4381 possibile
1815 4303 1995 4363 esset
2034 4298 2255 4377 aliqua
2296 4312 2377 4359 ex
2414 4295 2603 4359 dictis
2648 4292 2807 4357 locis
2850 4293 3037 4355 resti-

361 4410 530 4473 tutis
555 4426 676 4489 per
703 4409 872 4471 hanc
896 4408 1278 4486 presentem
1306 4399 1722 4465 concordiam
1753 4398 1933 4462 nolle
1963 4398 2423 4475 obtemperare
2449 4394 2653 4474 regiis
2686 4391 3033 4471 preceptiS‚

361 4512 824 4573 convenerunt
849 4505 1028 4585 quod
1067 4502 1237 4565 dicta
1263 4502 1444 4582 regia
1475 4499 1791 4563 maiestas
1815 4494 2363 4560 christianissima
2391 4492 2631 4555 debeat
2654 4490 2871 4554 facere
2896 4489 3038 4552 lite-

361 4626 476 4674 ras
521 4612 827 4688 patentes
871 4604 1399 4687 quibuscumque
1425 4599 1584 4661 locis
1622 4597 1888 4660 arcibus
1918 4600 1983 4658 et
2017 4591 2274 4668 castris„
2308 4596 2373 4654 et
2412 4606 2646 4655 eorum
2680 4589 2945 4669 populis
2974 4594 3038 4650 et

357 4706 976 4783 ‘communitatibuS,
1000 4704 1115 4785 qui
1137 4716 1258 4766 seu
1281 4716 1410 4781 que
1435 4701 1622 4762 erant
1651 4694 1917 4758 subdite
1946 4693 2193 4773 populo
2226 4690 2573 4754 florentino
2607 4692 2763 4752 ante
2790 4685 3035 4749 adven-

363 4916 618 4967 executer
649 4914 732 4963 cet
764 4911 968 4973 article,
1001 4911 1039 4959 il
1067 4910 1180 4959 faut
1210 4905 1486 4973 parcourir
1517 4904 1568 4955 le
1604 4908 1748 4955 ’tome
1777 4904 1841 4953 Vl
1874 4903 1967 4952 des
1995 4903 2109 4951 Atti
2136 4900 2341 4950 Publici
2362 4900 2619 4963 (Francia,
2652 4898 3035 4961 Cartapecoro).

361 4983 513 5048 Nous
541 5008 578 5059 y
607 4978 774 5044 anons
803 4992 980 5043 releve
1017 5004 1149 5041 onze
1177 4989 1361 5040 lettres
1397 4984 1740 5051 imperatives
1777 4984 1845 5033 de
1872 4983 2087 5033 Charles
2124 4983 2255 5044 vlit,
2284 4981 2563 5032 adressees
2588 4976 2899 5032 vainement
2934 4993 3036 5029 aux

361 5072 777 5128 commendante
808 5072 874 5123 de
905 5085 996 5121 ces
1024 5070 1199 5136 places
1239 5080 1379 5133 pour
1420 5065 1495 5115 les
1531 5066 1740 5131 obliger
1775 5064 1808 5113 a
1838 5077 1903 5115 en
1936 5063 2065 5113 faire
2104 5063 2155 5113 la
2192 5061 2512 5113 restitution.
2542 5062 2687 5111 Nous
2716 5072 2787 5109 nc
2818 5059 3038 5127 parlons

361 5170 466 5223 pas
492 5154 561 5204 de
589 5154 730 5213 Pise,
758 5154 850 5217 qui
883 5166 948 5202 ne
977 5150 1058 5203 sut
1087 5151 1284 5215 reprise
1314 5162 1418 5213 que
1447 5148 1513 5197 de
1550 5146 1666 5195 vive
1701 5144 1845 5195 force
1874 5156 1972 5209 par
2002 5142 2079 5193 les
2118 5140 2430 5201 FlorentinS,
2461 5154 2529 5191 en
2572 5141 2709 5200 1509,
2740 5139 2895 5205 apres
2932 5153 3038 5189 une

361 5238 500 5286 lutte
530 5232 598 5283 de
627 5232 796 5283 douze
825 5246 940 5283 ans.
973 5252 997 5276 »
1027 5233 1160 5281 Note
1192 5231 1258 5280 de
1289 5226 1610 5293 Desjardins,
1641 5227 1677 5274 t.
1709 5224 1750 5285 1,
1781 5238 1833 5289 p.
1864 5226 1975 5283 603,
2004 5224 2099 5273 des
2129 5222 2391 5285 Naqociat.
2422 5221 2637 5285 diplom.
2669 5222 2735 5271 de
2759 5222 2811 5272 la
2844 5222 3039 5271 Franco

361 5330 490 5364 (nu-e
518 5312 572 5362 1η
607 5312 847 5363 Tnsrmoe.
