3625 6059
668 546 742 607 44
1373 554 1384 561 “
1581 538 1611 597 J
1619 540 1812 598 OHAN
1818 539 1862 595 N
1868 539 1933 596 lS
1981 538 2430 611 BURCHARDI,
3012 542 3177 605 [Mars
3210 546 3353 609 ¹49³]

673 706 864 780 facta
906 707 1074 777 ante
1107 700 1358 790 altare,
1403 696 1828 772 solemniter
1866 695 2333 784 benedicere.
2386 696 2755 795 Respondi
2800 697 3181 772 sanctitati
3220 720 3345 772 sue

675 830 914 904 minus
965 826 1351 902 'convenii-e
1397 840 1494 901 'ac
1537 821 1837 898 omnino
1884 828 2089 897 extra
2136 821 2579 896 ordinarium
2622 846 2811 914 esse,
2847 847 2979 922 pro
3022 847 3113 898 eo
3156 822 3353 920 quod

676 952 884 1044 nihil,
918 952 1250 1027 videlicet
1279 971 1517 1046 neque
1562 947 1786 1021 missa
1824 969 2061 1044 neque
2100 970 2431 1044 vespere,
2473 947 2585 1021 vel
2626 948 2799 1044 quid
2844 947 3078 1022 sim'ile
3122 949 3353 1023 bene-

676 1081 1068 1154 dictionem
1110 1077 1338 1175 ipsam
1383 1074 1835 1174 precederet.
1886 1072 2048 1146 Dixi
2086 1078 2423 1172 preterea
2460 1071 2839 1147 sanctitati
2882 1096 3040 1164 sue,
3074 1072 3353 1148 bonum
3413 1114 3426 1125 ·

679 1213 750 1280 et
782 1204 1188 1303 regularem
1223 1201 1554 1277 ordinem
1584 1198 1994 1274 institutum
2028 1202 2295 1297 Papam
2328 1200 2483 1273 sine
2520 1198 2737 1273 mitra
2766 1198 3119 1295 equitare,
3155 1199 3354 1295 quod

677 1329 1078 1405 cardinales
1107 1330 1348 1426 ipsum
1382 1326 1588 1423 sequi
1632 1324 1970 1416 debeant,
2007 1326 2340 1422 quodque
2381 1324 2623 1397 minus
2660 1325 3041 1400 conveniat
3077 1328 3353 1423 Papam

675 1467 1002 1554 tempore
1036 1449 1643 1552 quadragesimali
1673 1452 1746 1523 in
1777 1450 2079 1548 capucio
2118 1450 2281 1524 albo
2318 1455 2390 1525 et
2420 1449 2603 1523 stola
2630 1449 2963 1548 preciosa
2990 1448 3345 1545 equitare,

681 1583 811 1659 sed
847 1584 922 1656 in
953 1579 1306 1679 capucino
1352 1577 1590 1653 rubeo·
1625 1582 1698 1651 et
1742 1576 1927 1651 stola
1968 1576 2279 1651 violatia.
2330 1573 2730 1673 Respondit
2779 1575 2955 1648 mihi
2988 1574 3353 1651 Sanctitas

680 1692 1055 1803 sua‘quod
1113 1704 1324 1779 vellet
1377 1702 1778 1777 cardinales
1831 1700 2068 1800 ipsum
2114 1702 2510 1798 precedere
2560 1708 2632 1777 et
2672 1727 2820 1777 non
2864 1704 3071 1802 sequi
3128 1710 3201 1781 et
3252 1704 3353 1779 uti

682 1831 985 1931 capucio
1025 1828 1229 1921 albo,
1292 1853 1442 1906 non
1490 1829 1721 1903 rubeo
1771 1838 2037 1924 neque·
2069 1827 2254 1901 stola
2294 1826 2616 1920 violatia,
2676 1826 2807 1903 sed
2860 1827 3357 1925 pulcherrima

680 1956 900 2055 perlis
933 1960 1208 2030 ornata.
1243 1958 1539 2030 Paratus
1565 1953 1784 2051 igitur
1812 1952 1906 2029 ad
1927 1951 2371 2027 voluntatem
2397 1976 2602 2027 suam
2627 1952 2704 2026 in
2729 1975 3027 2029 camera·
3042 1960 3351 2041 secreta,

682 2083 876 2158 venit
906 2082 982 2155 in
1019 2102 1385 2157 cameram
1423 2080 1811 2179 papagalli,
1862 2078 2010 2172 uhi,
2056 2079 2307 2154 habito
2344 2104 2477 2177 per
2517 2100 2734 2155 unam
2773 2080 3030 2155 horam
3072 2080 3357 2155 consis-

687 2209 901 2299 torio‘,
955 2208 1284 2283 ascendit
1331 2220 1615 2305 'equum
1681 2205 1926 2281 album
1988 2211 2441 2304 coopertum,
2500 2206 2591 2281 de
2644 2205 2884 2281 veluto
2942 2206 3357 2282 cremesino

688 2341 1022 2411 ornatum
1050 2342 1124 2409 et
1151 2331 1710 2432 precedentibus
1742 2355 1955 2406 cruce
1988 2337 2061 2407 et
2091 2330 2605 2418 cardinalibuS‚
2642 2331 3116 2429 sequentibus
3148 2333 3357 2407 cubi-

687 2462 978 2538 culariis
1003 2462 1332 2551 secretiS,
1368 2460 1630 2536 mediis
1661 2456 2163 2532 assistentibus
2196 2482 2280 2532 ac
2310 2456 2469 2532 aliis
2496 2457 2820 2555 prelatiS,
2870 2482 3075 2533 more
3106 2460 3349 2545 solito,

689 2589 884 2663 venit
915 2586 1008 2663 ad
1037 2609 1374 2683 campum
1405 2584 1640 2673 Flore,
1685 2583 2002 2680 plateam
2043 2582 2465 2675 Judeorum,
2514 2583 2808 2659 domum
2850 2584 3235 2659 cardinalis
3264 2586 3359 2660 de

693 2712 1022 2803 sabellis,
1058 2710 1446 2786 ecclesiam
1478 2714 1725 2795 sancte
1757 2706 1982 2781 Marie
2026 2707 2113 2783 de
2146 2707 2669 2802 consolatione,
2706 2710 3093 2785 ecclesiam
3124 2713 3359 2785 sancti

686 2837 1012 2929 Adriani,
1055 2835 1149 2911 ad
1189 2844 1511 2910 sanctam
1554 2834 1855 2908 Mariam
1895 2834 2277 2930 majorem,
2328 2834 2450 2907 ubi
2490 2842 2691 2909 extra
2724 2842 3007 2933 portam
3044 2836 3357 2911 ecclesie

688 2978 934 3039 versus
994 2968 1316 3037 sanctam
1379 2957 1890 3036 Potentianam'
1932 2958 2570 3064 processionaliter
2633 2984 2767 3059 per
2826 2961 3099 3037 clerum
3161 2960 3357 3035 illius

686 3090 980 3165 basilice
1011 3099 1344 3189 receptus
1386 3091 1541 3165 fuit.
1597 3093 1786 3163 Crux
1822 3111 1955 3186 per
1998 3086 2440 3162 cardinalem
2480 3086 2569 3160 de
2608 3086 2909 3160 Sabellis
2954 3086 3359 3184 archipres-

685 3214 1018 3313 byterum
1051 3215 1382 3313 ejusdem
1425 3213 1722 3288 basilice
1759 3213 1895 3287 sibi
1923 3217 2262 3310 porrecta
2300 3211 2719 3304 osculanda,
2752 3213 2949 3287 clero
2984 3217 3347 3300 cantante,

683 3340 876 3414 Ecce
933 3342 1278 3415 sacerdos*
1310 3348 1618 3437 maynus
1681 3350 1842 3426 etc„
1909 3338 2101 3412 facta
2158 3335 2487 3411 oratione
2554 3336 2627 3409 in
2689 3336 3097 3414 faldistorio
3152 3346 3357 3413 extra

685 3466 908 3540 altare
929 3466 1078 3539 'sibi
1105 3472 1386 3563 parat0,
1416 3462 1723 3539 accessit
1749 3461 1841 3535 ad
1870 3463 2123 3553 altare,
2160 3460 2527 3536 osculatus
2558 3467 2668 3535 est
2695 3462 2897 3553 illud,
2934 3470 3007 3537 et
3040 3460 3359 3559 desuper

686 3590 945 3666 obtulit
987 3591 1290 3665 ducatos
1335 3591 1410 3663 in
1454 3613 1630 3663 auro
1679 3587 1965 3679 decem,
2018 3609 2137 3661 me
2170 3587 2545 3666 Sanctitati
2594 3612 2723 3662 sue
2777 3586 2852 3661 id
2900 3608 3355 3663 commemo-

687 3722 918 3789 rante.
959 3713 1265 3804 Deinde,
1315 3712 1482 3808 quia
1523 3712 1630 3787 sic
1667 3712 1912 3805 voluit,
1956 3712 2223 3811 populo
2261 3713 2685 3789 solemniter
2720 3715 3115 3805 benedixit,
3156 3720 3356 3791 stans

682 3839 775 3913 ad
819 3838 1172 3937 populum
1223 3860 1498 3929 versuS,
1561 3861 1778 3913 cruce
1838 3838 2141 3912 inferius
2208 3843 2372 3913 ante
2425 3838 2667 3937 ipsum
2722 3845 2946 3930 tenta,
3007 3846 3225 3937 prout
3282 3840 3355 3913 in

685 3963 982 4039 basilica
1031 3964 1259 4038 sancti
1307 3963 1500 4039 Petri
1547 3962 2011 4055 observatur;
2065 3962 2390 4038 ascendit
2432 3964 2693 4041 deinde
2740 3965 3113 4064 palatium,
3169 3966 3359 4041 facta

687 4088 884 4184 prius
918 4086 1246 4161 oratione
1293 4092 1461 4160 ante
1501 4086 1895 4185 imaginem
1928 4086 2137 4162 beate
2191 4090 2417 4163 Marie
2458 4090 2752 4187 virginis
2800 4112 2933 4187 per
2978 4116 3040 4163 s,
3085 4095 3355 4164 Lucam

683 4214 1046 4311 depictam
1079 4210 1203 4311 (1),
1240 4209 1392 4302 uhi,
1422 4214 1574 4288 viso
1607 4230 1829 4310 opere
1862 4221 2100 4311 ceptO,
2146 4216 2359 4289 rediit
2388 4215 2477 4290 ad
2516 4216 2885 4291 basilicam
2918 4216 3347 4314 predictam.

751 4437 802 4494 1.
846 4435 891 4491 Il
919 4434 1084 4509 s’agit
1111 4437 1179 4493 de
1209 4435 1261 4494 la
1295 4440 1490 4509 Vierye
1519 4441 1554 4495 ὰ
1583 4440 1837 4507 l’Enfant
1864 4440 2020 4493 Iesus
2057 4435 2242 4510 peinte
2280 4454 2379 4510 par
2414 4436 2563 4494 Luca
2602 4437 2794 4509 Santo,
2826 4438 2920 4513 qui
2956 4439 3122 4496 vivait
3158 4443 3193 4497 a
3227 4440 3353 4499 Flo·

677 4543 838 4584 rence
865 4543 936 4583 au
965 4534 1046 4583 11⁰
1075 4526 1262 4584 siecle.
1303 4528 1585 4585 Burchard
1613 4546 1682 4585 ne
1723 4526 1821 4583 fait
1858 4543 1965 4599 que
2001 4524 2184 4581 suivre
2226 4524 2487 4600 l'opinion
2517 4528 2584 4583 de
2615 4544 2716 4584 son
2744 4533 2923 4603 temps
2953 4529 3049 4603 qui
3077 4530 3361 4589 attribuait

677 4622 816 4673 cette
844 4614 1095 4689 peinture
1123 4619 1158 4673 a
1187 4616 1564 4691 l'evangeliste
1604 4615 1749 4675 saint
1787 4616 1920 4672 Luc.
1962 4613 2116 4672 Cette
2154 4632 2360 4685 erreur,
2394 4621 2713 4674 entretenue
2752 4634 2851 4693 par
2886 4616 2967 4674 les
3007 4618 3169 4674 ecrits
3198 4618 3354 4677 d'au-

679 4714 826 4763 teurs
855 4706 1100 4777 estimeS,
1129 4704 1233 4764 tels
1263 4724 1369 4780 que
1398 4706 1686 4776 Panvini0,
1719 4708 1793 4764 De
1814 4708 2119 4778 praecipuis
2149 4707 2303 4763 urbis
2332 4708 2513 4765 Romae
2539 4709 3011 4781 sanctioribusque
3041 4710 3351 4768 basilicis...

677 4796 884 4865 Romae,
920 4797 1078 4864 1570,
1125 4794 1271 4867 in-8,
1320 4815 1376 4871 p.
1426 4796 1573 4867 243;
1626 4794 1800 4853 Paulo
1847 4796 1915 4852 de
1944 4794 2192 4869 Angelis,
2232 4800 2486 4853 Basilicae
2532 4798 2747 4855 Sanctae
2788 4800 2979 4855 Mariae
3016 4801 3251 4869 Major-is
3288 4802 3356 4855 dc

681 4888 888 4945 Urbe...
939 4888 1275 4959 descriptio:
1315 4887 1530 4956 Romoe,
1563 4888 1724 4955 1621,
1755 4884 1873 4956 fol„
1903 4884 1992 4943 liv.
2034 4886 2160 4956 XII,
2192 4886 2279 4945 ch.
2331 4906 2369 4956 1,
2412 4892 2539 4956 etc„
2572 4887 2656 4943 sut
2698 4887 2903 4944 resutee
2956 4904 3023 4943 on
3071 4888 3212 4944 1625
3258 4904 3359 4962 par

677 4976 900 5033 Gretser
945 4977 1084 5033 dans
1125 4993 1225 5032 son
1269 4977 1576 5046 Syntaqma
1624 4978 1692 5033 de
1733 4976 2069 5047 ‘imayinibus
2116 4993 2225 5033 non
2270 4980 2607 5045 manufactis
2655 4978 2827 5049 deque
2866 4978 2999 5033 aliis
3040 4996 3075 5033 a
3110 4978 3170 5035 S.
3210 4979 3357 5033 Lura

669 5068 864 5138 pictis,
897 5063 1016 5136 rol„
1059 5064 1190 5138 qu'il
1229 5064 1406 5121 reunit
1431 5063 1556 5139 plus
1589 5066 1711 5123 tard
1740 5069 1774 5121 a
1803 5082 1894 5123 ses
1930 5082 2147 5121 oeuvres
2186 5064 2504 5139 completeS,
2544 5065 2870 5136 Ratisbone‚
2905 5067 2971 5122 17
3010 5065 3115 5125 vol.
3150 5066 3359 5135 in—fol.,

676 5163 718 5214 t.
759 5154 881 5226 XV,
921 5155 1007 5214 ch.
1041 5173 1168 5211 xvm
1218 5161 1273 5211 et
1309 5150 1423 5226 xix,
1465 5172 1520 5227 p.
1552 5156 1676 5213 205.
1710 5157 1861 5212 Pour
1894 5153 2021 5229 plus
2056 5154 2122 5209 de
2160 5152 2379 5225 details,
2420 5173 2547 5229 voy.
2581 5155 2769 5212 Manni
2802 5176 2815 5211 ε
2848 5158 2949 5211 Del
2994 5173 3121 5212 vero
3147 5158 3362 5228 pictore

678 5248 822 5301 Luca
849 5246 1016 5302 Sanco
1037 5262 1072 5301 e
1100 5245 1190 5301 del
1219 5250 1396 5316 tempo
1423 5244 1514 5300 del
1541 5260 1640 5300 suo
1666 5248 1871 5316 fior-ire,
1904 5241 2253 5300 dissertation
2281 5242 2398 5299 in-8
2428 5244 2493 5299 de
2522 5246 2593 5301 24
2622 5262 2751 5319 pag.
2785 5244 3000 5319 publiea
3029 5249 3063 5301 a
3092 5244 3361 5301 Florence
