3625 6059
249 630 604 703 [Avr311498]
939 640 1191 695 RERUM
1243 636 1696 694 URBANARUM
1748 636 2268 695 COMMENTARII.
2834 649 2931 704 441

249 793 490 889 posita
521 793 892 889 triplicata
921 816 1055 889 per
1082 797 1568 865 transversum
1606 791 1943 879 ecclesie,
1981 792 2102 866 illa
2134 816 2263 890 per
2290 795 2587 893 longum
2631 799 2937 875 ecclesie

253 915 551 989 fuerunt
601 917 702 989 ad
745 916 1297 989 convenientem
1337 916 1750 990 distantiam
1791 940 1835 989 a
1865 939 2073 990 muro
2110 924 2185 992 ut
2214 920 2579 993 intorticia
2608 924 2939 1019 superius

253 1039 490 1137 posita
539 1040 878 1115 funestos
932 1064 1078 1113 non
1128 1039 1483 1115 lederent.
1542 1039 1957 1115 Cardinales
2011 1042 2353 1118 sederunt
2406 1045 2475 1117 in
2532 1045 2758 1120 choro
2812 1074 2937 1123 seu

255 1166 550 1240 tribuno
584 1167 995 1265 principali,
1023 1166 1114 1240 ad
1144 1168 1508 1240 sinistram
1539 1168 1873 1241 intrantis
1900 1167 2353 1266 incipientes,
2382 1174 2455 1243 ln
2492 1172 2723 1268 capite
2752 1173 2939 1246 illius

258 1291 510 1385 quadri
550 1300 632 1365 et
661 1293 806 1366 fine
849 1294 1030 1387 ejuS,
1067 1291 1305 1363 addidi
1351 1315 1649 1365 scamna
1685 1316 1771 1365 ex
1811 1291 2027 1387 lignis
2072 1316 2295 1389 usque
2336 1296 2426 1368 ad
2465 1296 2832 1370 introitum
2866 1297 2935 1369 in

257 1414 568 1487 chorum
634 1416 1086 1513 predictum3
1145 1415 1386 1512 itaque
1447 1439 1742 1488 scamna
1792 1422 2075 1490 murata
2125 1441 2289 1490 cum
2346 1419 2557 1515 lignis
2618 1420 2940 1494 facerent

265 1540 742 1636 triangulum.
790 1546 1037 1614 RmuS.
1078 1544 1163 1613 D.
1200 1540 1584 1614 cardinalis
1627 1541 2141 1637 Neapolitanus
2173 1542 2359 1617 sedit
2392 1545 2463 1617 in
2494 1546 2728 1642 capite
2763 1568 2939 1641 qua-

265 1663 370 1736 dri
403 1688 672 1739 versus
714 1665 936 1739 altare
967 1666 1202 1763 majus
1235 1670 1308 1738 et
1337 1671 1498 1761 post
1529 1688 1698 1738 eum
1737 1666 1855 1737 alii
1896 1666 2214 1763 episcopi
2248 1674 2319 1741 et
2348 1671 2749 1767 presbyteri
2783 1694 2942 1744 car-

265 1790 541 1863 dinales
591 1815 608 1863 z
665 1790 1006 1864 Senensis
1049 1790 1234 1862 sedit
1280 1789 1348 1861 in
1382 1790 1616 1886 capite
1650 1789 1911 1863 banchi
1943 1790 2303 1887 lignorum
2338 1793 2534 1889 juxta
2572 1795 2939 1868 introitum

268 1916 709 2011 predictum,
745 1922 818 1990 et
855 1924 1019 2012 post
1050 1940 1217 1990 eum
1248 1914 1367 1987 alii
1401 1914 1685 1988 diaconi
1723 1917 2159 2007 cardinales3
2196 1918 2437 2013 itaque
2464 1917 2711 2014 junior
2739 1941 2941 2014 pres-

271 2041 470 2136 byter
501 2048 578 2113 et
605 2042 860 2138 junior
889 2040 1292 2115 cardinales
1325 2048 1528 2115 erant
1559 2041 1907 2138 contigui.
1946 2043 2208 2116 Prelati
2240 2043 2581 2118 sederunt
2618 2043 2687 2115 in
2722 2064 2944 2139 oppo-

275 2164 405 2237 sito
464 2166 952 2239 cardinalium
1007 2166 1097 2239 ad
1154 2166 1526 2239 dexteram
1579 2166 1913 2239 intrantis
1970 2167 2242 2240 dictum
2303 2169 2665 2241 tribunum
2722 2168 2943 2243 facies

275 2298 636 2365 vertentes
683 2291 860 2388 ipsis
904 2290 1388 2365 cardinalibus
1431 2293 1507 2363 in
1549 2314 1675 2364 sex
1716 2292 2029 2365 scamnis
2070 2291 2327 2389 ligneis
2372 2301 2445 2367 et
2483 2288 2632 2366 uno'
2658 2301 2941 2366 murato

278 2415 346 2486 in
393 2440 538 2512 quo
604 2415 954 2489 sederunt
1012 2416 1261 2514 prelati
1315 2416 1581 2514 palatii.
1636 2415 1740 2489 llli
1791 2416 1936 2490 duo
1986 2423 2303 2490 oratores
2350 2418 2743 2514 supradicti
2797 2418 2943 2491 sive

281 2563 414 2612 non
455 2542 747 2637 prelati,
797 2542 1137 2616 sederunt
1183 2566 1402 2640 super
1441 2566 1812 2615 scamnum
1858 2549 2221 2616 muratum
2261 2566 2484 2641 prope
2516 2543 2943 2616 memoriam
3042 2574 3051 2587 ·

286 2663 460 2738 hone
493 2667 855 2741 memorie
885 2667 1268 2741 cardinalis
1311 2691 1368 2740 s.
1417 2668 1622 2758 Sixti,
1660 2677 1733 2740 et
1763 2690 2017 2756 omnes
2062 2667 2463 2741 cardinales
2495 2677 2567 2742 et
2609 2669 2751 2740 duo
2783 2694 2945 2742 ora-

291 2798 470 2863 tores
517 2792 736 2889 primi
788 2793 1194 2866 habuerunt
1245 2792 1378 2864 sub
1423 2814 1500 2865 se
1560 2798 1632 2865 et
1682 2791 1817 2864 sub
1860 2791 2165 2888 pedibus
2212 2792 2489 2865 tabulas
2531 2792 2809 2888 ligneas
2854 2816 2946 2866 ne

291 2939 646 2991 marmora
688 2918 792 2991 eis
823 2924 1197 2991 nocerent.
1240 2916 1496 2989 Prelati
1526 2926 1768 2989 autem
1801 2916 2139 2990 sedentes
2180 2917 2251 2988 in
2286 2916 2426 2990 alio
2460 2939 2754 2990 scamno
2784 2941 2946 2991 mu-

293 3046 436 3113 rato
465 3064 616 3115 non
652 3043 1090 3129 habuerunt,
1136 3050 1432 3138 propter
1474 3040 2073 3114 inadvertentiam
2106 3063 2373 3114 meam.
2414 3041 2773 3136 Pulpitum
2815 3064 2947 3137 pro

293 3171 560 3238 oratore
593 3168 910 3263 positum
945 3166 1075 3238 fuit
1107 3165 1294 3265 intra
1324 3167 1685 3238 tribunum
1720 3165 2119 3262 predictum
2151 3165 2242 3239 ad
2272 3165 2642 3239 dexteram
2672 3165 2947 3238 intran-

297 3288 399 3379 tis,
448 3290 546 3363 ita
577 3291 771 3387 quod
804 3298 1050 3365 orator
1080 3296 1276 3364 stans
1318 3291 1391 3363 in
1437 3314 1524 3363 eo
1557 3292 1955 3387 respiceret
1984 3290 2480 3388 principaliter
2510 3314 2757 3363 versus
2789 3314 2949 3365 car-

298 3410 596 3488 dinalem
641 3416 1219 3513 Neapolitanum.
1270 3416 1438 3489 Tele
1483 3416 1687 3511 nigre
1733 3417 1965 3513 posite
2006 3415 2295 3489 fuerunt
2334 3439 2467 3513 per
2510 3422 2739 3490 totum
2771 3439 2949 3512 qua-

297 3534 486 3608 drum
531 3537 775 3611 medie
826 3540 1019 3612 navis
1070 3540 1376 3613 ecclesie
1427 3546 1499 3615 et
1529 3564 1750 3637 super
1795 3551 2105 3637 quatuor
2152 3540 2525 3613 colomnas
2570 3540 2812 3613 altaris
2860 3540 2952 3615 ad

301 3679 534 3735 omnes
570 3664 728 3761 ejus
757 3672 1064 3760 quatuor
1094 3674 1334 3763 partes
1365 3672 1438 3739 et
1469 3666 1738 3739 circum
1769 3667 1967 3740 circa
2005 3667 2361 3763 pulpitum
2392 3666 2736 3755 oratoris3
2773 3689 2950 3762 quas

305 3782 458 3857 telas
491 3787 740 3861 altaris
786 3797 859 3862 et
889 3789 1138 3887 pulpiti
1173 3798 1244 3863 et
1289 3799 1596 3886 quatuor
1626 3789 1940 3863 scabella
1970 3791 2105 3862 sub
2136 3797 2373 3864 castro
2407 3790 2703 3881 doloris,
2750 3788 2953 3863 finita

305 3908 524 4003 missa,
577 3934 712 4008 ego
745 3914 1012 4011 recepi.
1059 3918 1388 3989 Castrum
1422 3916 1689 3988 doloris
1721 3916 2039 4013 positum
2070 3914 2201 3990 suit
2241 3922 2401 4011 post
2434 3915 2630 3988 illam
2668 3937 2951 4013 memo-

309 4033 462 4109 riam
503 4044 922 4111 sanctorum
961 4045 1128 4113 ante
1167 4040 1535 4114 introitum
1577 4040 1778 4113 chori
1813 4039 2151 4137 positam,
2187 4040 2453 4113 serrata
2488 4040 2723 4113 ferrea
2752 4039 2951 4111 clau-

309 4178 464 4249 sam,
517 4186 768 4235 versus
827 4170 1073 4261 portas
1129 4165 1464 4255 ecclesie,
1523 4164 1856 4239 videlicet
1909 4164 2325 4239 immediate
2378 4171 2545 4262 post
2597 4163 2949 4237 tumulum

310 4280 552 4359 ibidem
587 4293 658 4360 et
690 4289 932 4362 medio
966 4289 1153 4363 inter
1183 4312 1393 4363 arcus
1435 4297 1506 4364 et
1535 4313 1783 4364 muros
1811 4291 2281 4387 longitudinis
2312 4290 2713 4387 palmorum
2753 4312 2949 4362 xxxu

312 4406 442 4482 sine
483 4412 862 4505 columniS,
898 4413 1297 4488 latitudinis
1329 4440 1497 4505 xxv,
1534 4416 1888 4490 columnis
1932 4439 2081 4487 non
2120 4416 2582 4513 computatiS,
2618 4422 2690 4489 et
2728 4414 2950 4488 altum

311 4552 420 4622 xv;
467 4537 725 4611 lectica
777 4545 1020 4613 autem
1073 4542 1205 4613 sub
1249 4564 1336 4614 eo
1388 4540 1518 4613 luit
1569 4540 1843 4613 infima.
1901 4540 2223 4614 Debebat
2276 4540 2470 4614 enim
2526 4564 2687 4613 esse
2734 4539 2955 4635 longa

315 4657 548 4747 pedum
580 4688 700 4736 xm
741 4670 812 4737 et
846 4664 991 4738 lata
1022 4689 1096 4737 1x
1134 4690 1148 4738 :
1177 4666 1384 4761 juxta
1427 4672 1739 4738 castrum
1781 4665 2007 4761 posita
2044 4664 2331 4738 fuerunt
2364 4664 2722 4739 intorticia
2752 4687 2953 4736 xxun

316 4777 458 4855 hinc
496 4796 568 4861 et
604 4788 769 4864 inde
814 4798 886 4863 et
932 4790 1075 4864 duo
1126 4814 1343 4887 super
1382 4815 1648 4887 magna
1689 4790 2148 4879 candelabra,
2194 4813 2395 4864 more
2441 4788 2688 4880 solito;
2737 4812 2955 4886 super

321 4902 653 4987 introitum
706 4915 1014 4989 ecclesie
1067 4916 1432 4990 intorticia
1478 4941 1550 4989 ix
1597 4916 1690 4989 ad
1738 4916 2109 4989 dexteram
2158 4916 2531 5003 intrantis;
2584 4938 2811 5011 usque
2864 4916 2953 4988 ad

321 5050 531 5110 arcum
563 5062 907 5137 magnum
938 5041 1303 5114 intorticia
1341 5064 1443 5114 xn
1480 5048 1549 5115 et
1583 5040 1714 5113 sub
1746 5064 1916 5114 arcu
1959 5065 2059 5133 xi,
2096 5041 2187 5114 ad
2218 5042 2578 5115 sinistram
2616 5042 2949 5115 intrantis

323 5175 512 5253 usque
543 5164 630 5236 ad
661 5188 910 5237 arcum
957 5166 1265 5239 similem
1313 5191 1382 5239 νι
1412 5172 1484 5240 et
1515 5166 1646 5239 sub
1677 5189 1848 5239 arcu
1895 5190 2005 5255 x13
2058 5190 2277 5263 super
2318 5167 2691 5240 introitum
2746 5165 2947 5239 chori

323 5298 454 5371 vui,
502 5311 715 5384 super
761 5300 1074 5362 castrum
1117 5290 1384 5363 doloris
1437 5290 1798 5365 intorticia
1833 5315 1933 5373 ix,
1971 5298 2041 5365 et
2086 5292 2387 5365 candele
2432 5316 2535 5364 vn
2588 5289 2698 5364 vel
2731 5289 2948 5369 circa,
