3625 6059
282 561 427 628 [An-11
455 559 599 622 1494]
938 553 1195 614 RERUM
1235 551 1689 613 URBANARUM
1736 531 2265 614 COMMENTARn.
2834 559 2939 618 109

287 723 485 808 sante,
538 737 771 810 usque
825 713 1201 811 Neapolim
1250 711 1609 788 exclusive
1661 735 1753 786 ex
1799 711 1992 784 Urbe
2047 733 2402 808 expensas
2447 709 2589 784 feci
2648 737 2663 785 ε
2719 737 2926 789 rece-

286 865 501 942 peram
528 849 778 915 autem
818 863 907 915 ex
947 838 1238 914 bancho
1278 837 1368 912 de
1406 836 1888 936 Spannochiis
1919 837 1992 908 in
2025 837 2242 928 Urbe,
2279 845 2448 910 ante
2481 859 2726 911 meum
2759 840 2926 916 inde

290 991 657 1055 recessum,
709 991 800 1040 ex
844 964 1361 1040 commissione
1408 963 1715 1037 oratoris
1759 960 1952 1058 regis
1981 961 2289 1058 predicti
2323 961 2624 1034 ducatos
2655 963 2729 1035 in
2760 987 2936 1038 auro

288 1094 498 1190 viginti
549 1092 873 1189 quinque
917 1115 1048 1189 pro
1094 1091 1278 1165 meis
1321 1092 1686 1189 expensis,
1742 1094 1992 1193 vigore
2039 1093 2251 1166 unius
2297 1094 2676 1183 schedule,
2726 1092 2934 1189 cujus

286 1227 465 1294 tenor
494 1217 659 1290 talis
690 1222 803 1290 est
836 1240 852 1288 ε

368 1373 399 1410 «
447 1341 814 1438 Magnifici
846 1341 1096 1416 heredi
1138 1341 1207 1415 d’
1231 1342 1618 1417 Ambrosio
1646 1343 2084 1441 Spanocchi,
2118 1349 2190 1417 et
2215 1345 2602 1442 compagni
2630 1345 2700 1417 di
2729 1350 2930 1419 corte

280 1468 344 1541 di
382 1472 609 1541 Roma
660 1493 677 1540 :
730 1468 799 1542 vi
842 1466 1135 1563 piacera
1171 1491 1437 1565 pagare
1478 1468 1955 1542 incontinenti
1997 1493 2040 1542 a
2077 1473 2310 1542 Mons.
2357 1470 2515 1544 Gio.
2571 1471 2938 1544 Burcardo

276 1598 529 1666 mastro
554 1590 627 1664 di
654 1589 1051 1664 cerimonie
1079 1597 1447 1688 portatore
1475 1591 1546 1666 di
1572 1599 1858 1688 questa,
1891 1615 1934 1666 o
1961 1617 2002 1667 a
2028 1594 2147 1667 chi
2175 1594 2276 1668 lui
2305 1597 2667 1687 ordinarit,
2696 1599 2937 1673 ducati

274 1715 715 1812 venticinque
759 1715 829 1788 d’
878 1737 1009 1789 oro
1063 1714 1135 1787 di
1178 1718 1511 1806 Camera,
1554 1717 1576 1788 i
1618 1717 1813 1813 quali
1855 1740 1933 1790 se
1983 1719 2081 1815 gli
2131 1718 2420 1794 donano
2466 1745 2600 1819 per
2645 1725 2936 1798 servitio

272 1842 439 1918 della
480 1845 767 1916 Maesta
803 1840 921 1914 del
964 1844 1037 1914 S.
1093 1844 1197 1915 Re
1247 1843 1405 1914 Don
1456 1841 1757 1916 Alfonso
1803 1847 1905 1916 Re
1954 1842 2027 1916 di
2079 1844 2322 1917 Sicilia
2365 1869 2379 1916 :
2427 1853 2496 1916 et
2537 1846 2933 1941 piaceravvi

277 1989 692 2065 recuperare
726 1966 821 2039 da
856 1965 952 2038 lui
984 1965 1269 2040 cautela
1310 1966 1500 2040 della
1542 1968 1972 2056 recettione,
2025 1975 2097 2042 et
2137 1969 2257 2041 noi
2287 1969 2658 2044 veniremo
2692 1971 2857 2067 oggi
2891 1996 2934 2045 a

270 2091 447 2166 farne
476 2091 726 2189 quelle
758 2090 1067 2182 cautele,
1105 2091 1243 2165 che
1277 2115 1586 2166 saranno
1620 2093 2029 2167 necessarie
2063 2094 2266 2167 accio
2297 2092 2476 2167 detti
2515 2117 2654 2167 xxv
2693 2094 2932 2168 ducati

268 2217 325 2290 d’
368 2241 489 2291 oro
530 2217 613 2290 di
661 2240 955 2290 camera
984 2216 1189 2289 siano
1230 2217 1471 2314 pagati
1513 2217 1586 2289 in
1628 2218 1882 2314 Napoli
1917 2218 1985 2291 al
2017 2219 2304 2293 bancho
2342 2227 2582 2294 vostro
2623 2221 2935 2295 inconti-

266 2349 462 2416 nente
494 2351 567 2416 et
606 2367 653 2416 a
680 2342 885 2430 sede3
931 2344 986 2414 si
1030 2348 1071 2417 e
1111 2342 1287 2415 satta
1325 2342 1397 2416 la
1433 2351 1775 2440 presente
1807 2367 1940 2440 per
1971 2366 2186 2416 mano
2220 2343 2290 2418 di
2325 2366 2441 2417 me
2483 2344 2930 2418 Bernardino

265 2466 327 2537 di
355 2466 728 2541 Bernardo
761 2473 834 2541 et
866 2467 1200 2540 soscritta
1225 2467 1298 2541 di
1328 2490 1446 2541 me
1481 2467 1683 2564 Luigi
1714 2468 1784 2540 di
1817 2469 2238 2543 Casalnovo.
2271 2473 2525 2560 Rome,
2571 2474 2656 2543 19
2689 2470 2932 2568 aprilis

266 2593 888 2668 CCCCXXXXHII.
1877 2689 1887 2700 ι

353 2747 383 2784 a
435 2718 521 2791 Al
566 2725 815 2792 vostro
848 2717 1164 2815 piacere,
1202 2722 1408 2792 me1
1446 2741 1521 2790 m
1553 2719 2007 2807 CASALNOVO,
2043 2739 2262 2790 manu
2293 2717 2610 2814 propria,
2647 2725 2719 2792 et
2745 2721 2931 2792 BER-

264 2865 565 2918 mnnso
632 2868 706 2917 m
757 2849 1147 2918 BERNAnno
1187 2866 1405 2917 manu
1446 2842 1762 2940 propria.
1817 2872 1850 2909 »

342 2969 467 3044 Die
499 2970 841 3067 predicta
870 2993 1005 3067 ego
1034 2968 1406 3042 Johannes
1434 2967 1892 3040 Burchardus
1923 2965 2292 3063 predictus
2320 2967 2565 3063 recepi
2597 2967 2686 3040 ab
2713 2967 2930 3040 here-

255 3093 451 3169 dibus
489 3105 563 3170 et
614 3096 829 3168 sociis
866 3093 1373 3192 suprascriptis
1413 3092 1742 3165 ducatos,
1788 3114 1951 3164 xxv.
1987 3091 2142 3164 auri
2174 3091 2264 3165 de
2298 3113 2594 3165 camera
2621 3091 2694 3163 in
2721 3115 2924 3182 aure,

254 3223 635 3296 occasione
682 3218 1015 3318 superius
1060 3218 1277 3308 dicta,
1328 3226 1398 3291 et
1442 3217 1517 3289 in
1562 3217 1781 3292 fidem
1811 3216 1950 3290 hos
1979 3239 2199 3289 manu
2230 3215 2522 3314 propria
2561 3215 2816 3314 scripsi
2861 3223 2932 3290 et

252 3343 675 3445 subscripsi,
713 3350 941 3420 Rome
980 3345 1094 3418 die
1132 3343 1484 3442 predicta.

344 3471 540 3546 Idem
586 3479 969 3547 JOHANNES
1030 3474 1514 3544 Boncnannus
1555 3493 1773 3543 manu
1819 3468 2116 3566 propria
2159 3467 2579 3566 subscripsi.

340 3599 567 3694 lgitur
594 3597 903 3694 Neapoli
946 3594 1407 3684 constitutus,
1452 3595 1688 3670 inveni
1720 3593 2289 3667 illustrissimum
2333 3595 2736 3692 principem
2767 3597 2922 3669 Don

252 3721 724 3811 fridericum,
749 3721 1153 3820 principem
1174 3721 1569 3812 Altamure,
1596 3719 1896 3793 fratrem
1918 3718 2362 3793 serenissimi
2387 3721 2577 3816 regis
2601 3721 2930 3818 Neapoli-

253 3845 411 3934 tani,
456 3845 817 3920 comitem
863 3843 1241 3934 Mariliani,
1285 3831 1704 3919 Albericur'n
1744 3845 2051 3931 Carafl'a,
2083 3844 2494 3918 Johannem
2531 3845 2923 3918 Antonium

248 3969 327 4042 de
376 3971 647 4045 Caldro
702 3977 775 4045 et
840 3969 1251 4045 Johannem
1302 3970 1694 4044 Antonium
1751 3969 2030 4044 Carafl'a
2085 3968 2365 4043 nobiles
2413 3970 2926 4066 Neapolitanos

246 4113 363 4187 pro
420 4095 893 4169 ordinatione
957 4094 1447 4168 coronationis
1508 4094 1954 4168 serenissimi
2015 4093 2206 4190 regis
2270 4093 2622 4190 Alphonsi
2684 4094 2923 4169 Sicilie

250 4221 449 4317 τρεῖς,
482 4246 627 4320 per
654 4221 895 4318 ipsum
926 4243 1177 4317 regem
1217 4219 1627 4316 deputat03‚
1667 4219 1739 4290 in
1771 4219 1990 4292 domo
2022 4214 2326 4313 predicti
2363 4219 2517 4290 Don
2547 4219 2918 4309 Friderici‚

246 4350 311 4415 et
340 4347 443 4419 eis
474 4346 914 4421 memoriale
945 4369 1077 4444 per
1110 4325 1228 4418 me
1261 4350 1723 4439 conceptum,
1753 4341 1910 4414 sive
1939 4340 2013 4412 in
2044 4363 2134 4415 eo
2166 4349 2413 4415 notata
2442 4343 2724 4440 singula
2752 4369 2925 4442 pro-

246 4471 437 4562 posui
485 4478 567 4544 ut
616 4469 955 4544 similiter
1000 4468 1302 4566 singulis
1349 4478 1755 4566 opportune
1794 4467 2300 4565 providerent:
2339 4469 2428 4541 ad
2458 4491 2598 4564 que
2643 4470 2924 4566 singula

246 4613 483 4668 eorum
514 4594 1045 4694 responsiones
1075 4595 1411 4667 annotavi
1443 4600 1652 4690 prout
1686 4617 1775 4666 ex
1806 4593 1962 4688 ipso
1999 4592 2432 4683 memoriali,
2470 4593 2678 4689 cujus
2709 4603 2920 4669 tenor

242 4719 385 4793 talis
416 4729 563 4813 est,
598 4743 697 4796 ac
728 4743 981 4795 eorum
1012 4719 1603 4816 responsionibus
1634 4717 1899 4792 clarius
1929 4723 2154 4812 patet.

328 4851 429 4922 De
460 4845 1001 4923 convocatione
1034 4844 1474 4944 prelatorum
1504 4850 1577 4916 et
1608 4839 1964 4915 baronum
1999 4838 2226 4936 regni.

328 4972 753 5073 Responsio
790 4997 807 5044 :
846 4978 1013 5046 sunt
1041 4970 1301 5045 vocati.

328 5103 431 5174 De
462 5099 741 5174 ordine
770 5096 1169 5195 recipiendi
1198 5096 1549 5194 legatum.

331 5223 760 5322 Responsio
799 5245 816 5294 :
854 5221 1045 5317 quod
1076 5244 1165 5296 eo
1199 5220 1479 5310 ordine,
1513 5227 1727 5316 prout
1760 5239 1898 5313 ego
1932 5216 2342 5290 ordinarem
2377 5219 2789 5317 recipiatur.
