3625 6059
280 529 599 594 [Decembre
625 529 765 590 ¹497]
944 525 1199 584 RERUM
1246 526 1703 586 URBANARUM
1752 527 2276 589 COMMENTARH.
2842 541 2941 600 421

284 681 533 758 adesse
578 679 1143 755 illustrissimum
1182 680 1439 756 ducem
1473 681 1988 774 Stetinensem‚
2025 683 2430 781 principem
2461 691 2945 783 prestantissi-

284 827 503 894 mum,
542 804 915 878 dominum
957 805 1261 880 civitatis
1303 805 1833 880 Camerinensis
1865 814 1936 882 et
1965 808 2306 884 territorii
2347 812 2437 885 ad
2475 835 2565 886 xr.
2609 813 2944 890 milliaria

284 931 369 1005 de
422 929 691 1004 nostris
749 929 843 1004 ad
898 929 1425 1028 longitudinem
1484 931 1705 1006 etiam
1752 957 1892 1004 xxx
1945 938 2018 1008 et
2067 933 2249 1008 ultra
2305 935 2398 1009 ad
2452 936 2932 1032 latitudinem,

281 1054 647 1132 annuatim
692 1060 986 1128 centum
1030 1054 1254 1129 millia
1297 1056 1724 1132 ducatorum
1768 1056 1880 1131 vel
1917 1057 2113 1131 circa
2152 1057 2222 1130 in
2273 1058 2622 1134 reditibus
2666 1060 2939 1140 haben-

280 1189 444 1271 tem,
472 1203 561 1256 ex
590 1180 1021 1279 primatibus
1050 1180 1492 1278 principibus
1520 1179 1896 1256 Alemanie
1921 1189 2085 1278 post
2115 1180 2472 1258 electores
2500 1185 2934 1264 existentem

278 1307 392 1402 qui
436 1306 509 1379 in
558 1310 885 1380 Romano
931 1306 1249 1402 Imperio
1291 1304 1533 1379 locum
1578 1305 1884 1380 haberet
1927 1306 2344 1382 immediate
2388 1317 2549 1406 post
2595 1313 2934 1388 archidu-

283 1455 431 1505 cem
461 1431 753 1506 Austrie
784 1457 802 1522 ;
837 1430 954 1505 cui
986 1437 1180 1507 esset
1206 1430 1410 1505 locus
1441 1431 1876 1506 conveniens
1907 1432 1980 1506 in
2013 1431 2289 1529 capella
2319 1435 2796 1532 assignandus
2829 1447 2926 1531 et,

278 1582 435 1634 meo
456 1547 765 1656 judicio,
802 1558 875 1631 in
917 1559 1151 1633 banco
1194 1559 1664 1634 diaconorum
1706 1555 2178 1632 cardinalium
2218 1562 2382 1653 post
2413 1558 2744 1634 ultimum
2777 1562 2929 1637 dia-

278 1708 531 1760 conum
562 1685 1039 1776 cardinalem,
1071 1707 1289 1782 super
1318 1706 1462 1783 quo
1492 1684 1910 1782 dignaretur
1941 1682 2298 1757 Sanctitas
2331 1707 2460 1757 sua
2491 1686 2684 1781 quod
2714 1688 2928 1766 vellet

280 1811 425 1884 fieri
450 1816 771 1885 statuere
796 1836 811 1902 ;
842 1810 917 1884 in
942 1833 1083 1908 quo
1111 1805 1470 1886 Sanctitas
1502 1833 1633 1884 sua
1657 1807 1976 1884 decrevit
2005 1807 2094 1883 de
2124 1808 2426 1884 consilio
2455 1810 2928 1889 cardinalium

281 1936 507 2009 locum
542 1936 1112 2034 suprascriptum
1151 1936 1481 2033 predicto
1520 1934 1713 2025 duci,
1756 1936 2088 2012 videlicet
2129 1945 2294 2035 post
2325 1939 2658 2013 ultimum
2690 1941 2929 2014 diaco-

281 2085 440 2134 num
470 2060 943 2152 cardinalem,
981 2069 1053 2136 et
1084 2061 1219 2134 sibi
1250 2061 1432 2137 tradi
1473 2083 1726 2135 ensem
1763 2061 1840 2135 in
1874 2061 1990 2135 die
2031 2062 2416 2138 nativitatis
2457 2065 2716 2141 Christi
2759 2090 2926 2142 cum

284 2185 542 2284 capello
574 2210 740 2261 suo.

370 2313 785 2388 Translatus
832 2312 967 2386 fuit
1024 2311 1406 2409 episcopus
1462 2311 1836 2408 Agriensis
1885 2312 1976 2386 ad
2029 2312 2416 2387 ecclesiam
2470 2316 2922 2412 Strigonien-

285 2462 421 2512 sem
460 2462 591 2536 per
634 2461 927 2512 cessum
973 2437 1157 2511 Rmi.
1191 2440 1279 2511 D.
1316 2436 1696 2511 cardinalis
1742 2437 2064 2512 Estensis
2108 2442 2400 2535 pastore
2441 2447 2811 2514 carentem
2853 2449 2925 2519 et

286 2564 573 2638 ecclesia
626 2562 1059 2660 Agrientina
1106 2566 1313 2636 Rm0.
1367 2566 1452 2636 D.
1508 2562 1854 2636 cardinali
1901 2563 2183 2635 Estensi
2229 2563 2786 2640 commendata:
2833 2567 2925 2642 ad

284 2689 639 2764 ecclesiam
669 2696 913 2763 autem
939 2693 1410 2762 Parmensem
1441 2709 1571 2784 per
1608 2686 1882 2762 obitum
1921 2687 2112 2763 bone
2143 2688 2496 2763 memorie
2538 2690 2920 2766 cardinalis

286 2817 671 2890 Parmensis
721 2814 1029 2912 pastoris
1078 2813 1333 2887 solatio
1387 2812 1804 2887 destitutam
1855 2816 1942 2887 D.
1991 2813 2442 2910 Stephanum
2486 2814 2914 2906 Tabernam‚

286 2947 618 3016 oratorem
648 2940 859 3016 ducis
884 2938 1445 3014 Mediolanensis
1474 2939 1593 3035 qui
1627 2959 1853 3035 usque
1889 2938 1963 3011 in
1995 2938 2189 3012 illam
2229 2938 2486 3012 horam
2519 2939 2816 3014 incessit
2845 2943 2920 3015 in

286 3063 505 3138 habitu
544 3063 788 3138 laicali
833 3068 907 3137 et
953 3063 1200 3160 paucis
1248 3061 1503 3137 diebus
1550 3069 1763 3138 antea
1810 3063 1903 3137 ad
1944 3063 2253 3162 primam
2305 3071 2676 3138 tonsuram
2722 3065 2918 3139 ordi-

288 3191 468 3262 natus
503 3214 519 3262 ε
557 3190 697 3264 fuit
722 3211 1009 3286 quoque
1042 3189 1113 3262 in
1145 3189 1405 3264 eodem
1450 3187 1882 3262 consistorio
1923 3212 2006 3262 os
2045 3189 2367 3262 clausum
2400 3187 2725 3286 predicto
2757 3213 2918 3266 car-

288 3311 475 3388 dinali
513 3313 799 3389 Estensi
844 3320 943 3404 et,
987 3314 1061 3387 in
1105 3314 1250 3387 fine
1296 3314 1625 3411 ejusdem
1670 3312 2106 3401 consistorii,
2152 3312 2328 3386 illud
2373 3313 2508 3386 sibi
2553 3320 2909 3410 apertum.

289 3441 395 3512 SS.
429 3442 509 3514 D.
534 3445 789 3515 noster
816 3462 933 3513 me
964 3439 1057 3513 ad
1085 3444 1363 3536 partem
1394 3438 1860 3535 interrogavit
1887 3437 2062 3534 quid
2083 3439 2315 3536 magis
2339 3437 2472 3511 sibi
2501 3441 2917 3515 conveniret

290 3567 350 3636 et
372 3563 855 3640 honorabilius
886 3570 1079 3640 esset
1110 3565 1349 3639 venire
1390 3563 1483 3638 ad
1520 3562 1908 3639 matutinas
1953 3563 2187 3638 noctis
2227 3563 2483 3636 natalis
2523 3565 2810 3638 Domini
2844 3571 2916 3640 et

288 3685 819 3763 illustrissimum
866 3694 950 3763 D.
995 3690 1255 3763 ducem
1304 3688 1789 3762 Stetinensem
1829 3688 2221 3764 lectionem
2260 3689 2503 3762 dicere
2555 3697 2626 3763 et
2674 3690 2912 3786 ipsum

290 3833 409 3883 non
436 3811 796 3888 celebrare
829 3814 1123 3888 missam
1150 3815 1531 3911 majorem,
1563 3812 1669 3886 vel
1704 3836 1846 3886 non
1879 3815 2265 3888 convenire
2299 3814 2390 3887 ad
2419 3797 2808 3888 matutinas
2840 3822 2912 3889 et

292 3935 648 4014 celebrare.
689 3938 1054 4037 Respondi
1096 3938 1468 4013 Sanctitati
1513 3962 1641 4011 sue
1684 3913 1901 4035 longe
1940 3937 2369 4012 laudabilius
2415 3961 2575 4012 esse
2615 3961 2760 4011 non
2793 3961 2912 4010 ve-

292 4059 422 4132 nire
450 4063 535 4136 ad
561 4063 953 4138 matutinas
984 4071 1055 4138 et
1094 4063 1461 4138 celebrare
1499 4063 1794 4138 missam
1827 4063 2182 4160 majorem
2212 4087 2228 4152 ;
2261 4047 2580 4136 decrevit
2615 4069 2912 4159 propte-

297 4207 397 4258 rea
418 4186 511 4262 sic
535 4189 802 4266 facere.

374 4312 564 4390 Feria
591 4322 819 4408 sexta,
850 4319 943 4388 22
980 4313 1147 4388 dicti
1187 4313 1458 4387 mensis
1489 4312 1922 4402 decembris,
1959 4313 2142 4386 hora
2168 4311 2516 4409 vigesima
2545 4309 2650 4386 vel
2684 4311 2904 4402 circa,
2995 4331 3016 4352 ‘⁴

298 4437 364 4504 R.
398 4440 469 4510 P.
510 4443 593 4514 D.
634 4441 1043 4537 Stephanus
1084 4439 1437 4529 Taberna,
1475 4439 1750 4514 electus
1791 4437 2202 4514 Parmensis
2248 4437 2517 4534 incepit
2563 4436 2913 4510 visitatio-

300 4581 439 4634 nem
466 4566 647 4662 Pape
680 4571 751 4640 et
781 4564 1257 4640 cardinalium
1296 4590 1312 4638 ε
1351 4564 1693 4661 equitavit
1722 4564 1796 4636 in
1829 4587 2058 4661 cappa
2084 4562 2404 4638 violacea
2434 4584 2564 4634 sua
2592 4561 2906 4658 propria,

300 4705 479 4777 quam
508 4689 637 4764 sibi
670 4691 827 4766 fieri
858 4691 1054 4782 fecit,
1092 4691 1167 4763 in
1192 4690 1389 4764 mula
1419 4688 1604 4762 Rmi.
1642 4692 1729 4763 D.
1767 4688 2153 4763 cardinalis
2190 4684 2476 4760 Ascanii
2516 4710 2531 4758 ε
2569 4684 2911 4781 equitavit

300 4810 537 4885 medius
566 4813 749 4888 inter
781 4819 867 4889 D.
904 4815 1296 4890 Henricum
1336 4816 1595 4890 ducem
1637 4813 2287 4891 Brunswicensem,
2323 4815 2688 4885 oratorem
2721 4810 2911 4906 regis

305 4933 747 5014 Romanorum
786 4965 829 5015 a
858 4942 1125 5016 dextris
1152 4947 1223 5014 et
1262 4944 1347 5015 D.
1385 4941 1715 5015 Garciam
1750 4943 1999 5029 Lasso,
2036 4944 2400 5010 oratorem
2433 4933 2622 5030 regis
2655 4934 2914 5029 Hispa-

306 5055 545 5134 niarum
581 5086 624 5138 a
663 5065 989 5140 sinistris.
1028 5070 1199 5140 Post
1242 5087 1369 5140 eos
1410 5064 1753 5162 equitavit
1785 5068 1870 5136 D.
1911 5061 2370 5150 Philihertus,
2407 5058 2623 5134 etiam
2668 5063 2915 5130 orator

312 5177 751 5262 Romanorum
782 5191 973 5287 regis
1003 5199 1075 5264 et
1107 5194 1193 5265 D.
1232 5190 1711 5286 Hieronymus
1744 5188 2191 5286 SperandeO,
2227 5192 2472 5258 orator
2507 5181 2698 5278 regis
2734 5184 2914 5254 Nea-
