3625 6059
677 547 784 601 674,
1793 541 2221 599 APPENDICE.

656 700 924 780 Jestatis
949 700 1141 762 nobis
1173 704 1236 762 et
1269 700 1386 761 toti
1405 700 1756 762 christiane
1774 698 2131 779 reipublice
2152 700 2345 778 quasi
2364 698 2701 780 quoddam
2720 700 2929 781 sydus
2954 702 3043 765 ad
3062 702 3342 782 expedi·

663 798 912 861 tionem
931 798 1100 860 hanc
1131 797 1606 876 capessendam
1644 797 1980 872 effulserit,
2004 796 2487 876 persuademus
2518 799 2709 863 nobis
2736 800 2861 862 hoc
2886 805 3192 881 tempore
3212 819 3334 867 sue

668 898 1028 978 Majestatis
1046 914 1170 977 ope
1191 901 1257 960 et
1276 896 1518 960 auxilio
1539 898 1749 977 ipsam
1771 896 2047 958 feliciter
2060 912 2135 959 ac
2151 902 2522 976 opportune
2543 897 2818 979 aggredi
2834 915 3058 977 posse.
3082 902 3345 965 Preser·

672 996 790 1057 tim
805 1013 956 1058 cum
977 996 1428 1058 existimemus
1457 994 1709 1057 ltaliam
1733 994 1802 1055 in
1824 1010 1985 1073 pace
2002 1010 2079 1056 ac
2098 993 2445 1057 concordia
2468 992 2778 1071 futuram,
2804 1000 2870 1058 et
2898 998 2955 1059 si
2984 996 3152 1076 quid
3184 1014 3341 1060 con-

669 1095 988 1158 troversie
1006 1094 1220 1157 adhuc
1240 1093 1546 1168 exstabit,
1572 1108 1917 1172 speramus
1933 1092 1999 1154 id
2016 1090 2073 1152 fa
2083 1090 2201 1154 0110
2224 1107 2347 1153 1105
2368 1093 2871 1172 composituros,
2898 1098 2963 1155 et
2981 1100 3341 1173 propterea

672 1191 967 1254 omnium
997 1195 1460 1271 potentatuum
1490 1190 1669 1253 Italie
1689 1190 1862 1253 vires
1884 1190 2077 1253 nobis
2097 1189 2164 1252 in
2179 1189 2301 1253 hac
2322 1189 2737 1268 expeditione
2753 1192 3101 1255 affuturas.
3126 1193 3347 1255 Faciet

675 1306 796 1352 sua
821 1290 1133 1370 Majestas
1162 1290 1230 1353 in
1261 1290 1384 1352 hoc
1406 1305 1546 1352 rem
1576 1292 1758 1351 tanto
1783 1304 1943 1368 rege
1973 1287 2265 1369 dignam,
2296 1288 2864 1367 plurimorumque
2894 1302 3177 1349 suorum
3207 1303 3345 1349 ma·

663 1387 892 1468 jorum
916 1388 1124 1451 Gallie
1155 1405 1390 1469 regum
1419 1386 1698 1467 vestigia
1735 1386 2118 1462 imitabitur,
2151 1387 2265 1466 qui
2297 1386 2367 1449 in
2410 1385 2607 1448 simili
2647 1382 3071 1464 expeditione
3106 1400 3346 1448 omnes

675 1504 882 1569 prope
899 1488 1091 1569 regni
1122 1488 1226 1552 sui
1257 1504 1420 1568 opes
1448 1488 1620 1551 ultro
1650 1486 2057 1562 obtulerunt,
2084 1502 2161 1549 ac
2180 1488 2513 1549 Romanos
2533 1481 2877 1564 pontifices
2900 1498 3061 1561 sepe
3082 1500 3123 1545 a
3142 1499 3347 1547 vexa-

673 1586 966 1649 tionibus
995 1592 1061 1650 et
1091 1586 1640 1667 oppressionibus
1660 1588 2119 1664 protexerunt3
2144 1584 2493 1664 plerasque
2514 1586 2579 1645 et
2601 1581 2885 1645 Ecclesie
2906 1584 3121 1642 terras
3142 1596 3183 1641 a
3204 1595 3349 1659 perh

673 1679 960 1745 fidorum
999 1684 1292 1746 hostium
1315 1682 1626 1745 manibus
1661 1683 1983 1762 eripuere.
2010 1685 2253 1747 Verum
2288 1680 2644 1761 prospiciat
2682 1684 2927 1759 quanta
2956 1679 3042 1740 sit
3072 1675 3249 1740 fides
3276 1677 3347 1739 in

672 1779 1057 1861 hujusmodi
1102 1780 1454 1863 regnicolis
1494 1779 1902 1857 collocanda;
1934 1781 2115 1860 quod
2154 1785 2220 1843 et
2258 1780 2449 1843 multi
2492 1779 2599 1841 alii
2640 1794 2833 1858 reges
2865 1781 3022 1839 sunt
3062 1775 3345 1857 experti,

672 1895 891 1958 neque
919 1884 1142 1943 tamen
1172 1879 1301 1943 sibi
1327 1878 1724 1961 persuadeat
1751 1896 1835 1942 ex
1857 1879 2045 1960 regni
2077 1880 2253 1943 illius
2273 1878 2537 1942 victoria
2562 1877 2828 1957 quando
2860 1893 2935 1940 ea
2960 1876 3161 1955 potiri
3188 1891 3345 1938 con-

671 1978 908 2057 tingat,
935 1981 1195 2041 tantum
1225 1978 1352 2041 sibi
1381 1978 1591 2058 glorie
1619 1993 2041 2041 accessurum
2072 1982 2399 2057 quantum
2430 1994 2511 2039 ex
2529 1976 2653 2039 hac
2672 1976 3095 2055 expeditione
3114 1979 3345 2037 contra

667 2077 1025 2138 Turcarum
1075 2075 1540 2156 imperatorem
1571 2092 1690 2155 pro
1720 2075 1877 2139 fidei
1906 2075 2293 2139 defensione
2330 2074 2654 2155 MaJestati
2698 2090 2817 2137 sue
2857 2088 3129 2152 sperare
3166 2072 3342 2149 licet,

669 2188 800 2251 que
842 2173 1072 2254 procul
1123 2174 1323 2237 dubio
1369 2190 1523 2237 eum
1568 2174 2007 2238 immortalem
2050 2174 2303 2247 reddet,
2354 2175 2579 2235 Sumat
2626 2188 2788 2251 ergo
2842 2170 3171 2234 celsitudo
3222 2186 3343 2232 sua

669 2289 820 2335 cum
858 2272 978 2336 Dei
1022 2272 1480 2337 benedictione
1507 2290 1717 2349 arma,
1761 2279 1827 2337 et
1874 2279 2137 2338 scutum
2166 2273 2331 2337 etin
2374 2270 2531 2334 fidei
2578 2270 2893 2333 catholice
2930 2269 3343 2350 adjutorium

667 2371 946 2452 vestigia
1004 2372 1550 2451 predecessorum
1611 2388 1884 2435 suorum
1940 2370 2261 2435 imitando
2312 2375 2644 2449 expergat,
2695 2384 3103 2446 causamque
3150 2365 3343 2447 regni

673 2470 883 2532 Sicilie
899 2470 1159 2550 Justitie
1190 2470 1518 2552 subjiciat,
1554 2470 1610 2533 si
1630 2471 1746 2553 jus
1776 2470 2051 2550 aliquod
2078 2471 2148 2533 in
2177 2487 2255 2535 eo
2287 2472 2617 2552 Majestati
2644 2486 2767 2533 sue
2796 2470 3143 2548 competit;
3176 2466 3347 2529 sicut

672 2568 869 2630 etiam
918 2568 1148 2631 Carolo
1195 2567 1338 2648 regi
1383 2568 1774 2643 obtulimus,
1811 2568 1904 2631 ita
1944 2568 2158 2631 eidem
2204 2586 2329 2633 nos
2372 2569 2606 2632 libenti
2650 2568 2873 2632 animo
2908 2564 3345 2631 administra-

668 2683 852 2741 turos
873 2668 1202 2748 justitiam
1235 2665 1594 2743 offerimuS,
1629 2682 1758 2745 que
1794 2682 1965 2747 equa
1996 2666 2184 2730 lance
2214 2667 2344 2731 sibi
2371 2684 2491 2747 per
2518 2683 2643 2731 nos
2668 2664 3247 2731 administrabitur
3276 2665 3341 2725 et

669 2764 755 2829 ad
783 2782 986 2847 quam
1012 2765 1541 2847 amplectandam
1572 2766 1728 2828 totis
1759 2765 2011 2828 viribus
2042 2766 2385 2829 hortamur
2413 2767 2825 2847 MaJestatem
2859 2781 3074 2827 suam.

753 2887 787 2921 «
831 2865 1004 2930 Side
1034 2865 1276 2929 ducatu
1303 2863 1778 2927 Mediolanensi
1807 2863 2059 2942 aliquid
2089 2880 2210 2927 sua
2250 2863 2562 2944 Majestas
2602 2864 2671 2925 in
2710 2862 3007 2925 medium
3042 2861 3337 2938 adducit,

669 2963 1154 3043 respondebitis
1182 2980 1308 3027 nos
1338 2977 1600 3026 omnem
1637 2978 1982 3025 accessum
2014 2962 2353 3043 dignitatis
2396 2965 2461 3025 et
2496 2961 2713 3042 glorie
2751 2979 2871 3026 5110
2909 2962 3342 3024 vehementer

667 3065 735 3125 et
783 3078 918 3125 non
955 3064 1178 3126 minus
1213 3078 1414 3142 quam
1452 3064 1758 3123 nostrum
1801 3064 1867 3123 et
1907 3076 2181 3123 romane
2224 3060 2508 3123 Ecclesie
2556 3064 2814 3138 optare3
2856 3075 3087 3121 verum
3138 3059 3339 3121 etiam

669 3158 1150 3225 animadvertat
1189 3160 1368 3241 quod
1417 3175 1568 3221 cum
1615 3158 2075 3239 progenitores
2120 3157 2225 3220 sui
2263 3158 2777 3221 Aurelianenses
2822 3156 3021 3219 duces
3070 3158 3335 3235 etipse,

667 3256 1148 3338 quinquaginta
1193 3258 1384 3321 annis
1420 3257 1565 3337 ,iam
1588 3256 1834 3335 elapsis
1860 3256 1965 3319 vel
2002 3257 2198 3333 circa,
2229 3272 2349 3335 per
2384 3259 2654 3336 gentem
2693 3254 3097 3318 Sfortiadum
3133 3255 3340 3317 duca-

665 3359 809 3416 tum
838 3356 1165 3435 possideri
1195 3358 1376 3436 passi
1407 3359 1585 3431 sunt,
1617 3354 1731 3434 qui
1753 3354 1950 3417 etiam
1970 3354 2055 3417 ab
2086 3354 2485 3434 imperatore
2518 3354 2599 3417 de
2628 3353 2801 3417 dicto
2834 3353 3081 3417 ducatu
3112 3352 3339 3417 inves-

665 3454 821 3516 titos
849 3453 1202 3531 affirmant,
1231 3460 1294 3518 et
1323 3472 1439 3536 pro
1467 3455 1746 3518 ducibus
1778 3453 2081 3535 ejusdem
2105 3452 2385 3515 ducatus
2426 3452 2741 3533 precipue
2778 3458 2844 3515 et
2870 3452 3125 3533 ubique
3154 3452 3337 3532 apud

666 3552 1247 3617 christianissimos
1275 3570 1468 3635 reges
1495 3554 1762 3617 Francie
1801 3551 2009 3614 habiti
2040 3554 2219 3623 sunt,
2252 3551 2752 3614 convenientius
2782 3556 2848 3613 et
2874 3550 3109 3615 utilius
3134 3550 3336 3613 chris-

668 3648 844 3712 tiane
868 3649 1224 3727 reipublice
1255 3654 1320 3712 et
1347 3649 1473 3731 Maj
1481 3649 1709 3713 estatis
1742 3666 1862 3712 sue
1886 3648 2120 3711 honori
2147 3650 2619 3729 congruentius
2654 3666 2804 3712 esse
2824 3648 3158 3729 judicabit
3184 3665 3337 3712 eum

668 3746 918 3810 diutina
948 3748 1264 3827 patientia
1294 3764 1413 3829 per
1441 3764 1513 3810 se
1551 3752 1617 3811 et
1649 3765 1768 3828 per
1802 3763 1965 3810 suos
1998 3748 2316 3810 hactenus
2365 3747 2586 3811 habita
2616 3746 2885 3827 pacifice
2932 3748 3337 3826 pertransire

670 3861 869 3923 quam
907 3847 1295 3911 nutantibus
1330 3848 1452 3909 hoc
1488 3833 1786 3926 tempore
1824 3844 1981 3908 fidei
2020 3850 2085 3908 et
2124 3845 2437 3909 catholice
2475 3846 2813 3927 religionis
2852 3844 3335 3921 fundamentiS‚

668 3948 898 4025 utpote
934 3945 1136 4027 longo
1173 3948 1532 4009 Turcarum
1562 3945 1738 4008 bello
1773 3948 1841 4007 et
1876 3944 2163 4007 maxima
2202 3945 2496 4022 potentia
2521 3946 2877 4024 quassatiS,
2908 3944 3337 4007 contentione

669 4060 847 4108 nunc
871 4044 954 4109 de
987 4044 1155 4108 dicto
1185 4044 1428 4107 ducatu
1452 4042 1933 4124 quinquaginta
1955 4043 2145 4105 annis
2168 4043 2410 4121 elapsis
2441 4059 2576 4106 non
2602 4048 2806 4119 mota,
2832 4048 2898 4106 et
2926 4060 3103 4107 nova
3135 4042 3336 4106 bello-

669 4159 819 4205 rum
857 4142 1152 4207 fomenta
1188 4143 1492 4207 excitare.
1525 4143 1658 4206 Nos
1705 4146 1879 4206 certe
1927 4140 2320 4204 confidimus
2367 4141 2678 4204 dilectum
2722 4142 2937 4205 filium
2980 4141 3338 4205 Mediolani

671 4240 904 4304 ducem
933 4242 1346 4323 Majestatem
1385 4258 1576 4304 suam
1610 4241 1791 4303 omni
1830 4239 2251 4303 observantia
2282 4243 2348 4303 et
2373 4242 2740 4305 reverentia
2768 4244 3339 4320 prosequuturum

666 4356 746 4402 ac
775 4339 1083 4403 omnibus
1121 4340 1190 4402 in
1215 4341 1418 4403 rebus
1456 4340 1617 4403 boni
1647 4336 1868 4403 affinis
1904 4342 1971 4401 et
2008 4336 2128 4400 filii
2154 4354 2275 4401 sue
2309 4336 2731 4403 celsitudinis
2764 4338 2976 4403 officia
3008 4338 3069 4401 ei
3094 4340 3339 4417 presti-

669 4442 895 4501 turum
930 4456 1007 4501 ac
1045 4437 1254 4519 regali
1287 4454 1526 4502 corone
1575 4454 1696 4500 sue
1737 4436 2155 4499 devotionem
2193 4442 2259 4499 et
2295 4439 2732 4501 reverentiam
2762 4455 2963 4517 quam
2994 4444 3336 4517 exposcet,

670 4552 804 4599 11011
843 4537 1066 4599 111111115
1099 4553 1300 4616 quam
1337 4536 1840 4616 predecessores
1878 4535 1983 4598 sui
2012 4536 2081 4597 in
2119 4534 2361 4598 ducatu
2398 4535 2865 4613 exhibiturum,
2908 4539 2973 4599 et
3015 4538 3337 4616 quoniam

669 4652 900 4713 pacem
927 4640 995 4698 et
1022 4634 1315 4716 quietem
1352 4634 1790 4699 universalem
1828 4633 2184 4713 reipublice
2220 4634 2570 4699 christiane
2604 4636 2690 4699 ob
2721 4652 2995 4699 causam
3028 4636 3333 4716 aliquam

669 4737 734 4796 et
763 4734 1071 4814 precipue
1103 4734 1305 4815 hujus
1331 4734 1608 4797 ducatus
1637 4733 1889 4796 turbari
1926 4732 2122 4795 nobis
2160 4731 2521 4796 admodum
2554 4734 2911 4797 molestum
2948 4738 3153 4811 esset,
3189 4751 3330 4797 om-

664 4848 819 4895 nem
849 4848 1116 4911 operam
1134 4837 1430 4895 nostram
1458 4833 1547 4895 ad
1573 4830 2117 4911 compositionem
2147 4836 2213 4894 et
2232 4850 2461 4911 pacem
2492 4833 2667 4896 inter
2691 4834 3109 4915 Majestatem
3130 4849 3331 4896 suam

657 4935 726 4993 et
750 4931 1075 5011 prefatum
1100 4930 1337 4996 ducem
1367 4932 1722 5008 offerimuS,
1749 4931 1806 4992 si
1839 4930 2000 5010 quid
2029 4932 2097 4993 in
2122 4948 2197 4994 ea
2231 4949 2302 4995 re
2332 4930 2591 4995 efficere
2624 4932 3007 5011 poterimus·
3042 4932 3241 5008 Quod
3273 4932 3333 4993 si

662 5030 976 5109 Majestas
1014 5045 1136 5094 sua
1178 5030 1632 5111 respuendum
1673 5032 1796 5093 hoc
1834 5034 2134 5093 nostrum
2174 5032 2524 5094 consilium
2562 5030 2895 5093 censuerit
2926 5034 2994 5091 et
3029 5030 3333 5093 adiuva-

661 5126 954 5190 dendum
1009 5127 1258 5192 dictum
1308 5130 1620 5193 ducatum
1674 5128 1973 5193 animum
2017 5129 2383 5205 induxerit,
2428 5130 2785 5210 diligenter
2832 5128 3329 5193 animadvertat

657 5226 841 5306 quod
885 5227 1156 5291 urbium
1199 5228 1468 5307 excidia,
1516 5229 1912 5309 populorum
1958 5226 2199 5304 cladeS‚
2248 5229 2625 5292 animarum
2674 5226 3086 5307 perditiones
3135 5232 3323 5293 tanta
