3625 6059
220 530 544 590 [Decembre
571 530 712 591 ¹499]
885 528 1138 586 RERUM
1189 529 1646 588 URBANARUM
1693 530 2217 589 COMMENTARII.
2787 540 2889 596 591

223 677 618 776 professor,
659 679 879 753 etiam
917 679 994 754 in
1034 679 1403 778 theologia
1447 681 1821 779 magister,
1859 681 2183 757 Andreas
2224 681 2545 782 Ondorp,
2590 686 2890 760 canoni—

223 825 359 876 cus
390 804 881 896 Leodicensis,
919 803 1377 880 decretorum
1407 806 1663 881 doctor
1689 812 1905 903 atque
1938 807 2153 882 etiam
2183 808 2252 880 in
2286 808 2558 883 artibus
2590 817 2665 883 et
2688 809 2893 885 theo-

220 927 422 1026 logia
467 929 838 1026 magister,
885 931 1329 1028 Augustinus
1374 932 1464 1008 de
1514 932 1825 1007 Castello
1884 934 2213 1032 ejusdem
2270 935 2541 1010 ordinis
2596 937 2894 1010 fratrum

220 1055 749 1130 heremitarum
783 1083 840 1130 S.
879 1058 1288 1155 Augustini,
1320 1060 1714 1157 professor,
1751 1059 1971 1134 etiam
2011 1061 2083 1134 in
2113 1060 2484 1158 theologia
2516 1061 2889 1164 magister,

221 1181 602 1281 Philippus
634 1185 722 1258 de
769 1184 1116 1283 Brodrog,
1155 1185 1704 1260 archidiaconus
1742 1186 2052 1261 ecclesie
2094 1185 2639 1283 strigoniensis,
2677 1186 2895 1260 etiam

215 1305 688 1381 decretorum
729 1308 982 1384 doctor
1011 1318 1082 1384 et
1129 1309 1202 1382 in
1241 1309 1516 1384 artibus
1560 1310 1929 1408 magister,
1968 1311 2365 1386 Stanislaus
2406 1310 2603 1408 Selig
2635 1313 2897 1386 Craco-

215 1431 522 1523 viensiS,
558 1433 890 1508 similiter
922 1434 1384 1510 decretorum
1417 1435 1714 1524 doctor;
1751 1460 2007 1511 omnes
2037 1439 2111 1511 in
2156 1437 2345 1512 dicta
2384 1436 2681 1511 basilica
2707 1435 2898 1534 prin—

217 1555 407 1654 cipis
434 1559 928 1656 apostolorum
953 1560 1470 1658 penitentiarii.

325 1683 516 1758 Nulli
548 1708 724 1783 ergo
765 1686 1061 1760 omnino
1097 1687 1478 1762 hominum
1515 1686 1734 1762 liceat
1771 1689 1960 1764 hanc
1998 1688 2339 1786 paginam
2370 1687 2887 1777 concessionis,

215 1807 704 1900 inhibitionis,
739 1811 1130 1904 interdicti,
1165 1813 1669 1888 declarationis
1709 1819 1784 1887 et
1825 1814 2208 1889 voluntatis
2246 1814 2639 1912 infringere
2674 1816 2785 1891 vel
2828 1815 2893 1889 ei

214 1959 404 2010 ausu
436 1937 822 2011 temerario
855 1938 1262 2030 contraire3
1298 1940 1355 2012 si
1401 1939 1561 2036 quis
1600 1947 1843 2015 autem
1882 1939 2025 2014 hoc
2064 1945 2490 2038 attemptare
2521 1963 2894 2038 presump-

216 2060 431 2150 serit,
465 2059 1038 2159 indignationem
1085 2065 1603 2164 omnipotentis
1637 2065 1769 2138 Dei
1807 2089 1893 2140 ac
1935 2065 2314 2141 beatorum
2354 2066 2545 2139 Petri
2578 2070 2649 2139 et
2690 2063 2891 2139 Pauli

215 2186 720 2284 apostolorum
792 2191 950 2288 ejus
974 2248 990 2281 ,
1045 2213 1123 2265 se
1195 2189 1474 2266 noverit
1539 2191 2023 2266 incursurum.
2078 2195 2341 2266 Datum
2410 2196 2636 2267 Rome
2702 2191 2894 2288 apud

215 2335 278 2384 S.
339 2316 662 2404 Petrum,
713 2338 904 2388 anno
959 2321 1170 2408 1499,
1224 2319 1382 2390 Xlll
1435 2317 1726 2392 kalend.
1769 2316 2112 2416 J‘anuarii,
2161 2315 2623 2414 pontificatus
2668 2314 2895 2388 nostri

213 2460 416 2511 anno
431 2441 626 2530 V1113
660 2440 1029 2516 Johannes
1059 2442 1514 2535 MutinensiS,
1551 2446 1636 2516 A.
1676 2447 1913 2517 Draco
1942 2470 1959 2532 3
1994 2442 2377 2539 registrata
2405 2441 2479 2514 in
2509 2437 2899 2515 secretaria

213 2563 622 2660 apostolica
658 2589 674 2638 :
714 2570 793 2639 B.
830 2566 1114 2640 Marini.

322 2687 482 2761 Fuit
525 2697 600 2763 et
631 2691 786 2786 jam
833 2691 1136 2782 dudum,
1171 2692 1504 2768 videlicet
1557 2694 1630 2767 in
1681 2693 1797 2768 die
1838 2717 2017 2769 cene
2068 2691 2382 2782 Domini,
2420 2715 2560 2789 que
2600 2699 2673 2766 et
2706 2690 2891 2789 jovis

217 2813 446 2888 etiam
495 2816 723 2888 sancti
754 2823 1242 2915 nuncupatur,
1278 2819 1448 2892 anni
1489 2843 1530 2892 a
1567 2819 1931 2894 nativitate
1973 2818 2263 2892 Domini
2308 2821 2517 2906 1499,
2561 2817 2890 2915 superius

215 2940 523 3032 omissa,
559 2940 926 3038 publicata
963 2941 1102 3017 alia
1137 2944 1338 3022 bulla
1365 2945 1904 3043 approbationis
1942 2944 2411 3020 institutionis
2439 2945 2607 3016 anni
2632 2942 2883 3040 jubilei

210 3089 351 3164 per
381 3064 612 3140 felicis
644 3068 1165 3142 recordationis
1199 3070 1646 3144 Bonifacium
1689 3095 1949 3168 papam
1991 3073 2147 3147 VIII
2182 3069 2398 3158 facte,
2433 3093 2567 3166 per
2603 3067 2889 3166 predic-

213 3200 373 3266 tum
427 3193 802 3268 dominum
850 3201 1178 3269 nostrum
1224 3195 1708 3270 Alexandrum
1754 3218 2013 3293 papam
2060 3198 2185 3286 Vl,
2220 3195 2429 3292 cujus
2472 3200 2686 3268 tenor
2728 3192 2888 3268 talis

211 3327 356 3392 est.

311 3444 730 3520 Alexander
750 3446 1157 3545 episcopuS,
1183 3473 1432 3524 servus
1460 3470 1831 3523 servorum
1854 3447 2013 3536 Dei,
2039 3446 2133 3520 ad
2146 3445 2459 3520 futuram
2482 3445 2587 3520 rei
2611 3467 2888 3519 memo-

209 3569 394 3644 riam
418 3595 434 3662 ;
459 3579 990 3648 consueverunt
1020 3573 1301 3648 romani
1320 3575 1736 3664 PontificeS‚
1759 3572 2315 3670 predecessores
2343 3570 2604 3662 nostri;
2630 3594 2889 3668 appro-

207 3696 612 3794 pinquante
639 3720 829 3772 anno
851 3699 1132 3796 jubilei,
1170 3706 1246 3774 ut
1279 3700 1536 3774 Christi
1571 3698 1825 3772 fideles
1857 3696 2150 3772 uberius
2176 3694 2660 3792 indulgentias
2691 3694 2885 3769 dicto

208 3845 408 3898 anno
448 3845 834 3900 concessas
861 3824 1144 3899 valeant
1188 3824 1619 3923 promereri,
1655 3831 1726 3897 et
1757 3821 1851 3896 ad
1878 3822 1955 3896 id
1980 3820 2385 3920 promptius
2423 3844 2555 3918 pro
2596 3843 2887 3894 suarum

212 3948 448 4023 salute
480 3950 886 4023 animarum
913 3950 1347 4026 inducantur
1377 3959 1448 4025 et
1467 3973 1600 4048 per
1627 3947 2183 4047 suspensionem
2210 3945 2606 4044 gratiarum
2632 3969 2886 4042 prece-

212 4073 571 4165 dentium,
595 4075 741 4149 sive
765 4075 969 4168 alias,
989 4082 1206 4174 prout
1222 4077 1464 4153 utilius
1486 4077 1638 4150 fore
1661 4073 2089 4172 suspiciunt,
2118 4076 2517 4170 opportune
2542 4069 2887 4168 provisio-

211 4200 328 4274 nis
355 4199 682 4275 remedia
709 4201 1100 4295 adhibere;
1152 4227 1326 4278 sane
1360 4226 1527 4277 cum
1558 4225 1790 4277 annus
1820 4198 2073 4298 jubilei
2122 4196 2571 4271 remissionis
2612 4202 2684 4270 et
2714 4218 2888 4293 gau-

211 4324 310 4397 dii
336 4324 456 4416 sit,
482 4327 606 4422 qui
628 4327 946 4423 quolibet
968 4352 1160 4403 anno
1194 4329 1595 4404 centesimo
1617 4327 1708 4401 ab
1733 4325 1921 4400 illius
1942 4325 2263 4422 primeva
2286 4319 2740 4397 ordinatione
2756 4343 2889 4419 per

209 4449 452 4524 felicis
483 4452 1004 4528 recordationis
1049 4453 1498 4529 Bonifacium
1526 4455 1686 4532 Vlll
1717 4451 2113 4541 institutus,
2150 4457 2222 4523 et
2260 4446 2523 4524 deinde
2554 4446 2887 4520 Clemen-

213 4582 364 4649 tem
408 4577 504 4651 Vl
555 4577 647 4652 ad
695 4578 1402 4678 quinquagesimum,
1457 4585 1825 4678 postremo
1876 4578 1968 4652 ad
2016 4600 2155 4651 xxv
2199 4596 2430 4649 annos
2486 4595 2619 4670 per
2672 4570 2885 4645 beate

207 4701 570 4777 memorie
624 4705 928 4779 Paulum
971 4709 1060 4798 ll,
1109 4728 1445 4781 romanos
1500 4706 1917 4804 pontiflceS,
1961 4702 2521 4802 predecessores
2563 4703 2881 4788 nostros,

206 4835 510 4925 propter
555 4829 876 4906 humane
921 4831 1060 4906 vite
1116 4831 1538 4908 brevitatem
1589 4832 1933 4907 reductus
1974 4829 2144 4922 fuit,
2198 4834 2414 4926 prout
2462 4827 2535 4900 in
2585 4822 2885 4900 diversis

207 4955 638 5029 eorumdem
666 4957 1268 5055 predecessorum
1306 4958 1566 5033 litteris
1599 4958 1929 5055 desuper·
1948 4954 2298 5030 confectis
2339 4950 2622 5051 plenius
2650 4949 2887 5026 conti-

207 5087 450 5172 netur,
486 5104 678 5156 auno
709 5107 753 5158 a
781 5084 1152 5160 nativitate
1188 5084 1476 5159 Domini
1521 5083 1911 5159 millesimo
1942 5077 2527 5181 quingentesimo
2556 5074 2885 5174 proxime

207 5205 450 5282 futuro
501 5207 760 5286 debeat
800 5209 1182 5302 celebrari,
1219 5211 1453 5310 sitque
1498 5234 1665 5288 vere
1708 5209 1829 5286 ille
1866 5233 2098 5287 annus
2136 5205 2608 5295 centesimus,
2643 5201 2765 5301 qui
2790 5201 2881 5276 ab
