3625 6059
241 514 362 581 [un
389 513 532 577 11111]
891 510 1148 569 RERUM
1200 509 1658 573 URBANARUM
1705 508 2232 573 COMMENTARH.
2826 523 2901 579 111

243 669 624 747 multarum
677 665 1098 757 mulierum,
1153 665 1532 763 potissime
1567 666 2059 764 pulchrarum,
2104 670 2429 768 projecte
2468 670 2787 759 fuerunt,
2826 676 2900 744 et

239 795 384 871 hoc
437 793 526 871 ad
572 792 934 871 honorem
985 799 1058 869 et
1113 792 1404 867 laudem
1469 792 1989 890 omnipotentis
2046 795 2177 869 Dei
2240 802 2315 871 et
2374 794 2697 872 Ecclesie
2746 798 2890 869 Ro-

245 942 456 997 mane
497 918 612 1017 (l).

335 1042 742 1124 Alexander
811 1042 1416 1120 consuetudinem
1477 1045 1632 1141 jam
1699 1052 1987 1143 ceptam
2046 1069 2179 1145 per
2236 1046 2740 1121 Innocentium
2807 1048 2897 1121 de

235 1169 638 1247 maritanda
682 1168 886 1267 prole
930 1167 1286 1245 feminina
1325 1175 1812 1267 prosequutus
1854 1178 1966 1245 est
2018 1176 2091 1247 et
2120 1171 2505 1269 ampliavit.
2538 1170 2900 1247 Incumbit

239 1294 450 1391 igitur
477 1293 722 1373 clerus
753 1292 1018 1382 omnis,
1067 1299 1140 1369 et
1177 1294 1469 1391 quidem
1509 1318 1674 1369 cum
1713 1294 2111 1393 dilig-entia,
2157 1297 2351 1371 circa
2378 1296 2703 1373 sobolem
2733 1319 2904 1394 pro-

243 1418 656 1497 creandam.
717 1422 970 1516 ltaque
1030 1442 1073 1495 a
1127 1421 1408 1519 majore
1473 1444 1700 1517 usque
1759 1420 1851 1495 ad
1898 1421 2281 1497 minimum
2332 1422 2775 1497 concubinas
2832 1420 2906 1493 in

243 1546 466 1643 figura
513 1545 996 1635 matrimonii,
1057 1552 1130 1619 et
1179 1546 1471 1643 quidem
1508 1546 1829 1644 publice,
1865 1546 2197 1625 attinent.
2230 1545 2439 1633 Quod
2478 1547 2617 1621 nisi
2664 1570 2709 1621 a
2750 1549 2903 1620 Deo

233 1671 713 1771 provideatur,
770 1670 1104 1751 transibit
1143 1670 1286 1746 hec
1338 1672 1708 1768 corruptio
1747 1696 1981 1768 usque
2028 1670 2123 1749 ad
2170 1671 2573 1749 monachos
2616 1676 2691 1747 et
2739 1669 2907 1745 reli·-

235 1798 498 1895 giosos‚
567 1796 898 1894 quamvis
955 1798 1402 1875 monasteria
1458 1795 1670 1871 Urbis
1730 1798 1937 1893 quasi
1992 1799 2237 1875 omnia
2288 1800 2445 1897 jam
2513 1798 2705 1875 facta
2760 1795 2903 1869 sint

233 1921 632 2019 lupanaria,
667 1921 964 2001 nemine
999 1921 1544 2001 contradicente
1579 1922 1701 2025 (2).

299 2168 350 2225 1.
387 2166 536 2241 Voy.
572 2164 964 2239 Gregoroviua,
994 2166 1226 2241 Lucrece
1255 2167 1480 2237 Bor-qia,
1512 2165 1600 2223 ch.
1629 2164 1754 2223 VII.

297 2258 349 2313 2.
393 2254 554 2313 Cette
592 2252 959 2311 assimilation
994 2255 1093 2311 des
1130 2253 1392 2327 lupanars
1435 2272 1544 2311 aux
1580 2260 1847 2313 couvents
1894 2254 1963 2311 de
1996 2255 2195 2329 jeunes
2233 2252 2374 2311 filles
2420 2252 2631 2311 revient
2674 2262 2907 2315 souvent

235 2362 358 2403 80118
385 2344 436 2401 la
463 2344 658 2418 plume
685 2344 786 2400 des
825 2343 1093 2400 ecrivains
1133 2344 1207 2400 du
1243 2352 1340 2399 xv·
1370 2344 1563 2412 siecle3
1595 2362 1656 2401 ce
1695 2344 1790 2419 qui
1822 2343 2127 2419 s’explique
2164 2342 2439 2401 d'ailleurs
2472 2360 2573 2417 par
2598 2342 2652 2399 18
2680 2362 2902 2417 corrup-

235 2434 339 2491 tion
367 2436 612 2493 extreme
644 2432 720 2489 du
749 2432 932 2507 cierge
959 2432 1198 2507 regulier
1223 2439 1280 2490 et
1307 2433 1556 2491 seculier.
1581 2432 1658 2491 Le
1681 2432 1847 2508 pieux
1878 2440 1934 2491 et
1962 2440 2155 2493 savant
2182 2434 2253 2491 de
2281 2431 2593 2509 Clemengis
2612 2433 2779 2495 disait
2796 2452 2902 2507 que

233 2523 304 2580 les
331 2529 602 2581 conventa
635 2523 704 2579 de
734 2520 951 2595 vierges
986 2520 1192 2579 etaient
1229 2521 1600 2579 d’execrables
1639 2522 1922 2599 lupanars,
1954 2529 2011 2580 et
2039 2540 2146 2597 que
2174 2521 2309 2579 faire
2346 2523 2577 2597 prendre
2616 2523 2667 2579 le
2703 2522 2843 2581 voile
2868 2526 2903 2579 a

235 2628 332 2669 une
349 2613 513 2687 jeune
539 2610 661 2667 fille
690 2609 824 2667 81811
853 2608 904 2665 18
931 2612 1105 2665 meme
1142 2608 1310 2666 chose
1341 2628 1448 2685 que
1487 2610 1538 2668 la
1565 2628 1736 2669 vouer
1765 2615 1798 2669 a
1835 2610 1889 2669 la
1926 2610 2301 2687 prostitution.
2338 2636 2365 2663 «
2493 2612 2731 2669 Restant
2757 2629 2903 2669 nunc

235 2700 354 2757 soloe
377 2700 672 2769 moniales,
705 2704 766 2755 ut
794 2703 1036 2755 nostram
1064 2700 1432 2757 narrationem
1457 2701 1919 2774 quemadmodum
1945 2699 2167 2775 polliciti
2191 2718 2405 2770 sumus,
2429 2718 2463 2759 a
2483 2718 2695 2759 summo
2723 2699 2901 2775 capite

233 2806 394 2865 usque
418 2790 490 2847 ad
519 2794 775 2847 extrema
802 2785 1058 2861 vestigia,
1091 2786 1240 2847 nullo
1273 2790 1644 2865 praetermisso
1671 2790 1871 2865 gradu,
1902 2790 2259 2847 deducamus.
2292 2789 2375 2847 De
2412 2790 2498 2847 his
2526 2796 2707 2847 autem
2743 2790 2900 2865 plura

231 2878 396 2935 dicere
426 2878 552 2945 (etsi
585 2877 748 2952 plura
767 2892 892 2951 quae
915 2874 1022 2930 dici
1047 2884 1296 2953 possent,
1321 2878 1706 2952 suppetebant)
1729 2878 2059 2935 verecundia
2077 2876 2333 2951 prohibet
2348 2896 2414 2934 ne
2436 2896 2544 2935 non
2566 2880 2633 2935 de
2648 2884 2769 2937 cetu
2788 2877 2898 2934 vir-

228 2968 404 3044 ginum
433 2970 550 3027 Deo
583 2968 920 3037 dedicatum,
958 2966 1056 3023 sed
1091 2966 1274 3041 magis
1310 2967 1380 3023 de
1409 2966 1786 3041 lupanaribus,
1822 2967 1889 3021 de
1909 2963 2051 3023 dolis
2082 2972 2137 3021 et
2165 2966 2417 3039 procacia
2436 2967 2797 3035 meretricum,
2830 2968 2898 3021 de

234 3060 424 3136 stupris
462 3066 520 3119 et
557 3057 906 3119 incestuosis
952 3056 1212 3133 operibus
1255 3058 1576 3132 pudendum
1627 3074 1935 3113 sermonem
1981 3054 2193 3128 prolixe
2230 3054 2529 3111 trahamus.
2570 3054 2730 3123 Nam,
2770 3053 2899 3127 quid
3008 3114 3019 3123 ,

229 3149 440 3209 obsecro
469 3148 634 3207 aliud
665 3155 798 3205 sunt
825 3148 930 3204 hoc
957 3154 1198 3223 tempore
1225 3145 1529 3221 puellarum
1557 3144 1893 3203 monasteria
1918 3143 2025 3201 nisi
2049 3144 2301 3217 quaedam
2328 3161 2438 3199 non
2468 3142 2590 3200 dico
2612 3142 2711 3199 Dei
2737 3159 2896 3199 sanc-

228 3240 408 3309 tuaria,
440 3239 542 3296 sed
571 3236 817 3295 Veneris
847 3236 1152 3292 execranda
1181 3234 1510 3310 prostibula,
1545 3236 1643 3291 sed
1673 3232 2002 3291 lascivorum
2032 3232 2515 3307 et‘impudicorum
2537 3232 2802 3306 juvenum
2831 3231 2902 3288 ad

225 3326 466 3387 libidines
496 3327 814 3403 explendas
843 3324 1220 3400 receptacula?
1249 3332 1312 3382 ut
1347 3324 1492 3381 idem
1531 3324 1696 3382 11οἀ18
1727 3325 1800 3382 811
1828 3323 2065 3399 puellam
2100 3321 2283 3379 velare
2312 3322 2461 3395 quod
2489 3328 2543 3379 et
2585 3320 2801 3395 publice
2828 3320 2897 3377 ad

228 3420 564 3479 scon-tandum
629 3432 907 3491 exponere
913 3438 1088 3474 .....
1146 3414 1402 3475 Nicolaus
1462 3414 1778 3488 Clemangis
1837 3412 2253 3471 archidiaconus
2311 3410 2653 3486 Bajocensis,
2710 3411 2899 3468 doctor

231 3506 431 3565 Sancta:
457 3506 788 3580 Theologioe
817 3504 1174 3574 Parisiensis,
1205 3508 1281 3561 De
1308 3511 1564 3577 corrupto
1596 3506 1857 3561 Ecclesiae
1884 3510 2053 3572 statu,
2078 3520 2244 3559 causa
2270 3500 2520 3571 XXXVI,
2552 3519 2605 3574 p.
2639 3500 2728 3569 46,
2760 3500 2898 3557 dans

229 3594 274 3652 le
303 3599 582 3655 stactatus
613 3596 688 3651 de
705 3594 865 3654 modo
895 3594 1174 3653 Generalis
1191 3594 1424 3651 Concilii
1453 3595 1766 3651 celebrandi
1793 3610 1892 3667 per
1922 3594 1987 3649 G.
2014 3592 2334 3649 Durandum
2363 3590 2679 3665 episcopum
2700 3588 2895 3646 Mima-

227 3691 448 3757 tensem,
483 3684 752 3755 Ρ8118118,
793 3685 954 3753 1671,
993 3684 1138 3741 111-8.
1180 3684 1324 3758 Voy.
1355 3684 1496 3739 dans
1534 3702 1596 3740 ce
1634 3683 1854 3739 dernier
1894 3699 2137 3756 ouvrage
2176 3681 2226 3738 le
2264 3679 2389 3737 titre
2428 3675 2654 3746 XXXV,
2692 3695 2749 3751 p.
2790 3678 2897 3733 305

231 3798 258 3826 «
295 3776 358 3831 de
387 3778 632 3840 luxuria,
673 3774 1108 3839 inordinatione,
1151 3780 1204 3829 et
1240 3774 1638 3831 cohabitatione
1675 3775 1996 3829 clericorum
2036 3778 2085 3829 et
2122 3773 2415 3829 mulierum
2443 3774 2492 3825 et
2522 3768 2896 3837 voluptatibus

225 3866 502 3921 witmtdis.
534 3886 566 3917 11
598 3862 652 3921 J.
689 3862 754 3921 F.
787 3861 888 3917 Pic
915 3863 983 3919 de
1012 3860 1066 3919 la
1092 3860 1416 3931 Mirandole‚
1449 3862 1588 3919 dans
1621 3879 1723 3919 son
1770 3862 2023 3917 discours
2063 3878 2157 3915 sur
2196 3859 2247 3915 18
2280 3858 2508 3913 rel'orme
2538 3856 2637 3911 des
2666 3870 2893 3921 moeurs,

232 3954 508 4029 s'exprime
537 3952 690 4011 dans
739 3952 840 4009 des
887 3958 1088 4011 termes
1115 3950 1442 4025 analogues.
1476 3974 1506 4004 κ
1647 3950 1790 4019 Quid
1818 3950 1989 4020 aliud,
2020 3950 2186 4007 Pater
2214 3944 2597 4013 sanctissime,
2628 3942 2897 4011 Quidnam

232 4042 366 4101 aliud
399 4045 564 4103 801118
603 4040 924 4117 intelligere
969 4040 1170 4099 debere
1219 4058 1382 4115 quam
1423 4058 1608 4099 sacras
1658 4040 1806 4099 aedes
1846 4046 1903 4097 et
1946 4038 2150 4115 templa
2185 4035 2475 4094 lenonibus
2514 4038 2571 4091 et
2615 4030 2900 4105 catamytis

235 4138 381 4188 antea
416 4132 742 4201 commissa,
801 4148 965 4205 quam
1004 4130 1230 4187 nefariis
1263 4130 1408 4205 lupis
1448 4129 1636 4205 optimi
1673 4128 1914 4205 pastoris
1954 4126 2117 4185 ovilia
2154 4124 2497 4193 demandata,
2530 4139 2691 4195 quam
2728 4118 2897 4193 virgi-

233 4218 382 4277 nibus
410 4222 538 4279 olim
569 4220 761 4277 dicata
787 4218 1062 4294 plerisque
1091 4220 1148 4277 111
1188 4220 1420 4278 urbibus
1450 4226 1608 4294 septa
1635 4220 1694 4275 in
1730 4217 2063 4275 meretricios
2096 4214 2347 4273 formices
2385 4220 2439 4271 et
2476 4212 2737 4269 obscoena
2770 4208 2896 4267 lati·

233 4308 348 4369 bula
369 4310 546 4369 fuisse
576 4310 957 4369 conversa?...
992 4332 1022 4363 >³
1055 4310 1119 4369 P.
1153 4310 1498 4381 Mirandum,
1521 4312 1700 4381 Opera
1729 4311 1933 4377 omnia,
1958 4306 2211 4376 Basileae,
2231 4305 2323 4363 fol.
2350 4301 2737 4375 1601,t.11,p.
2758 4300 2893 4357 886:

235 4401 298 4453 ad
333 4402 558 4459 Leonem
593 4403 648 4457 X
693 4406 748 4457 et
785 4400 1088 4457 Concilium
1129 4402 1361 4459 lateran.
1401 4400 1520 4457 Joh.
1562 4400 1845 4457 Francisci
1880 4400 2002 4455 Pici
2030 4396 2362 4454 Mirandulae
2386 4393 2595 4449 domini
2627 4390 2693 4447 de
2717 4392 2897 4459 retor-

236 4492 434 4548 mandis
457 4490 711 4547 moribus
737 4492 931 4545 oratio.
967 4510 996 4539 »
1027 4488 1214 4545 Pierre
1246 4488 1523 4564 Dauphin,
1555 4489 1694 4545 dans
1735 4504 1844 4543 une
1892 4485 2049 4543 lettre
2079 4490 2112 4544 a
2148 4487 2212 4542 P.
2246 4482 2549 4553 Barrotius,
2582 4484 2789 4551 aveque
2827 4478 2897 4533 de

237 4578 457 4649 Padoue,
491 4598 594 4636 sur
621 4578 682 4635 la
707 4576 982 4634 necessita
1011 4584 1068 4635 et
1095 4577 1148 4635 la
1175 4578 1440 4636 difficulte
1469 4578 1538 4633 de
1565 4578 1825 4636 reformet
1852 4576 1932 4656 les
1960 4580 2301 4633 monasteres
2330 4574 2399 4629 de
2426 4569 2585 4635 111188,
2627 4564 2851 4623 ecrivait
2882 4580 2895 4619 :

239 4689 264 4717 κ
395 4666 794 4727 Reformandis
827 4664 1100 4741 virginum
1135 4667 1486 4727 monasteriis
1524 4666 1835 4743 apposuisti
1878 4684 2121 4723 manum.
2170 4664 2428 4736 Apponat
2462 4672 2647 4713 secum
2686 4660 2738 4713 et
2768 4670 2899 4711 suas

239 4754 500 4817 Dominus.
536 4760 644 4817 Est
669 4755 820 4816 enim
849 4772 938 4813 res
977 4755 1236 4831 indigens
1274 4757 1624 4832 potissimum
1665 4757 1869 4815 auxilio
1909 4755 2030 4813 Dei.
2063 4754 2343 4821 Quantum
2379 4744 2717 4805 difficultatis
2742 4744 2801 4801 in
2840 4762 2899 4801 se

236 4846 432 4919 habeat,
464 4849 608 4911 satis
635 4845 776 4905 mihi
804 4852 1066 4919 expectas
1093 4845 1304 4918 videor,
1336 4845 1414 4905 ita
1441 4851 1503 4902 ut
1529 4844 1821 4903 verissime
1840 4843 2105 4917 scriptum
2131 4846 2319 4915 putem
2342 4836 2567 4897 :Brevis
2596 4843 2684 4895 881
2718 4834 2897 4895 omnis

237 4936 440 5010 malitia,
469 4956 648 5013 super
677 4935 940 4993 malitiam
965 4936 1272 4994 mulierum.
1308 4958 1338 4989 «
1368 4936 1578 5003 Romae,
1600 4934 1688 4993 die
1708 4936 1808 4993 VH
1828 4932 1959 4993 Maii
1982 4932 2139 4991 1492.
2164 4954 2195 4983 »
2218 4933 2389 5003 (Petri
2406 4930 2667 5001 Delphini
2682 4930 2893 5000 Epist„

235 5022 318 5083 lib.
349 5026 438 5099 111,
467 5028 640 5103 epist.
676 5024 952 5095 XXXIV).
984 5026 1134 5085 Dans
1163 5044 1266 5085 son
1307 5022 1770 5099 vingt-troisieme
1809 5040 2029 5081 sermon
2064 5023 2265 5097 precli&
2298 5020 2540 5097 pendant
2576 5017 2791 5076 l'Avent
2827 5016 2893 5071 de

236 5113 426 5175 l'annee
459 5119 626 5187 1493,
665 5114 1000 5182 8810881018
1026 5114 1214 5187 disait,
1240 5134 1310 5175 en
1340 5113 1558 5191 parlant
1585 5112 1686 5177 des
1715 5116 1923 5186 preti-es
1956 5128 1971 5169 ε
2005 5133 2035 5165 «
2163 5110 2359 5172 Hanno
2388 5124 2589 5169 ancora
2622 5103 2895 5163 maculato

229 5203 576 5267 d'immudizia
598 5224 632 5265 e
661 5203 726 5265 di
752 5203 1010 5279 spurcitie
1035 5203 1072 5263 il
1094 5204 1441 5265 tabernaculo
1469 5211 1706 5274 tu0,.·...
1737 5201 1947 5271 Questo
1976 5201 2023 5261 si
2054 5206 2163 5277 puo
2198 5217 2423 5275 esporre
2456 5199 2557 5257 che
2588 5201 2619 5253 e
2648 5210 2759 5253 8011
2786 5192 2835 5249 ci
2861 5196 2891 5247 e
