3625 6059
782 506 894 561 208
1696 502 2046 562 JOHANNIS
2097 503 2543 576 BURCHARDL‘
2741 526 2746 531 ·
2959 505 3230 569 [Decembre
3253 512 3355 573 tull

790 656 1038 733 nostra
1069 657 1267 734 felici
1310 656 1617 733 sanitate
1647 664 1723 732 et
1754 679 2032 747 amore,
2069 666 2146 732 ut
2185 665 2261 733 et
2287 681 2415 733 vos
2445 680 2587 755 que
2617 656 2708 733 de
2737 656 2944 733 nobis
2971 666 3123 734 sunt
3149 661 3356 759 abipso

790 781 1137 859 discenda
1164 782 1543 859 audientes
1580 782 2048 858 delectemini
2079 783 2266 857 sicut
2296 790 2370 858 et
2399 807 2532 859 nos
2563 784 3003 859 delectamur
3037 807 3053 858 ε
3085 786 3359 883 jussimus

792 908 1038 1001 etiam,
1082 916 1157 984 et
1192 915 1303 984 est
1352 907 1599 983 datum
1654 907 1729 983 id
1770 909 1965 1008 quod
2019 914 2130 985 est
2181 915 2618 986 conventum
2666 909 2990 1009 predicto
3031 933 3212 985 servo
3241 934 3360 985 meo

794 1034 1189 1127 Cassimen,
1228 1041 1305 1109 ut
1332 1034 1653 1133 perferat
1678 1034 1918 1134 ipsum
1948 1035 2041 1109 ad
2071 1041 2266 1109 tuam
2299 1035 2869 1125 Gloriositatem3
2901 1041 3147 1110 etcum
3167 1034 3366 1109 auxilio

788 1159 917 1237 Dei
958 1182 1291 1236 reversus
1340 1160 1554 1236 fuerit
1597 1184 1884 1235 rursum
1924 1160 2016 1235 ad
2057 1182 2301 1236 meam
2339 1160 2810 1237 Altitudinem
2841 1160 3179 1260 significet
3207 1158 3363 1235 nobis

785 1288 1093 1362 vestram
1148 1286 1455 1361 salutem
1518 1292 1591 1361 et
1635 1286 2058 1376 amicitiam,
2117 1293 2196 1362 ut
2243 1286 2410 1361 inde
2459 1308 2626 1362 cum
2680 1285 3150 1363 audiverimus
3189 1284 3364 1381 magis

786 1412 1005 1487 etiam
1049 1412 1497 1488 delectemur
1536 1418 1610 1486 et
1649 1434 1789 1510 que
1833 1410 1971 1510 ipsi
2005 1410 2504 1486 mandavimus
2540 1418 2714 1487 nota
2754 1413 2974 1487 faciet
3005 1434 3127 1486 sue
3159 1410 3372 1507 magni·
3516 1394 3518 1396 '

787 1537 1043 1613 tudini.
1093 1542 1272 1613 Date
1310 1543 1550 1612 autem
1588 1537 1724 1635 ipsi
1766 1536 1986 1611 fidem
2035 1536 2110 1611 in
2157 1536 2272 1611 his
2322 1560 2780 1635 quecumque
2827 1536 3083 1613 dixerit
3121 1559 3136 1607 ε
3179 1533 3370 1608 datum
3512 1539 3520 1550 '

785 1663 860 1738 in
904 1663 1069 1739 aula
1104 1669 1350 1739 nostre
1390 1662 1667 1739 sultane
1709 1662 2156 1737 auctoritatis
2201 1662 2276 1735 in
2305 1663 2958 1762 Constantinopoli,
2993 1666 3192 1750 1494,
3229 1682 3372 1735 anno

788 1812 829 1865 a
856 1795 891 1863 J
900 1812 1027 1865 esu
1061 1790 1414 1888 prophete
1444 1788 1842 1879 nativitate,
1878 1788 1996 1862 die
2027 1811 2205 1863 xvm
2235 1788 2670 1887 septembris
2701 1790 3002 1865 mensis.

880 1914 1131 1991 Sultan
1166 1913 1449 2012 Bajazet
1487 1915 1713 2006 Chan,
1762 1921 1936 2006 etc.,
1981 1913 2416 2005 Alexandro,
2449 1922 2622 2005 etc.,
2656 1921 2822 2013 post
2849 1914 3368 1991 convenientem.

787 2048 928 2116 etc.
958 2065 974 2115 :
1010 2048 1259 2123 notum
1290 2040 1385 2115 sit
1415 2049 1537 2117 tuo
1569 2062 1908 2138 supremo
1937 2039 2310 2137 pontificio
2348 2040 2965 2138 quemadmodum
2995 2046 3078 2115 R.
3113 2044 3190 2114 D.
3221 2038 3380 2113 Nico·

780 2167 939 2241 laus
984 2165 1184 2259 Cibo,
1226 2164 1810 2265 archiepiscopus
1849 2164 2322 2257 ArelatensiS,
2363 2172 2474 2242 est
2512 2166 2772 2265 dignus
2821 2175 2894 2243 et
2939 2148 3172 2243 fidelis
3206 2164 3382 2239 homo

786 2293 941 2392 ipse
996 2292 1328 2369 videlicet
1384 2299 1462 2369 ut
1527 2299 1856 2389 tempore
1927 2290 2385 2388 precedentis
2445 2294 2636 2390 Pape
2699 2292 3024 2391 supremi
3081 2287 3384 2391 pontificis

780 2419 1053 2495 domini
1082 2416 1485 2496 innocentii
1520 2440 1747 2516 usque
1776 2417 1854 2492 in
1881 2402 2316 2493 hodiernum
2344 2417 2540 2491 diem
2567 2417 2643 2492 in
2673 2426 2964 2517 tempus
3005 2440 3128 2493 sue
3153 2414 3382 2513 Magni-

783 2543 1051 2639 tudinis
1080 2544 1393 2643 gloriose
1420 2543 1512 2619 ad
1544 2566 1802 2642 pacem
1833 2550 1905 2619 et
1935 2544 2330 2620 amicitiam
2361 2544 2680 2637 festinat,
2729 2566 3166 2644 semperque
3191 2540 3387 2617 anima

784 2677 859 2744 et
899 2692 1203 2767 corpore
1248 2667 1321 2743 in
1374 2667 1796 2745 fidelissima
1845 2668 1990 2744 fide
2046 2668 2326 2745 duabus
2370 2667 2692 2768 partibus
2749 2664 3041 2742 servivit
3091 2671 3164 2738 et
3197 2660 3386 2736 adhuc

782 2796 1001 2871 servit
1061 2818 1077 2869 t
1134 2795 1350 2893 hujus
1407 2794 1626 2893 igitur
1685 2794 1795 2870 rei
1863 2818 2084 2870 causa
2137 2795 2413 2893 justum
2473 2801 2584 2870 est
2638 2791 2846 2867 nobis
2907 2799 2984 2867 et
3045 2790 3292 2865 decens
3337 2784 3390 2857 iu

780 2919 1032 3019 majori
1082 2920 1333 2996 ordine
1377 2920 1611 3019 ipsum
1656 2941 1820 2995 esse
1863 2918 2158 3011 debere,
2207 2920 2399 2995 unde
2445 2928 2520 2995 et
2561 2918 2970 3017 rogavimus
3019 2932 3396 3018 supremum

778 3046 1202 3146 pontificem
1256 3051 1335 3120 ut
1383 3047 1656 3121 faceret
1720 3044 1925 3119 illum
1995 3046 2435 3121 cardinalem
2489 3054 2564 3121 et
2619 3068 2964 3121 assensus
3023 3051 3137 3121 est
3192 3048 3394 3117 nostre

777 3172 1109 3270 petitioni
1166 3172 1347 3247 adeo
1398 3180 1475 3246 ut
1524 3170 1753 3247 literis
1804 3170 2024 3245 etiam
2073 3171 2281 3247 nobis
2331 3172 2847 3271 significaverit
2890 3172 3096 3270 quod
3135 3168 3398 3269 petitum

779 3304 892 3373 est
916 3298 1166 3372 datum
1196 3298 1417 3373 fuisse
1448 3297 1620 3396 ipsi3
1658 3319 1906 3372 verum
1938 3297 2108 3394 quia
2134 3321 2282 3372 non
2315 3303 2468 3373 erat
2498 3304 2813 3395 tempus,
2849 3296 2922 3369 id
2961 3303 3078 3371 est
3123 3300 3402 3393 septem·

782 3418 925 3497 bris
955 3421 1254 3515 mensis,
1290 3442 1437 3497 non
1468 3422 1674 3499 sedet
1700 3422 1775 3497 in
1806 3422 2058 3497 ordine
2091 3444 2220 3497 suo
2251 3430 2326 3498 ut
2361 3422 2660 3521 requirit
2689 3428 2926 3497 vestra
2951 3416 3398 3499 consuetudo.

782 3550 1066 3623 Interea
1112 3570 1281 3624 vero
1328 3550 1537 3647 J‘ussu
1588 3547 1717 3624 Dei
1770 3545 1970 3623 dedit
2011 3550 2333 3647 pontifex
2377 3570 2764 3625 commune
2811 3548 3175 3639 debitum,
3221 3554 3288 3622 et
3327 3544 3406 3617 sir.

779 3668 947 3772 ipse
968 3675 1335 3750 remansit.
1373 3678 1475 3749 Ea
1511 3674 1731 3773 igitur
1771 3676 1862 3751 de
1905 3688 2127 3751 causa
2155 3676 2536 3751 scribimus
2567 3681 2640 3751 et
2673 3696 3016 3773 rogamus
3055 3684 3256 3751 tuam
3287 3672 3408 3746 Ma·
3522 3724 3523 3743 ,

777 3797 1229 3896 gnitudinem
1272 3807 1569 3900 propter
1608 3824 1866 3899 pacem
1899 3809 1972 3877 et
2010 3800 2402 3878 amicitiam
2442 3824 2621 3899 quas
2663 3800 2854 3877 inter
2895 3822 3036 3875 nos
3083 3800 3408 3875 habemus

776 3918 850 4000 et
880 3931 1172 4023 propter
1200 3947 1445 4001 meum
1477 3948 1629 4018 cor,
1664 3935 1741 4001 ut
1771 3926 2159 4026 adimpleat
2205 3927 2280 4002 id
2313 3933 2512 4002 tuum
2543 3924 3026 4026 pontificium,
3077 3922 3408 4006 videlicet,

776 4056 855 4125 ut
912 4048 1125 4125 faciat
1174 4049 1413 4150 ipsum
1467 4051 1871 4151 perfectum
1923 4052 2364 4127 cardinalem
2419 4074 2434 4125 :
2479 4051 2913 4127 habebimus
2963 4059 3038 4128 et
3079 4074 3218 4127 nos
3253 4046 3324 4123 id
3357 4044 3418 4118 iu
3522 4028 3523 4103 ἶ

777 4193 1043 4270 magna
1072 4174 1326 4272 gratia.

879 4300 1142 4374 Datum
1196 4300 1271 4375 in
1344 4300 1510 4377 aula
1585 4307 1834 4380 nostre
1901 4302 2179 4378 sultane
2249 4302 2720 4396 auctoritatis,
2795 4301 2868 4377 in
2931 4296 3428 4378 Constantino-

777 4422 925 4521 poli
966 4430 1179 4518 1494,
1212 4446 1405 4503 anno
1430 4452 1475 4503 a
1496 4432 1665 4504 Jesu
1698 4429 2085 4528 Prophete,
2122 4428 2487 4505 nativitate
2517 4452 2699 4504 xvni
2731 4428 3176 4505 decembris.

881 4553 1382 4652 Suprascripte
1428 4562 1777 4652 quaterne
1823 4553 2031 4630 litere
2077 4561 2282 4631 erant
2314 4555 2579 4653 scripte
2617 4554 2690 4627 in
2736 4554 2987 4631 charta
3025 4549 3434 4629 authentica

776 4703 981 4756 more
1016 4684 1416 4759 Turcarum
1448 4706 1615 4759 curn
1656 4682 1972 4782 quodam
2005 4683 2212 4783 signo
2253 4704 2478 4758 aureo
2524 4684 2598 4758 in
2634 4682 2868 4780 capite
2914 4704 2930 4753 :
2973 4702 3162 4778 quas
3205 4678 3437 4753 literas

778 4805 1141 4881 transtulit
1165 4806 1237 4881 in
1263 4808 1567 4885 latinum
1601 4809 1691 4886 de
1708 4809 1935 4886 verbo
1969 4808 2061 4885 ad
2094 4809 2396 4885 verbum
2426 4832 2544 4885 me
2577 4806 2982 4909 excipiente
3015 4812 3086 4884 et
3113 4810 3436 4889 notante,

776 4931 1101 5008 eruditus
1126 4930 1234 5005 vir
1250 4938 1623 5029 LascaruS,
1656 4937 1950 5012 natione
1971 4938 2242 5011 Grecus
2267 4958 2282 5025 3
2311 4934 2692 5010 assistente
2705 4932 2816 5035 ,illi
2841 4940 2914 5009 et
2932 4934 3327 5034 adjuvante
3347 4930 3444 5001 in-

780 5056 1279 5157 terpretationi
1330 5061 1728 5137 reverendo
1778 5064 1865 5138 D.
1919 5059 2211 5162 Aloysio
2265 5060 2465 5153 Pion,
2511 5060 2854 5159 episcopo
2909 5062 3447 5155 Famagustano

766 5192 844 5259 'et
876 5184 1218 5261 Marcello
1268 5187 2084 5287 Constantinopolitan0‚
2119 5186 2583 5263 illustrissimi
2617 5186 2964 5286 principis
3005 5177 3446 5260 Salernitani
