3625 6059
290 486 611 552 [Avi-itum]
933 485 1189 544 RERUM
1238 487 1694 549 URBANARUM
1748 493 2267 554 COMMENTARH.
2839 506 2942 559 117

375 644 495 716 His
524 643 1055 741 pronunciatiS,
1088 647 1319 742 surgit
1352 670 1479 722 rex
1522 649 1643 744 qui
1682 674 1907 748 usque
1959 657 2125 727 tunc
2155 639 2500 727 continuo
2534 655 2604 728 in
2644 679 2776 730 suo
2806 657 2940 730 fal-

296 769 571 844 distorio
602 771 1004 866 genuflexit
1047 777 1119 844 et
1160 772 1439 846 accedit
1489 773 1729 871 legato
1772 782 1850 849 ut
1891 777 2128 873 ipsum
2177 801 2406 873 usque
2455 779 2545 852 ad
2592 780 2939 878 palatium

298 894 921 994 archiepiscopale,
961 897 1033 969 in
1066 920 1209 993 quo
1236 897 1763 995 hospitabatur,
1798 902 2134 977 associet.

382 1023 565 1096 Ordo
604 1029 851 1098 autem
898 1021 1415 1120 processionis,
1453 1022 1543 1097 de
1592 1023 1751 1120 quo‘
1785 1051 2002 1123 supra
2053 1027 2133 1102 fit
2172 1029 2478 1120 mentio,
2513 1037 2583 1104 et
2631 1054 2773 1127 quo
2823 1031 2938 1104 alii

292 1147 593 1238 venient,
626 1148 747 1222 hic
779 1148 957 1223 erit:

376 1275 661 1348 Fratres
694 1280 943 1348 sancte
968 1275 1193 1348 Marie
1238 1275 1423 1350 delle
1454 1275 1710 1372 gratie.
1752 1320 1851 1331 —
1883 1279 2180 1352 Jesuati.
2229 1321 2327 1334 -—
2373 1283 2654 1353 Fratres
2696 1289 2942 1355 sancte

289 1400 499 1476 Marie
533 1401 721 1476 delle
757 1400 1053 1499 vergine
1084 1399 1635 1476 cruciferorum.
1672 1443 1767 1456 -
1793 1405 2080 1477 Fratres
2111 1409 2359 1478 sancte
2385 1406 2612 1478 Marie
2640 1406 2757 1481 del
2783 1409 2948 1480 Car-

292 1527 499 1602 mino.
538 1570 635 1583 —
671 1530 956 1600 Fratres
988 1526 1457 1600 eremitarum
1507 1526 1734 1601 sancti
1782 1528 2186 1624 Augustini.
2230 1573 2328 1586 -—-
2367 1534 2652 1606 Fratres
2697 1507 2943 1607 sancte

285 1653 490 1728 Marie
534 1652 725 1728 della
755 1676 969 1742 nova,
1004 1653 1325 1727 minores
1368 1652 1533 1726 dell’
1560 1653 2029 1728 osservantia.
2061 1697 2160 1710 --
2191 1658 2474 1730 Fratres
2503 1658 2730 1738 sancti
2758 1664 2945 1732 Lau-

282 1779 479 1854 rentii
520 1779 886 1853 minorum
920 1779 1529 1854 conventualium.
1566 1821 1661 1834 -
1685 1781 1972 1854 Fratres
1992 1782 2220 1855 sancti
2244 1781 2628 1856 Dominici.
2657 1789 2946 1860 -Fra-

287 1915 425 1980 tres
456 1905 692 1980 sancti
720 1905 914 1980 Petri
946 1905 1037 1978 ad
1061 1904 1423 2002 Majellam
1455 1904 2004 1980 Celestinorum.
2062 1949 2158 1962 -
2183 1909 2468 1982 Fratres
2496 1911 2720 1982 sancti
2755 1911 2946 1984 Petri

284 2031 367 2106 ad
380 2035 603 2104 Aram
622 2031 1143 2105 canonicorum
1163 2029 1599 2127 regularium
1618 2030 1846 2104 sancti
1863 2032 2270 2128 Augustini.
2292 2073 2390 2087 ——
2405 2037 2687 2107 Fratres
2703 2040 2948 2108 sancte

282 2157 493 2231 Marie
548 2157 825 2230 Montis
872 2155 1217 2254 Virginis,
1263 2155 1537 2229 ordinis
1591 2155 2165 2230 humiliatorum.
2219 2201 2317 2213 —
2364 2161 2650 2232 Fratres
2701 2167 2949 2234 sancte

281 2285 495 2358 Marie
540 2282 818 2358 Montis
861 2281 1143 2356 Oliveti.
1180 2325 1277 2339 --
1309 2286 1593 2358 Fratres
1642 2282 1872 2356 sancti
1911 2282 2261 2374 Severini,
2299 2285 2529 2357 sancti
2577 2287 2950 2362 Benedicti

278 2410 789 2509 congregatios
826 2408 1058 2483 sancti
1090 2407 1320 2484 Pauli.
1366 2451 1463 2464 -—
1505 2407 1757 2484 Clerus
1798 2407 2103 2484 civitatis
2143 2409 2612 2506 Neapolitane
2659 2434 2789 2487 suo
2831 2436 2950 2485 or-

276 2535 458 2612 dine.
492 2581 601 2593 —
637 2535 879 2610 Salme
909 2534 1128 2634 legati
1159 2559 1263 2609 xu
1294 2534 1402 2609 vel
1435 2534 1652 2608 circa.
1697 2577 1793 2590 -
1836 2534 2157 2608 Curiales
2187 2535 2377 2632 regis
2416 2536 2836 2629 familiareS,
2880 2547 2952 2612 et

276 2662 836 2762 aliissinferioreS.
882 2705 981 2717 —
1024 2659 1315 2736 Nobiles
1354 2660 1804 2758 Neapolitani
1843 2666 1917 2734 et
1957 2660 2260 2734 curiales
2296 2661 2515 2759 regis.
2553 2707 2649 2720 -
2679 2662 2951 2740 Valisia

270 2789 503 2886 legati.
550 2833 663 2844 —
704 2787 1005 2861 Familia
1040 2785 1285 2884 legati.
1334 2829 1429 2842 -—
1478 2789 1797 2860 Barones
1845 2785 2176 2859 comites.
2228 2786 2632 2885 (Processio
2695 2787 2948 2861 ordine

270 2913 727 3010 supradictO,
764 2920 842 2987 ut
874 2912 1083 2986 citius
1113 2910 1563 3010 expediatur,
1599 2917 1942 3008 poterunt
1972 2918 2282 3007 quatuor
2313 2912 2524 2985 simul
2556 2909 2944 3009 incedere).

266 3085 357 3097 —
412 3045 623 3116 Crux
668 3039 891 3137 legati
950 3062 1167 3136 quam
1222 3043 1619 3134 sequentur
1678 3058 1936 3109 omnes
1983 3035 2311 3109 canonici
2371 3035 2819 3133 Neapolitani
2879 3041 2950 3109 et

265 3167 874 3266 archiepiscopus
903 3170 1195 3262 paratus
1232 3169 1551 3260 utsupra
1575 3161 1912 3235 diximus

358 3299 693 3394 Legatus
725 3315 896 3367 cum
926 3315 1097 3390 rege
1130 3316 1173 3366 a
1198 3289 1505 3364 sinistris
1537 3289 1673 3363 sub
1696 3287 2156 3362 baldachino.

360 3425 519 3496 Don
581 3419 1001 3495 Fridericus
1059 3418 1148 3492 de
1206 3415 1591 3514 Aragonia,
1657 3414 1877 3488 frater
1941 3413 2160 3509 regiS,
2215 3435 2258 3486 a
2315 3409 2621 3486 sinistris
2670 3409 2949 3483 habens

260 3559 639 3625 oratorem
690 3547 887 3644 regis
947 3544 1485 3643 Hispaniarum.
1522 3585 1618 3597 -
1655 3541 1792 3615 Alii
1847 3539 2130 3637 regales
2175 3560 2308 3613 suo
2355 3537 2645 3627 ordine,
2687 3535 2949 3632 singuli

262 3673 629 3748 habentes
660 3699 710 3747 a
738 3672 1046 3747 sinistris
1070 3677 1397 3745 oratores
1430 3667 1737 3741 aliorum
1758 3664 2164 3764 principum
2192 3664 2334 3737 sive
2351 3667 2854 3761 potentatuum
2876 3659 2950 3734 in

264 3801 460 3875 curia
510 3800 722 3898 regis
765 3797 1183 3886 existentes,
1222 3800 1318 3885 et,
1354 3791 1761 3867 oratoribus
1809 3789 2338 3880 deficientibuS,
2373 3787 2562 3862 inter
2592 3810 2670 3862 se
2699 3785 2850 3859 bini
2883 3791 2952 3858 et

261 3928 407 4001 bini
440 3925 806 4002 incedant
842 3949 859 3998 ε
891 3921 1146 4020 prelati
1178 3943 1347 3996 cum
1375 3919 1617 4017 legato
1651 3918 2046 4008 venientes,
2080 3915 2399 4012 singulos
2429 3912 2607 4014 alios
2633 3910 2950 4009 prelatos

266 4051 333 4128 in
363 4054 685 4128 sinistra
713 4050 1096 4140 habenteS,
1129 4047 1347 4122 etiam
1375 4045 1435 4119 si
1466 4045 1582 4119 alii
1616 4042 1874 4143 prelati
1908 4041 2064 4116 aliis
2096 4039 2462 4136 digniores
2491 4035 2602 4110 vel
2625 4035 2948 4109 seniores

270 4181 593 4254 existant
613 4180 836 4277 juxta
874 4174 1204 4248 ordinem
1232 4169 1710 4271 promotionis
1741 4191 2034 4258 eorum;
2069 4188 2250 4262 quos
2273 4187 2410 4261 ego
2440 4167 2656 4261 prout
2685 4182 2952 4258 cogno-

261 4329 455 4398 vero,
495 4300 895 4379 ordinabo.
928 4299 1251 4374 Prelatos
1282 4303 1681 4393 sequantur
1713 4294 1833 4367 alii
1864 4291 2171 4390 regaleS.

356 4427 911 4507 serenissimus
953 4424 1368 4522 Alphonsus
1410 4422 1649 4497 Sicilie
1686 4444 1839 4512 rex,
1876 4417 2247 4493 intellecto
2281 4415 2590 4489 adventu
2631 4411 2819 4487 Rmi.
2856 4414 2942 4484 D.

260 4557 667 4636 cardinalis
720 4552 985 4627 Montis
1037 4548 1323 4646 Regalis
1368 4547 1461 4620 ad
1506 4547 1739 4643 ipsum
1792 4543 2319 4630 coronandum,
2357 4538 2479 4634 qui
2529 4536 2828 4611 recessit
2859 4558 2950 4610 ex

264 4686 453 4762 L'rbe
506 4683 639 4758 die
690 4679 881 4777 jovis
927 4681 1017 4750 24
1062 4674 1309 4773 aprilis
1358 4673 1747 4771 presentis,
1796 4669 2134 4745 eumdem
2180 4670 2466 4738 Rmum.
2504 4666 2592 4737 D.
2625 4663 2946 4760 legatum

263 4805 750 4886 convenienti
795 4805 1073 4876 honore
1120 4799 1446 4899 recipere
1491 4798 1766 4889 volenS,
1821 4794 2101 4870 obviam
2153 4790 2218 4865 ei
2266 4789 2461 4864 misit
2517 4787 2947 4885 magnificos

263 4937 610 5011 dominos
680 4929 1090 5002 Johannem
1150 4923 1617 5000 Thomasium
1684 4920 1964 4995 Caraffa
2028 4916 2375 4992 comitem
2441 4913 2811 5002 Mataloni,
2876 4920 2948 4986 et

264 5063 760 5138 Franciscum
810 5053 1180 5142 Turolum,
1241 5049 1585 5126 comitem
1630 5045 1996 5136 Montorii,
2043 5043 2162 5140 qui
2227 5043 2462 5139 ipsum
2508 5039 2830 5136 legatum
2872 5035 2947 5107 in

266 5189 557 5265 civitate
614 5179 887 5268 Fundi,
933 5177 1125 5251 idem
1169 5175 1429 5251 deinde
1472 5171 1896 5270 magnificos
1944 5172 2097 5243 DD.
2138 5166 2499 5240 Andream
2545 5160 2945 5235 Mattheum
