3625 6059
684 506 789 561 144
1586 498 1936 557 JOHANNIS
1985 497 2424 567 BURCHARDI,
3047 494 3172 558 [Mai
3207 494 3374 553 1494]

688 661 1103 733 reverenter
1154 656 1247 731 ad
1302 655 1699 731 thalamum
1757 678 1801 727 a
1851 653 2136 727 duobus
2191 650 2341 724 suis
2393 648 2894 724 assistentibus
2945 646 3038 720 ad
3085 645 3374 745 gradus
3463 662 3472 669 ·

690 782 983 857 thalami
1016 781 1449 871 associatum
1488 781 1638 865 ubi,
1673 779 1866 853 facta
1907 785 1980 852 et
2014 781 2306 873 recepta
2347 774 2780 864 reverentia,
2815 772 3116 847 dimisso
3147 794 3372 868 rege,

688 907 784 981 ad
828 932 961 983 sua
1000 907 1168 983 loca
1214 914 1694 983 revertuntur.
1736 910 1890 979 Rex
1931 901 2258 978 ascendit
2289 901 2695 976 thalamum
2733 900 2902 975 etin
2929 898 3114 972 solio
3147 896 3374 972 sedet

692 1057 921 1131 usque
952 1032 1043 1107 ad
1076 1033 1585 1131 prefationem.
3123 1100 3132 1105 .

789 1162 1128 1255 Legatus,
1158 1164 1323 1255 post
1348 1180 1717 1232 recessum
1744 1154 1962 1253 regiS,
1988 1154 2332 1253 depositis
2363 1152 2830 1245 chirothecis„
2857 1151 3044 1226 lavat
3065 1172 3370 1239 manus,

690 1283 1017 1359 ascendit
1042 1285 1134 1358 ad
1160 1283 1387 1359 altare
1414 1290 1487 1358 et
1516 1282 1979 1381 prosequitur
2009 1281 2304 1355 missam
2335 1304 2540 1355 more
2571 1280 2810 1355 solito.

789 1412 1022 1508 Super
1050 1409 1354 1485 calicem
1390 1408 1543 1485 sive
1572 1417 1942 1507 patenam,
1979 1415 2345 1506 ponuntur
2373 1430 2498 1482 sex
2540 1407 2810 1497 hostie,
2841 1402 3176 1480 videlicet
3214 1408 3375 1477 tres

692 1558 955 1632 magne
1004 1541 1076 1608 et
1122 1540 1267 1608 tres
1310 1556 1525 1631 parve
1568 1558 1583 1606 ε
1623 1531 1715 1605 de
1754 1532 2012 1628 quibus
2061 1530 2542 1607 subdiaconus
2585 1532 2709 1605 dat·
2747 1554 2967 1605 unam
3015 1550 3374 1626 magnam

694 1666 767 1733 et
801 1683 1018 1734 unam
1065 1681 1357 1757 parvam
1394 1655 1930 1747 credentiariis;
1985 1662 2057 1730 et
2095 1656 2186 1731 de
2227 1657 2558 1755 ampullis
2603 1656 2742 1730 vini
2771 1663 2840 1731 et
2869 1677 3056 1751 aque
3104 1651 3178 1725 in
3219 1676 3380 1725 una

695 1792 885 1860 tazza
930 1807 1063 1882 pro
1110 1783 1508 1873 credentia,
1561 1791 1634 1856 et
1678 1806 1846 1856 cum
1895 1782 2229 1881 ampullis
2271 1782 2615 1881 predictis
2663 1786 2992 1880 portatur
3037 1784 3236 1852 tazza
3281 1775 3380 1849 ad

696 1909 921 1984 altare
944 1908 1161 1985 etiam
1188 1933 1320 2007 pro
1340 1909 1595 2007 proba,
1634 1909 1751 1982 uh‘i
1784 1932 1922 2006 ego
1949 1909 2044 1983 do
2074 1932 2293 1984 unam
2321 1909 2640 1983 hostiam
2671 1929 3011 2005 magnam
3042 1909 3116 1980 et
3144 1925 3376 1977 unam

696 2056 990 2132 parvam
1032 2033 1477 2109 subdiacono
1507 2057 1639 2131 pro
1682 2033 1935 2133 proba,
1971 2040 2044 2109 et
2081 2034 2172 2110 de
2211 2030 2546 2133 ampullis
2579 2033 2719 2107 vini
2752 2037 2824 2106 et
2854 2054 3040 2128 aque
3069 2030 3148 2103 in
3179 2037 3380 2103 tazza

696 2160 935 2235 eidem
968 2159 1187 2236 etiam
1212 2184 1345 2258 pro
1375 2160 1626 2259 proba.
1662 2160 1821 2235 Alia
1845 2161 2053 2251 fiunt,
2092 2166 2170 2235 ut
2197 2160 2398 2236 aliaS.

793 2285 1113 2361 incensis
1154 2310 1287 2384 per
1326 2286 1648 2383 legatum
1693 2286 1952 2360 oblatis
1999 2287 2093 2361 ad
2140 2288 2391 2377 altare,
2435 2287 2856 2361 incensatur
2902 2284 3190 2383 legatus
3243 2308 3380 2383 per

698 2410 1083 2486 diaconum
1113 2419 1226 2487 ter
1256 2412 1390 2488 sib'i
1422 2414 1868 2490 thuribulum
1899 2414 2327 2492 offerentem
2363 2443 2379 2489 z
2417 2422 2573 2489 tum
2603 2438 2772 2489 cum
2801 2413 3114 2487 diacono
3149 2410 3379 2486 thuri-

700 2533 951 2607 bulum
972 2533 1347 2611 deferente
1377 2538 1658 2612 accedit
1688 2539 1781 2612 ad
1809 2562 2059 2637 regem
2091 2540 2163 2613 in
2195 2540 2512 2614 thalamo
2543 2562 2710 2613 cum
2741 2539 2956 2614 mitra
2975 2537 3382 2636 archiepis-

701 2681 923 2756 copus
954 2658 1463 2756 Neapolitanus
1491 2688 1508 2749 ;
1544 2686 1687 2759 quo
1719 2662 1993 2737 ibidem
2017 2664 2436 2755 constituto,
2463 2662 2690 2761 surgit
2721 2687 2847 2737 rex
2875 2685 3042 2736 cum
3063 2682 3372 2749 corona,

711 2788 783 2857 et
843 2782 1435 2883 archiepiscopus
1498 2786 1829 2883 deposita
1883 2789 2120 2879 mitra,
2174 2798 2476 2888 accepto
2531 2787 2924 2880 thuribulo,
2969 2786 3161 2860 facta
3221 2782 3375 2880 regi
3504 2853 3523 2871 ,

704 2908 1105 2985 reverentia
1144 2933 1309 2984 cum
1343 2910 1606 3008 capite,
1642 2918 1841 2987 stans
1881 2920 2048 2989 ante
2091 2916 2423 2989 ultimum
2465 2915 2767 3013 gradum
2807 2913 2992 3004 solii,
3039 2912 3377 2985 incensat

704 3058 953 3132 regem
986 3057 1153 3109 cum
1184 3058 1455 3111 corona
1493 3041 1830 3129 stantem,
1868 3039 2084 3115 ter'ei
2127 3039 2574 3114 thuribulum
2605 3040 2904 3114 ducens.
2939 3041 3156 3127 Tum,
3187 3038 3382 3111 facta

704 3157 868 3248 sibi,
912 3166 987 3233 ut
1033 3160 1260 3256 prius,
1305 3163 1734 3254 reverentia,
1780 3163 2020 3237 reddit
2065 3154 2509 3239 thuribulum
2557 3164 2894 3253 diaconO,
2943 3168 3016 3237 et
3065 3168 3378 3260 accepta

705 3282 919 3358 mitra
948 3290 1015 3357 et
1054 3306 1219 3357 cum
1260 3308 1348 3357 ea
1387 3287 1537 3383 regi
1580 3289 1984 3363 reverentia
2011 3289 2224 3383 facta,
2261 3292 2445 3366 redit
2489 3292 2581 3365 ad
2622 3291 2865 3366 locum
2906 3315 3146 3366 suum.
3179 3297 3378 3366 Inte-

710 3405 847 3479 rim
891 3405 1237 3480 diaconus
1275 3408 1603 3485 incensat
1636 3434 1892 3488 omnes
1937 3416 2202 3513 regios,
2243 3414 2353 3487 bis
2393 3414 2694 3489 cuilibet
2733 3415 3005 3489 ducens
3044 3414 3380 3489 thuribu-

704 3530 882 3622 lum,
946 3538 1099 3605 tum
1158 3533 1787 3633 archiepiscopum
1835 3526 2370 3614 Antiochenam
2410 3564 2494 3613 ac
2533 3521 2790 3614 omnes
2829 3539 3007 3614 alios
3053 3538 3378 3638 prelatos

708 3662 1022 3752 paratos,
1067 3657 1365 3733 cuilibet
1410 3660 1520 3733 bis
1562 3660 2012 3737 thuribulum
2053 3666 2324 3739 ducens
2356 3688 2372 3755 ;
2409 3672 2570 3763 post
2610 3666 2928 3762 prelatos
2966 3664 3380 3739 incensabit

710 3786 1061 3873 oratoreS,
1104 3782 1529 3882 episcopum
1585 3788 2084 3885 Tropiensem‚
2119 3796 2192 3865 et
2229 3791 2436 3881 alioS,
2469 3790 2880 3889 capellanos
2940 3790 3257 3889 majores
3309 3798 3383 3864 et

708 3904 887 3979 alios
944 3905 1159 3997 duos,
1220 3908 1712 3985 confessorem
1782 3920 1854 4006 et
1923 3914 2556 3989 eleemosinarium
2624 3916 2697 3989 in
2766 3915 3086 3989 thalamo
3149 3914 3377 4011 regia

710 4030 1047 4122 barones,
1105 4031 1417 4108 electum
1474 4035 2031 4130 Aconicensem,
2083 4040 2617 4138 protonotarios
2670 4040 2862 4115 della
2917 4044 3109 4139 Sega
3157 4047 3230 4113 et
3289 4041 3380 4115 de

712 4156 1165 4253 Sermoneta,
1230 4160 1315 4231 D.
1372 4162 1900 4237 Bernardinum
1955 4165 2480 4241 subdiaconum
2539 4171 2611 4240 et
2659 4156 2982 4266 acolytos
3029 4166 3386 4263 apostoli-

713 4302 839 4353 cos
877 4279 1119 4377 legato
1159 4282 1605 4377 assistentes,
1652 4287 2162 4379 subdiaconoS,
2198 4290 2377 4365 alios
2412 4290 2824 4387 capellanos
2867 4296 3178 4388 togatoS‚
3215 4314 3386 4363 scu-

718 4403 967 4479 tiferos
1004 4404 1249 4503 legati,
1286 4407 1863 4501 credentiarum3
1909 4414 2210 4511 singulis
2245 4415 2358 4487 his
2401 4415 2628 4491 semel
2665 4421 2945 4489 tantum
2983 4415 3180 4489 ducit
3211 4415 3386 4487 thu-

721 4530 1059 4622 ribulum,
1096 4537 1249 4605 tum
1282 4555 1397 4606 me
1431 4534 1860 4627 incensabit,
1893 4543 1967 4611 et
1995 4560 2132 4635 ego
2163 4560 2355 4613 eum.

817 4657 1089 4751 Legato
1150 4656 1630 4751 prefationem
1678 4660 2096 4758 incipiente,
2141 4664 2371 4762 surgit
2409 4689 2536 4739 rex
2583 4688 2748 4739 cum
2797 4688 3094 4758 corona,
3149 4674 3250 4757 et,
3300 4688 3392 4740 ea

722 4775 951 4866 finita,
986 4779 1316 4875 deposita
1346 4782 1480 4857 sibi
1510 4805 1809 4875 corona,
1841 4785 2013 4860 dicit
2043 4811 2210 4862 cum
2241 4789 2634 4887 capellanis
2661 4792 2838 4883 suis,
2871 4794 3180 4866 Sanctus
3207 4802 3388 4881 etc.;

724 4923 867 4999 quo
898 4900 1119 4992 dicto,
1154 4916 1605 5006 reassumpta
1632 4932 1930 4999 corona,
1964 4914 2288 4988 ascendit
2313 4914 2405 4987 ad
2435 4915 2706 4992 sediale
2739 4941 2952 4991 suum
2990 4916 3111 4990 ubi
3159 4939 3393 5013 genu-

726 5026 977 5117 flectit,
1021 5026 1336 5103 dimissis
1386 5056 1681 5125 corona,
1732 5044 2018 5135 sceptro
2057 5046 2130 5114 et
2177 5063 2422 5136 pom0,
2469 5041 2572 5118 sic
2629 5066 2960 5133 manem,
3005 5064 3390 5181 quousque

726 5153 811 5227 ad
838 5154 1430 5229 communionem
1454 5159 1544 5231 sit
1567 5159 1820 5235 iturus.
