3625 6059
627 522 734 576 500
1535 483 1887 566 JoH'ANNlS
1937 508 2379 580 BURCHARDI,
2806 515 3129 578 {usnemun-
3164 521 3309 580 um·

634 670 998 773 prosecuti
1044 675 1247 751 sunt,
1299 687 1584 738 murum
1633 687 1861 760 usque
1920 663 2011 738 ad
2063 665 2537 761 quantitatem
2594 667 3055 766 designatam
3106 697 3309 748 rum-

634 806 890 898 pentes
917 821 935 886 ;
965 795 1042 867 in
1080 815 1221 889 qua
1263 797 1581 888 ruptura,
1618 789 1933 863 mediam
1973 790 2230 863 horam
2277 791 2385 865 vel
2428 791 2621 866 circa
2658 809 3309 893 consumpserunt,

637 921 1053 998 cantoribus
1101 916 1366 989 nostris
1415 914 1760 988 continuo
1813 911 2247 1011 antiphonas
2292 921 2365 987 et
2409 923 2701 989 cantum
2744 939 3001 992 eorum
3048 946 3313 1020 supra—

635 1047 984 1144 scriptum
1030 1040 1320 1115 interim
1364 1037 1819 1113 cantantibus
1868 1045 1939 1112 et
1991 1039 2513 1134 repetentibus.
2564 1044 3125 1141 Quamprimum
3174 1049 3307 1120 SS.

637 1178 724 1246 D.
761 1175 846 1244 N.
882 1165 1208 1266 pervenit
1250 1163 1340 1238 ad
1380 1169 1662 1261 portam
1701 1161 2132 1260 predictam,
2167 1169 2556 1260 antequam
2598 1168 2992 1244 versiculos
3034 1179 3113 1244 et
3142 1195 3313 1246 ora-

633 1298 906 1370 tionem
934 1290 1412 1391 prescriptam
1438 1294 1839 1378 cantarent,
1872 1287 2121 1360 RRmi.
2151 1291 2303 1362 DD.
2330 1290 2732 1365 cardinales
2760 1295 3310 1386 UlixbonensiS,

637 1420 978 1508 Ursinus,
1037 1421 1121 1490 R.
1187 1418 1270 1487 D.
1332 1413 1921 1510 archiepiscopus
1981 1413 2383 1510 Ragusinus
2447 1416 2567 1511 qui
2635 1418 2853 1492 etiam
2918 1419 3021 1495 ibi
3072 1425 3310 1519 parati

636 1548 1059 1633 intererant,
1095 1544 1556 1614 recesserunt
1581 1536 1748 1611 ituri
1777 1537 1869 1611 ad
1898 1537 2234 1610 basilicas
2265 1545 2338 1612 et
2372 1539 2721 1614 ecclesias
2752 1541 2842 1616 ad
2872 1546 3313 1642 aperiendas

637 1672 908 1746 ibidem
936 1672 1178 1767 portas
1208 1689 1490 1754 aureas,
1527 1670 1740 1761 prout
1771 1688 1814 1738 a
1840 1667 1966 1738 SS.
2006 1669 2092 1738 D.
2120 1669 2207 1740 N.
2245 1666 2473 1741 suerat
2505 1690 2965 1768 concessum.
2998 1671 3189 1744 Dedi
3220 1677 3307 1744 D.

637 1795 1183 1893 archiepiscopo
1226 1791 1591 1888 Ragusino
1631 1790 1913 1887 copiam
1944 1791 2462 1864 versiculorum
2494 1797 2568 1864 et
2595 1793 2945 1866 orationis
2982 1796 3311 1892 predicte

637 1943 770 2019 pro
801 1917 1308 1992 informatione
1336 1938 1466 1988 sua
1491 1922 1561 1989 et
1593 1915 2095 2007 instructione,
2126 1938 2265 2013 que
2300 1924 2374 1989 et
2403 1917 2767 2013 quomodo
2792 1917 2865 1990 in
2900 1920 3309 2016 aperitione

636 2051 845 2144 porte
875 2065 1094 2116 auree
1124 2040 1417 2114 basilice
1450 2063 1510 2112 S.
1548 2038 1744 2111 Pauli
1775 2045 2065 2114 acturus
2096 2049 2325 2128 esset;
2362 2040 2492 2116 sed
2515 2064 2753 2137 neque
2785 2041 3047 2133 abbaS‚
3072 2067 3307 2141 neque

641 2166 980 2242 monachi
1026 2166 1168 2239 ullo
1199 2164 1418 2238 modo
1459 2162 1785 2238 sciebant
1823 2187 1963 2260 que
1994 2171 2189 2240 esset
2217 2173 2427 2262 porta
2466 2189 2689 2240 aurea
2727 2167 2798 2238 in
2842 2166 3047 2243 dicta
3074 2169 3310 2244 eccle-

643 2296 750 2369 sia
791 2292 1123 2391 :aperuit
1151 2296 1450 2389 propter
1479 2310 1592 2379 ea,
1637 2298 1714 2361 ut
1747 2289 1921 2362 mihi
1956 2296 2209 2385 postea
2239 2291 2508 2382 retulit,
2547 2298 2688 2364 tres
2728 2298 2977 2388 portas
3022 2293 3101 2365 in
3133 2292 3311 2368 facie

645 2418 953 2494 ecclesie
1001 2415 1436 2502 obstructaS,
1469 2413 1736 2510 potiuS,
1774 2420 1853 2486 ut
1893 2414 2251 2500 existimo,
2284 2415 2376 2487 ad
2418 2416 2993 2511 praeludendum
3040 2420 3307 2493 malum

644 2569 888 2622 aerem
919 2565 1133 2639 quam
1163 2524 1302 2612 alia
1332 2538 1612 2611 ratione
1659 2545 2005 2613 muratas.
2044 2543 2149 2612 De
2178 2539 2293 2614 his
2328 2548 2569 2614 tamen
2603 2566 2859 2639 parum
2900 2550 3017 2617 est
3056 2569 3313 2618 curan-

649 2671 846 2760 dum,
873 2668 1042 2766 quia
1070 2663 1224 2739 sola
1254 2663 1434 2736 fides
1463 2662 1684 2736 salvat
1713 2663 2098 2752 rusticum;
2137 2663 2603 2740 ridiculosum
2638 2675 2879 2741 tamen
2914 2670 3101 2742 mihi
3126 2669 3313 2743 vide-

652 2797 864 2872 batur
912 2792 1108 2891 quod
1141 2813 1395 2863 omnes
1446 2788 1765 2885 religiosi
1807 2788 1978 2862 dicti
2027 2791 2445 2864 monasterii
2490 2797 2760 2866 tantam
2805 2817 2967 2867 rem
3026 2796 3312 2892 ignora-

651 2928 811 2997 rent
842 2920 967 3012 (¹).
996 2921 1124 2993 SS.
1155 2919 1238 2988 D.
1277 2919 1394 3002 N„
1425 2914 1710 2988 interim
1742 2913 1938 3009 quod
1958 2920 2167 3011 porta
2190 2915 2516 3012 predicta
2544 2941 2603 2989 s,
2632 2920 2823 2992 Petri
2851 2928 3313 3017 rumperetur

651 3071 780 3121 seu
819 3044 1338 3143 perforaretur,
1370 3063 1661 3137 semper
1693 3039 2069 3113 admonuit
2112 3047 2185 3114 et
2216 3039 2386 3115 fecit
2416 3042 2790 3118 admoneri
2832 3045 3037 3141 quod
3074 3045 3311 3118 nullus

649 3177 818 3243 ante
850 3167 1320 3242 Sanctitatem
1353 3185 1558 3238 suam
1587 3163 2108 3259 presumpserit
2136 3187 2297 3236 eam
2327 3167 2803 3261 pertransire;
2844 3192 2993 3265 quo
3016 3194 3171 3244 non
3200 3171 3319 3244 ol:-

652 3298 913 3381 stante,
958 3315 1138 3364 unus
1182 3315 1272 3364 ex
1318 3289 1845 3362 laboratoribus
1898 3288 1989 3361 ab
2038 3289 2223 3362 intra
2271 3289 2738 3365 existentibus
2776 3293 3319 3370 inadvertenter

653 3425 726 3490 et
755 3414 1089 3489 celeriter
1115 3412 1575 3510 pertransivit
1603 3412 2023 3510 hujusmodi
2059 3419 2343 3510 portam
2387 3420 2465 3488 ut
2506 3415 2871 3511 quoddam
2910 3417 3203 3512 lignum
3232 3419 3315 3491 ab

653 3545 857 3611 extra
885 3536 1202 3610 existens
1243 3545 1560 3634 caperet.
1594 3543 1654 3611 A
1692 3561 1808 3612 me
1852 3538 2337 3634 reprehensus
2366 3562 2515 3613 non
2553 3541 2765 3616 rediit
2797 3543 3024 3634 intus,
3062 3543 3197 3617 sed
3236 3568 3315 3616 ex

652 3661 810 3736 aliis
837 3661 1074 3734 nullus
1107 3661 1395 3736 intravit
1432 3664 1542 3736 vel
1581 3663 1796 3738 exivit
1830 3670 1995 3738 ante
2032 3668 2322 3761 Papam.
2361 3668 2596 3762 Rupto
2622 3689 2828 3740 muro
2858 3668 2953 3739 ad
2981 3678 3318 3765 opportu-

653 3787 953 3862 nitatem
993 3809 1124 3884 pro
1160 3793 1390 3883 porta,
1427 3790 1554 3860 SS.
1593 3791 1680 3862 D.
1719 3791 1804 3860 N.
1838 3787 1927 3862 de
1968 3787 2141 3862 sede
2185 3787 2637 3864 descendens
2682 3789 2804 3862 ivit
2842 3791 3195 3887 pedester
3230 3792 3319 3865 ad

653 3916 965 4011 portam,
997 3911 1086 3984 ad
1137 3912 1340 4009 cujus
1384 3911 1608 3984 limen
1648 3913 2045 4009 genuflexit
2086 3912 2372 3986 detecto
2419 3915 2692 4012 capite3
2738 3915 2966 3988 oravit
3020 3916 3115 3988 ad
3156 3940 3317 4012 spa-

655 4038 834 4112 tium
885 4037 1104 4111 medii
1155 4037 1506 4124 miserere,
1557 4036 1937 4111 candelam
1998 4061 2202 4111 suam
2265 4037 2641 4113 ardentem
2699 4039 3050 4113 continuo
3098 4063 3313 4114 manu

657 4163 947 4236 sinistra
973 4163 1316 4237 retinens.
1358 4163 1680 4236 Surrexit
1711 4169 1782 4236 et
1819 4184 1957 4258 ego
1999 4185 2167 4237 eum
2210 4163 2342 4234 sub
2382 4161 2683 4235 brachio
2714 4161 3007 4235 sinistro
3039 4163 3135 4236 ad
3164 4185 3313 4236 ma-

655 4307 828 4359 num
883 4287 1245 4361 sinistram
1301 4309 1505 4361 suam
1559 4311 1721 4360 cum
1772 4286 2075 4363 candela
2123 4287 2455 4376 sustinui,
2499 4292 2571 4360 et
2610 4287 2898 4360 intravit
2946 4291 3145 4384 Papa
3190 4311 3315 4385 per

655 4409 940 4508 portam
971 4410 1264 4485 basilice
1291 4411 1638 4509 predicte,
1671 4417 1744 4486 et
1770 4433 1933 4506 ego,
1967 4410 2311 4484 continuo
2344 4433 2509 4482 cum
2540 4433 2656 4500 eo,
2684 4433 2815 4484 seu
2846 4410 3030 4483 sorte
3058 4433 3309 4506 parum

659 4542 826 4612 ante
867 4559 1034 4610 eum
1080 4544 1154 4611 et
1192 4540 1278 4609 D.
1325 4538 1810 4612 Bernardinus
1856 4536 2096 4610 socius
2147 4534 2527 4608 nobiscum
2572 4534 2667 4607 ad
2703 4534 3080 4608 dexteram
3122 4538 3308 4631 Pape

659 4653 1050 4748 sustinens,
1097 4661 1583 4756 processimus
1642 4661 1745 4735 sic
1803 4685 1967 4734 cum
2029 4660 2378 4735 Pontifice
2431 4683 2658 4756 usque
2708 4660 2799 4734 ad
2841 4659 3303 4734 medietatem

655 4785 846 4860 illius
876 4786 1073 4859 navis
1106 4785 1225 4858 ubi
1258 4789 1451 4883 Papa
1484 4809 1562 4860 se
1603 4784 1969 4884 paululum
1998 4783 2305 4859 firmavit
2344 4793 2417 4858 et
2460 4785 2689 4860 secuti
2726 4793 2895 4859 sunt
2934 4807 3105 4859 eum
3136 4807 3301 4858 crux

657 4935 788 4986 sua
816 4933 979 4986 cum
1017 4911 1499 5002 subdiaconiS,
1529 4909 1929 4986 cardinales
1962 4918 2034 4984 et
2064 4911 2317 5009 prelati
2349 4933 2517 4985 cum
2548 4933 2814 5007 magna
2842 4933 3208 5006 pressura,
3234 4917 3297 4982 et

728 5097 779 5152 ί.
821 5095 976 5154 Cette
1015 5115 1297 5170 remarque
1334 5099 1402 5153 de
1443 5097 1722 5154 Burchard
1763 5097 1944 5154 donne
1988 5097 2041 5154 la
2087 5105 2212 5154 note
2250 5103 2437 5153 exacte
2484 5097 2557 5152 du
2598 5095 2938 5170 scepticisme
2968 5097 3067 5152 des
3110 5097 3295 5168 pre1ats

659 5183 896 5241 romains
927 5187 1018 5258 qui
1050 5184 1405 5258 exploitaient
1433 5186 1481 5240 le
1511 5187 1652 5244 culte
1682 5188 1811 5243 cl’un
1842 5187 1968 5243 dieu
1989 5186 2187 5260 auquel
2216 5187 2499 5258 beaucoup
2528 5203 2599 5240 ne
2626 5185 2905 5258 croyaient
2934 5203 3051 5257 pas,
