3625 6059
591 582 662 637 84
1501 574 1530 629 J
1537 573 1778 629 OHANN
1786 570 1851 627 IS
1903 570 1996 626 BU
2006 567 2349 635 RCHARDI,
2744 562 3083 625 [Septembre
3117 562 3261 623 1493]

689 731 818 805 Die
849 736 937 803 24
966 730 1134 804 dicti
1166 727 1462 817 mensiS,
1499 724 1885 800 cardinalis
1917 721 2147 797 sancti
2180 720 2370 795 Petri
2402 718 2495 790 ad
2522 713 2829 791 Vincula
2859 715 2981 812 qui
3014 714 3256 789 fuerat

593 856 786 955 apud
811 855 1082 929 Ostiam
1113 860 1183 928 et
1223 858 1307 927 D.
1346 850 1714 948 Virginius
1755 848 2057 923 Ursinus
2093 846 2525 921 sedaverunt
2563 837 3001 916 discordiam
3032 861 3253 935 quam

596 980 962 1055 habebant
1023 1003 1185 1053 cum
1237 975 1579 1076 pontifice
1633 981 1707 1050 et
1747 974 2015 1049 reversi
2074 978 2240 1047 sunt
2294 970 2390 1045 ad
2434 967 2703 1043 Urbem
2760 986 2927 1037 cum
2988 986 3259 1061 magno

601 1105 968 1203 triumpho
1001 1113 1071 1179 et
1117 1109 1578 1178 accesserunt
1618 1101 1712 1176 ad
1753 1106 2020 1198 Papam
2068 1106 2141 1173 et
2189 1098 2286 1172 ibi
2330 1118 2497 1171 cum
2542 1116 2629 1168 eo
2678 1089 2916 1166 cenati
2962 1096 3155 1178 sunt,
3193 1096 3269 1163 et

598 1229 701 1302 sic
738 1255 878 1329 pax
911 1229 1100 1305 facta
1141 1230 1272 1303 fuit
1313 1234 1388 1303 et
1425 1226 1725 1325 guardie
1766 1250 1907 1323 que
1948 1229 2154 1299 erant
2201 1224 2278 1297 in
2319 1220 2548 1321 portis
2578 1222 2857 1293 remote
2904 1214 3259 1289 fuerunt:

601 1357 728 1430 sed
757 1356 894 1430 hec
925 1381 1062 1455 pax
1095 1354 1432 1430 simulata
1459 1352 1592 1427 fuit
1621 1359 1692 1427 et
1722 1352 1887 1427 ideo
1918 1375 2067 1425 non
2098 1348 2378 1423 duravit
2409 1347 2536 1445 (1).

702 1482 834 1557 Die
881 1487 970 1555 25
1020 1480 1336 1578 augusti,
1389 1479 1462 1551 in
1513 1476 1845 1567 meridie,
1900 1481 2295 1572 tempestas
2349 1493 2615 1569 magna
2654 1468 2730 1541 in
2774 1490 2943 1543 aere
2987 1464 3145 1555 fuit,
3198 1468 3274 1535 et

607 1607 866 1705 sagitta
897 1605 1159 1681 cecidit
1188 1607 1263 1677 in
1288 1602 1746 1700 Capitolium,
1779 1600 2115 1677 videlicet
2144 1600 2217 1672 in
2251 1595 2681 1696 campanile,
2718 1601 2791 1671 et
2818 1587 3177 1692 percussit
3200 1586 3277 1659 in

610 1734 786 1809 tibia
810 1732 1200 1830 quemdam
1231 1730 1349 1827 qui
1382 1728 1714 1827 pulsabat
1745 1749 2172 1825 campanam
2204 1746 2532 1822 grossam
2564 1719 2661 1794 ad
2682 1717 3025 1817 gaudium
3054 1735 3279 1811 prop-

612 1867 722 1932 ter
761 1881 1074 1931 annuam
1119 1854 1665 1930 coronationem
1704 1851 2092 1926 Alexandri
2130 1874 2315 1948 pape
2356 1846 2565 1938 sexti,
2612 1850 2685 1919 et
2723 1838 3017 1917 abstulit
3058 1839 3149 1911 ab
3190 1858 3281 1909 eo

611 1982 928 2055 mediam
957 1983 1266 2078 caligam
1297 2002 1462 2053 cum
1493 1978 1814 2070 sotolari‚
1847 1984 1921 2053 et
1950 2002 2119 2051 eum
2146 1998 2293 2050 non
2321 1970 2715 2048 interfecit.
2748 1973 3020 2043 Iterum
3058 1963 3284 2037 intra-

613 2108 713 2181 vit
735 2132 866 2204 per
897 2106 1349 2205 Capitolium,
1382 2112 1452 2178 et
1495 2104 1723 2178 multa
1752 2104 1917 2177 loca
1954 2102 2217 2200 tetigit,
2254 2105 2327 2173 et
2365 2098 2622 2173 eadem
2666 2094 2810 2185 die,
2844 2092 3089 2189 fulgur
3110 2111 3285 2187 per-

615 2233 882 2307 cussit
905 2231 1308 2331 campanile
1379 2235 1905 2321 Lateranense,
1971 2236 2043 2302 et
2104 2234 2363 2325 postea
2425 2220 2803 2299 descendit
2867 2218 2941 2291 in
3005 2215 3281 2291 dictam

621 2358 1038 2449 ecclesim,
1071 2365 1144 2433 et
1175 2356 1509 2431 similiter
1528 2356 1693 2431 loca
1713 2356 1905 2430 lesit.

717 2485 851 2559 Die
897 2490 1016 2575 28,
1071 2490 1402 2557 mortuus
1452 2490 1563 2559 est
1608 2483 2007 2580 imperator
2036 2431 2451 2568 FedericuS‚
2494 2483 2761 2551 etcum
2796 2497 2884 2547 eo
2915 2468 3293 2570 perierunt

618 2608 1026 2708 prophetie,
1059 2615 1132 2681 et
1161 2608 1364 2682 aiunt
1391 2607 1956 2682 Maximilianum
1987 2607 2210 2681 fuisse
2240 2611 2567 2679 creatum
2600 2602 3141 2697 imperatorem.

721 2734 849 2809 Die
885 2739 975 2807 20
1007 2732 1462 2831 septembriS,
1498 2756 1686 2832 papa
1713 2733 2119 2808 Alexander
2138 2729 2411 2808 creavit
2430 2718 3285 2841 duodecimcardinaleS,

623 2866 696 2934 et
735 2860 808 2933 in
848 2882 1103 2933 eorum
1143 2859 1589 2934 creationem
1636 2863 2168 2933 consenserunt
2214 2856 2494 2931 tantum
2533 2860 2813 2951 septem
2852 2844 3288 2934 cardinaleS,

615 2985 873 3083 reliqui
905 2984 1404 3060 dissenserunt
1437 2987 1561 3087 (2).
1601 2988 1796 3057 Inter
1821 2982 2095 3082 primos
2126 2982 2258 3055 fuit
2287 2987 2573 3056 creatus
2613 2978 2805 3051 filius
2829 2971 3052 3071 ipsius
3087 2993 3179 3043 ex
3208 2991 3290 3043 se

615 3120 687 3187 et
717 3110 1029 3209 quadam
1070 3110 1374 3184 muliere
1415 3133 1634 3206 quam
1676 3109 1832 3206 ipse
1862 3114 2209 3205 nupserat
2246 3104 2535 3181 cuidam
2574 3096 2957 3178 Dominico
2996 3093 3086 3170 de
3124 3095 3294 3167 Ari-

612 3257 880 3332 gnanO,
927 3239 1000 3307 et
1045 3258 1335 3331 semper
1382 3233 1516 3308 fuit
1562 3234 1881 3324 habituS,
1928 3239 2167 3307 tentus
2222 3237 2294 3307 et
2336 3235 2710 3328 reputatus
2754 3227 2911 3324 ejus
2959 3219 3181 3309 filius,
3222 3226 3297 3293 et

611 3352 768 3448 ipse
798 3351 1072 3425 fecerat
1102 3374 1267 3424 eum
1311 3350 1731 3448 episcopum
1773 3350 2425 3449 Pampelonensem
2462 3347 2541 3420 in
2580 3345 2923 3445 Hispania
2951 3344 3077 3438 (3),
3112 3345 3293 3419 item

621 3475 850 3549 filium
883 3478 970 3547 D.
997 3475 1344 3550 Gabrielis
1375 3475 1466 3549 de
1494 3476 1882 3566 CesariniS,
1918 3476 2209 3550 fratrem
2235 3472 2521 3572 generis
2554 3471 2661 3545 sui
2696 3476 2824 3572 (4),
2850 3471 3025 3547 item
3061 3494 3291 3547 unum

624 3600 713 3675 de
753 3600 972 3676 domo
999 3602 1362 3693 Farnesia,
1400 3601 2021 3699 consanguineum
2046 3604 2083 3674 J
2091 3600 2230 3675 ulie
2264 3599 2488 3688 Belle,
2526 3599 2683 3697 ejus
2714 3596 3125 3672 concubine
3156 3596 3285 3696 (5),

697 3823 748 3882 1.
791 3822 900 3881 Sur
929 3830 1015 3881 cet
1049 3822 1265 3896 accord,
1309 3840 1435 3899 roy.
1481 3824 1871 3899 Gregorovius,
1911 3831 1950 3882 t.
1984 3824 2080 3895 VI,
2120 3839 2174 3898 p.
2216 3827 2343 3895 388,
2382 3829 2439 3881 et
2476 3820 2527 3879 la
2563 3820 2804 3896 depeche
2842 3820 2916 3877 du
2954 3822 3023 3877 17
3060 3824 3195 3877 aout
3230 3820 3305 3877 de

619 3913 866 3971 Gnidotti
896 3914 964 3971 de
995 3912 1147 3971 Colle
1176 3931 1286 3969 aux
1313 3914 1350 3969 8
1380 3914 1448 3971 de
1466 3914 1704 3986 Pratica,
1735 3918 1768 3971 a
1796 3912 2133 3988 l’appendice
2162 3922 2227 3969 n⁰
2256 3914 2327 3969 22

680 4006 735 4061 2.
777 4001 922 4059 Telle
953 4002 1098 4060 n’est
1125 4020 1224 4077 pas
1255 4001 1514 4076 l’opinion
1547 4004 1616 4059 de
1645 4004 1893 4061 Mariana
1928 4002 2023 4077 qui
2057 4002 2225 4059 ecrit:
2260 4026 2288 4053 «
2316 3999 2733 4058 Contrahiscere
2763 4016 2926 4057 nemo
2964 4001 3123 4056 Rotae
3150 3996 3307 4075 judi-

615 4111 759 4163 cum,
792 4110 952 4149 nemo
982 4091 1351 4149 Cardinalium
1392 4109 1514 4147 cum
1553 4090 1754 4165 quibus
1793 4109 1907 4147 rem
1951 4090 2387 4161 communicavit,
2420 4108 2592 4146 ausus
2630 4096 2735 4146 est.
2770 4088 2997 4145 Tantam
3036 4088 3307 4163 improbi-

611 4188 799 4251 tatem,
827 4188 937 4238 tam
963 4181 1205 4255 perditos
1239 4182 1358 4256 ejus
1391 4180 1574 4238 saeculi
1614 4198 1794 4236 mores
1826 4180 2167 4255 ingemuisse
2197 4181 2381 4237 orbem
2414 4178 2785 4236 Christianum
2827 4176 3127 4236 arbitror...
3163 4202 3194 4231 >v
3224 4180 3309 4234 De

618 4272 730 4327 reb.
766 4271 936 4343 hisp„
968 4271 1006 4327 l.
1038 4272 1237 4341 XXVI,
1271 4288 1318 4329 c,
1351 4274 1405 4329 2.

691 4363 745 4418 3.
788 4360 961 4417 Cesar
989 4360 1211 4435 Borgia,
1243 4366 1312 4417 ne
1343 4362 1416 4418 du
1455 4380 1595 4437 pape
1623 4361 1768 4419 alors
1796 4361 1929 4437 qu'il
1959 4362 2091 4420 etait
2118 4361 2380 4435 cardinal,
2414 4370 2468 4420 et
2494 4363 2563 4418 de
2601 4378 2665 4419 sa
2698 4365 2989 4417 mattresse
3026 4360 3306 4419 Vanozza.

625 4452 847 4508 Comme
886 4450 922 4507 il
951 4450 1083 4508 etait
1111 4450 1304 4508 batard
1343 4458 1398 4508 et
1433 4469 1532 4525 par
1571 4451 1712 4508 suite
1750 4453 1991 4509 inhabile
2039 4457 2072 4509 a
2107 4452 2320 4509 obtenir
2361 4470 2467 4508 une
2514 4450 2819 4526 promotion
2859 4449 3310 4525 eeclesiastique,

622 4540 704 4597 les
747 4539 1048 4597 cardinaux
1076 4538 1398 4597 Pallavicini
1427 4545 1484 4596 et
1512 4539 1696 4597 Orsini
1736 4558 1797 4597 se
1834 4541 2164 4615 chargerent
2188 4542 2257 4598 de
2297 4560 2359 4597 sa
2388 4540 2767 4614 legitimation.
2802 4539 2941 4614 Voy.
2976 4540 3043 4597 D.
3088 4540 3308 4613 Grego-

629 4630 812 4686 rovius
844 4649 905 4687 ce
934 4649 1042 4705 que
1075 4629 1350 4687 Giandrea
1380 4629 1674 4687 Boccaccio
1703 4629 1929 4687 ecrivait
1956 4634 1990 4687 a
2016 4649 2077 4687 ce
2108 4631 2253 4705 sujet
2284 4633 2537 4703 (Luc-rece
2556 4632 2780 4701 Boi-qia,
2812 4634 2853 4685 t.
2890 4630 2931 4695 I,
2964 4647 3019 4702 p.
3055 4630 3206 4701 129).

701 4720 752 4776 4.
795 4719 977 4775 Julien
1001 4720 1269 4778 Cesarini.
1304 4720 1418 4779 Son
1445 4720 1586 4777 frere
1615 4722 1752 4777 Jean
1781 4720 1928 4779 avait
1956 4724 2160 4795 epouse
2192 4720 2467 4777 Girolama
2488 4719 2712 4794 Borgia‚
2735 4720 2784 4776 le
2812 4720 2882 4774 24
2896 4718 3114 4793 janvier
3143 4720 3311 4779 1482.

698 4809 753 4865 5.
797 4807 1106 4866 Alexandra
1131 4812 1392 4882 Farnese,
1423 4809 1474 4867 le
1503 4810 1651 4867 futur
1676 4809 1815 4867 Paul
1840 4811 1935 4880 111,
1967 4815 2181 4867 nomme
2212 4814 2375 4886 grace
2406 4815 2439 4867 a
2465 4808 2745 4867 l’adultere
2783 4808 2851 4864 de
2883 4824 2947 4863 sa
2980 4825 3131 4865 soeur
3158 4807 3310 4865 Julie

625 4914 758 4954 avec
786 4895 836 4953 le
875 4914 1049 4971 pape3
1080 4899 1234 4955 aussi
1274 4898 1653 4973 l’appelait-on
1691 4897 2076 4973 plaisamment
2103 4899 2153 4957 le
2191 4900 2431 4958 cardinal
2469 4900 2539 4955 de
2580 4897 2633 4955 la
2656 4899 2813 4974 jupe,
2844 4898 3132 4954 cardinale
3162 4900 3312 4956 della

623 4987 860 5058 qonella.
894 4986 1354 5045 L’ambassadeur
1381 4988 1621 5046 venitien
1651 4990 1884 5047 Soriano
1913 4990 2080 5048 disait
2108 5008 2175 5047 en
2207 4990 2423 5063 parlant
2450 4990 2523 5047 du
2552 5006 2693 5065 pape
2722 4986 2859 5044 Paul
2890 4987 2963 5043 111
2996 5004 3009 5042 :
3036 5010 3065 5037 «
3092 4986 3172 5043 La
3202 5004 3315 5045 sua.

623 5077 973 5152 promozione
1003 5078 1055 5133 al
1083 5077 1415 5135 cardinalato
1445 5096 1554 5135 non
1583 5080 1643 5136 fu
1661 5080 1833 5138 molto
1849 5083 2104 5153 honesta,
2136 5082 2376 5139 essendo
2395 5082 2694 5155 proceduta
2722 5094 2818 5152 per
2847 5093 3017 5134 causa
3047 5094 3253 5133 oscena
3292 5094 3311 5133 :

627 5167 742 5225 cioe
773 5168 897 5225 dail'
928 5185 1110 5226 amore
1141 5186 1170 5225 e
1200 5168 1342 5225 dalla
1369 5168 1678 5227 familiarita
1704 5172 1806 5228 che
1834 5190 1971 5231 avea
2006 5190 2149 5247 papa
2176 5171 2514 5230 Alessandro
2542 5170 2616 5227 VI
2650 5186 2753 5227 con
2782 5167 2835 5225 la
2865 5168 3093 5242 sig-nora
3123 5166 3317 5226 Guilia

632 5276 734 5316 sua
764 5258 988 5331 sorella;
1019 5259 1107 5317 dal
1137 5261 1238 5317 che
1267 5276 1477 5333 necque
1507 5260 1606 5317 che
1637 5279 1733 5335 per
1760 5261 1932 5337 lungo
1962 5270 2145 5339 tempo
2173 5263 2232 5319 fu
2258 5262 2528 5320 cbiamato
2558 5261 2595 5317 il
2623 5257 2897 5319 cardinale
2934 5257 2977 5313 F
2979 5275 3236 5333 regnese.
3274 5282 3315 5311 »ι
