3625 6059
807 527 911 578 :368
1705 521 2059 577 JOHANNIS
2108 519 2550 587 BURCHARDI,
3172 520 3273 579 {Mai
3300 524 3373 567 {m

907 676 1308 766 Dominica,
1333 676 1517 747 festo
1541 673 1992 745 sanctissime
2011 673 2400 762 Trinitatis,
2428 678 2679 745 Rmus.
2705 674 2791 744 D.
2818 669 3195 744 cardinalis
3215 694 3262 741 s.
3280 671 3391 741 Dia
3473 724 3474 783 1

809 802 989 897 nysii
1012 800 1400 875 celebravit
1431 798 1726 871 missam
1763 797 2168 871 solemnem
2195 798 2267 869 in
2301 796 2493 870 dicta
2522 793 2825 892 capella,
2854 797 3052 889 Papa
3076 800 3387 887 presentv:
3472 886 3474 897 Ι

807 949 1220 1001 sermonem
1275 925 1446 998 fecit
1506 923 1733 998 frater
1775 925 2041 1019 Lippus
2094 925 2349 1009 CecuS,
2404 921 2779 1017 professus
2822 916 3095 991 ordinis
3150 916 3395 990 heremi·

809 1058 1038 1123 tarum
1067 1076 1122 1125 S.
1158 1049 1563 1146 Augustini.
1600 1049 1757 1121 Alia
1789 1070 1993 1120 more
2042 1048 2251 1120 solito
2286 1052 2451 1118 sunt
2483 1047 2886 1120 observata.

901 1174 1108 1247 Feria
1138 1172 1482 1259 secunda,
1513 1170 1644 1244 fuit
1675 1170 2188 1243 consistorium
2234 1174 2598 1243 secretum
2630 1168 2703 1240 in
2732 1192 2876 1264 quo
2908 1173 3160 1241 Rmus.
3194 1172 3267 1241 Ι).
3296 1190 3398 1241 car·
3474 1183 3476 1269 4

802 1298 1060 1370 dinalis
1089 1298 1180 1369 de
1213 1296 1477 1393 Borgia
1506 1296 1635 1369 fuit
1677 1294 2196 1394 pronunciatus
2230 1301 2300 1367 et
2344 1301 2629 1367 creatus
2658 1294 2939 1390 legatus
2978 1295 3073 1367 ad
3110 1293 3395 1365 civitatem

798 1429 871 1495 et
927 1423 1350 1495 comitatum
1409 1421 1730 1511 Perusie‚
1785 1428 1859 1494 et
1919 1426 2327 1517 propterea,
2386 1417 2813 1492 consistorio
2884 1420 3121 1508 finito,
3174 1419 3253 1491 ab
3288 1440 3395 1489 om-

799 1548 1008 1620 nibus
1062 1546 1538 1620 cardinalibus
1579 1552 1690 1619 est
1743 1544 2220 1641 collegialiter
2274 1566 2502 1639 usque
2564 1543 2654 1615 ad
2704 1567 3072 1618 cameram
3121 1566 3237 1617 sue
3270 1542 3397 1615 resi-

801 1672 1040 1747 dentie
1073 1695 1287 1769 quam
1316 1672 1388 1743 in
1419 1670 1683 1767 palatio
1712 1670 2110 1767 apostolico
2138 1668 2479 1756 habebat,
2506 1670 2937 1759 associatUS,
2972 1669 3097 1741 ubi
3130 1666 3395 1742 omnibu>
3477 1654 3478 1661 '

801 1820 933 1893 pro
965 1820 1168 1871 more
1201 1796 1465 1893 gratias
1499 1796 1674 1892 egit.

900 1926 978 1995 ln
1022 1921 1282 1995 eodem
1322 1920 1784 2009 consistoriO,
1832 1920 1963 1991 fuit
2018 1918 2424 1992 ordinatum
2475 1917 2672 2015 quod
2720 1919 2973 1991 RRmi.
3026 1921 3175 1991 DD.
3224 1917 3395 1991 cardi-

803 2044 1002 2117 nales
1036 2051 1376 2117 ornarent
1419 2045 1601 2117 viam
1643 2042 2158 2139 processioniS,
2192 2066 2324 2140 pro
2364 2043 2479 2115 die
2526 2042 2851 2138 corporis
2884 2043 3177 2133 Christi,
3208 2042 3395 2139 pannis
3479 2108 3480 2115 ,

804 2168 894 2239 de
935 2192 1180 2240 arazzo
1214 2177 1287 2242 et
1323 2168 1549 2242 auleis
1572 2169 1779 2265 juxta
1809 2166 2388 2241 distributionem
2432 2192 2565 2265 per
2606 2168 2953 2241 forrerios
2988 2168 3161 2265 ipsis
3196 2168 3395 2241 sacien—
3478 2152 3480 2177 ³

807 2292 1000 2385 dam,
1024 2300 1236 2390 prout
1265 2302 1340 2367 et
1367 2296 1637 2367 factum
1669 2302 1804 2383 est,
1838 2299 1910 2367 et
1941 2293 2132 2389 quod
2162 2294 2532 2391 processio
2555 2294 2827 2367 veniret
2862 2318 3095 2391 usque
3124 2296 3209 2369 ad
3232 2295 3395 2367 aciem

810 2416 1067 2491 domus
1118 2420 1304 2494 bone
1359 2420 1711 2495 memorie
1771 2418 2155 2494 cardinalis
2210 2422 2441 2494 sancti
2496 2421 2914 2512 ClementiS,
2973 2428 3045 2495 et
3098 2446 3221 2519 per
3268 2422 3395 2492 viam

813 2546 1152 2618 Sanctam
1185 2544 1276 2617 ad
1306 2545 1678 2619 basilicam
1707 2546 1937 2618 sancti
1966 2544 2189 2633 Petri,
2227 2545 2421 2640 quod
2450 2545 2585 2619 fuit
2617 2546 3108 2619 observatum.

911 2668 1118 2743 Feria
1171 2671 1406 2759 tertia,
1451 2675 1540 2743 23
1579 2671 1851 2742 mensis
1896 2668 2093 2757 maii,
2144 2669 2234 2742 de
2281 2694 2643 2743 consensu
2682 2670 2866 2743 Rmi.
2920 2675 3010 2743 D.
3062 2667 3391 2745 camerarii.

810 2794 949 2867 feci
998 2794 1288 2869 cedulas
1328 2794 1864 2890 intimationum
1918 2794 2319 2867 fiendarum
2360 2794 2787 2867 officialibus
2832 2818 2964 2892 pro
3006 2794 3395 2892 processione

810 2920 976 2993 festi
1018 2920 1451 2994 sanctissimi
1491 2918 1814 3017 corporis
1856 2918 2119 2993 Christi
2160 2944 2337 3017 quas
2383 2920 2632 2992 RRmi.
2686 2923 2837 2993 DD.
2896 2920 3033 2995 sub
3079 2942 3197 2992 suo
3236 2936 3392 3013 parvo

809 3044 1042 3141 sigillo
1089 3045 1452 3119 faciebant
1495 3044 1839 3143 sigillare,
1885 3052 1953 3119 et
2008 3068 2144 3140 ego
2182 3069 2313 3141 per
2356 3067 2692 3133 cursores
2738 3048 2927 3141 Pape
2962 3044 3243 3143 singulis
3277 3038 3397 3111 inti·
3482 3017 3484 3073 ³

808 3170 986 3241 mari
1023 3170 1188 3259 feci,
1221 3194 1525 3266 quarum
1557 3178 1849 3243 tenores
1882 3169 2067 3241 infra
2096 3176 2521 3265 sequuntur.
2568 3173 2672 3242 De
2714 3168 3057 3243 mandato
3090 3170 3207 3242 SS.
3242 3170 3309 3238 D.
3334 3165 3391 3233 N.

806 3315 990 3388 pape
1041 3293 1343 3390 singulis
1398 3293 1872 3390 infrascriptis
1930 3293 2299 3366 intimatur
2355 3304 2709 3390 quatenus
2766 3294 2900 3367 sub
2960 3318 3146 3391 pena
3204 3290 3395 3362 decem

809 3416 1233 3491 ducatorum
1274 3419 1429 3490 auri
1474 3418 1562 3491 de
1609 3441 1923 3509 camera,
1956 3440 2243 3491 camere
2286 3417 2682 3514 apostolice
2724 3416 3295 3491 irremissibiliter
3314 3434 3397 3505 ap

805 3541 1331 3637 plicandorum‚
1380 3543 1691 3616 debeant
1741 3566 1875 3639 per
1926 3549 2156 3615 totum
2216 3548 2635 3639 presentem
2684 3544 2907 3633 diem,
2958 3546 3047 3616 23
3107 3532 3393 3637 presentis

805 3665 1076 3739 mensis
1108 3667 1306 3757 maii,
1340 3668 1626 3741 dedisse
1659 3668 1732 3740 in
1759 3668 2042 3764 scriptis
2076 3672 2283 3741 Rmo.
2322 3669 2723 3741 camerario
2756 3666 3053 3742 nomina
3080 3672 3151 3737 et
3186 3680 3393 3757 cogno-

805 3790 1004 3862 mina
1041 3791 1370 3864 omnium
1411 3801 1483 3867 et
1523 3793 1971 3890 singulorum
2008 3792 2430 3865 officialium
2466 3801 2539 3866 et
2576 3792 2987 3867 officiorum
3026 3790 3265 3887 quibus
3295 3780 3391 3879 ipsi

803 3922 1132 4011 presunt,
1175 3917 1286 3990 vel
1335 3942 1644 4014 quorum
1687 3918 1824 4015 ipsi
1876 3916 2225 3989 officiales
2280 3917 2386 3991 vel
2433 3918 2833 4015 cappellani
2872 3918 3200 4003 existunt,
3240 3934 3305 3983 ac
3344 3906 3392 3977 in

805 4042 1132 4138 margine
1187 4052 1599 4135 annotasse,
1653 4044 1713 4115 si
1751 4042 1911 4141 quis
1980 4066 2233 4114 eorum
2282 4042 2703 4127 officialium
2762 4042 2905 4116 sint
2952 4042 3039 4114 ab
3096 4039 3265 4113 Urbe
3300 4032 3392 4105 ab-

809 4173 1053 4241 sentes
1082 4168 1194 4242 vel
1224 4168 1490 4241 infirmi
1531 4192 1546 4239 :

903 4294 1528 4385 RescribendariO,

902 4418 1294 4516 Capellano
1326 4420 1757 4517 scriptorum
1788 4417 2322 4516 penitentiarie,

899 4544 1284 4640 Capellano
1316 4545 1815 4636 abbreviatori,

896 4669 1282 4766 Capellano
1314 4670 1887 4757 sollicitatorum,

899 4793 1282 4888 Capellano
1315 4802 1806 4869 correctorum
1837 4793 2138 4891 plumbi,

896 4916 1374 4991 Thesaurario
1404 4921 1849 4994 notariorum
1884 4926 2067 5009 rote,

895 5042 1208 5141 Syndico
1238 5031 1786 5139 procuratorum
1818 5044 2459 5133 contradictarum,

893 5167 1380 5265 Computatori
1412 5176 1963 5264 procuratorum
1988 5171 2521 5268 penitentiarie.
