<?xml version="1.0" encoding="UTF-8"?>
<!DOCTYPE html PUBLIC "-//W3C//DTD XHTML 1.0 Transitional//EN"
    "http://www.w3.org/TR/xhtml1/DTD/xhtml1-transitional.dtd">
<html xmlns="http://www.w3.org/1999/xhtml" xml:lang="en" lang="en">
 <head>
  <title>
</title>
<meta http-equiv="Content-Type" content="text/html;charset=utf-8" />
  <meta name='ocr-system' content='tesseract 3.04.00' />
  <meta name='ocr-capabilities' content='ocr_page ocr_carea ocr_par ocr_line ocrx_word'/>
</head>
<body>
  <div class='ocr_page' id='page_1' title='image "./johannisburchar00unkngoog_0348.png"; bbox 0 0 3625 6059; ppageno 0'>
   <div class='ocr_carea' id='block_1_1' title="bbox 748 468 3513 581">
    <p class='ocr_par' dir='ltr' id='par_1_1' title="bbox 748 468 3513 581">
     <span class='ocr_line' id='line_1_1' title="bbox 748 468 3513 581; baseline -0.003 -4"><span class='ocrx_word' id='word_1_1' title='bbox 748 521 855 577; x_wconf 85' lang='lat'>336</span> <span class='ocrx_word' id='word_1_2' title='bbox 1658 512 2008 572; x_wconf 80' lang='lat' dir='ltr'><strong>JOHANNIS</strong></span> <span class='ocrx_word' id='word_1_3' title='bbox 2057 510 2501 581; x_wconf 60' lang='lat' dir='ltr'>supremam,</span> <span class='ocrx_word' id='word_1_4' title='bbox 2987 507 3226 573; x_wconf 63' lang='lat' dir='ltr'>[ocrem</span> <span class='ocrx_word' id='word_1_5' title='bbox 3247 510 3392 571; x_wconf 62' lang='grc' dir='ltr'>ηπ]</span> <span class='ocrx_word' id='word_1_6' title='bbox 3512 468 3513 477; x_wconf 30' lang='lat'>³</span> 
     </span>
    </p>
   </div>
   <div class='ocr_carea' id='block_1_2' title="bbox 750 663 3398 1017">
    <p class='ocr_par' dir='ltr' id='par_1_2' title="bbox 750 663 3398 1017">
     <span class='ocr_line' id='line_1_2' title="bbox 850 663 3392 762; baseline -0.004 -18"><span class='ocrx_word' id='word_1_7' title='bbox 850 668 1256 759; x_wconf 88' lang='lat' dir='ltr'>Dominica,</span> <span class='ocrx_word' id='word_1_8' title='bbox 1304 672 1393 743; x_wconf 85' lang='lat'>23</span> <span class='ocrx_word' id='word_1_9' title='bbox 1434 667 1777 757; x_wconf 77' lang='lat' dir='ltr'>octobriS,</span> <span class='ocrx_word' id='word_1_10' title='bbox 1821 666 2016 741; x_wconf 83' lang='lat' dir='ltr'>venit</span> <span class='ocrx_word' id='word_1_11' title='bbox 2054 666 2144 739; x_wconf 89' lang='lat' dir='ltr'>ad</span> <span class='ocrx_word' id='word_1_12' title='bbox 2199 666 2462 739; x_wconf 83' lang='lat' dir='ltr'><strong>Urbem</strong></span> <span class='ocrx_word' id='word_1_13' title='bbox 2513 689 2646 762; x_wconf 89' lang='lat' dir='ltr'>per</span> <span class='ocrx_word' id='word_1_14' title='bbox 2687 670 2974 762; x_wconf 88' lang='lat' dir='ltr'>portam</span> <span class='ocrx_word' id='word_1_15' title='bbox 3015 663 3392 737; x_wconf 78' lang='lat' dir='ltr'>Asinariam</span> 
     </span>
     <span class='ocr_line' id='line_1_3' title="bbox 750 788 3398 879; baseline -0.003 -10"><span class='ocrx_word' id='word_1_16' title='bbox 750 797 895 870; x_wconf 89' lang='lat' dir='ltr'>sive</span> <span class='ocrx_word' id='word_1_17' title='bbox 945 800 1502 869; x_wconf 87' lang='lat' dir='ltr'>Lateranensem</span> <span class='ocrx_word' id='word_1_18' title='bbox 1557 792 2090 866; x_wconf 81' lang='lat' dir='ltr'>illustrissimus</span> <span class='ocrx_word' id='word_1_19' title='bbox 2133 790 2392 879; x_wconf 90' lang='lat' dir='ltr'>Guido,</span> <span class='ocrx_word' id='word_1_20' title='bbox 2438 791 2582 863; x_wconf 87' lang='lat' dir='ltr'>dux</span> <span class='ocrx_word' id='word_1_21' title='bbox 2629 788 3027 877; x_wconf 82' lang='lat' dir='ltr'>UrbinatiS,</span> <span class='ocrx_word' id='word_1_22' title='bbox 3069 788 3398 862; x_wconf 82' lang='lat' dir='ltr'>locumte-</span> 
     </span>
     <span class='ocr_line' id='line_1_4' title="bbox 754 912 3394 1017; baseline -0.003 -24"><span class='ocrx_word' id='word_1_23' title='bbox 754 945 935 995; x_wconf 91' lang='lat' dir='ltr'>nens</span> <span class='ocrx_word' id='word_1_24' title='bbox 975 923 1101 993; x_wconf 89' lang='lat' dir='ltr'><strong>SS.</strong></span> <span class='ocrx_word' id='word_1_25' title='bbox 1138 924 1225 993; x_wconf 91' lang='lat' dir='ltr'>D.</span> <span class='ocrx_word' id='word_1_26' title='bbox 1262 923 1347 992; x_wconf 90' lang='lat' dir='ltr'>N.</span> <span class='ocrx_word' id='word_1_27' title='bbox 1383 941 1593 1017; x_wconf 88' lang='lat' dir='ltr'>pape,</span> <span class='ocrx_word' id='word_1_28' title='bbox 1631 918 1745 991; x_wconf 93' lang='lat' dir='ltr'>cui</span> <span class='ocrx_word' id='word_1_29' title='bbox 1786 922 2146 990; x_wconf 90' lang='lat' dir='ltr'>venerunt</span> <span class='ocrx_word' id='word_1_30' title='bbox 2189 915 2469 988; x_wconf 88' lang='lat' dir='ltr'>obviam</span> <span class='ocrx_word' id='word_1_31' title='bbox 2509 914 2780 988; x_wconf 81' lang='lat' dir='ltr'>familie</span> <span class='ocrx_word' id='word_1_32' title='bbox 2817 914 3142 989; x_wconf 91' lang='lat' dir='ltr'>omnium</span> <span class='ocrx_word' id='word_1_33' title='bbox 3181 912 3394 986; x_wconf 83' lang='lat' dir='ltr'>cardi·</span> 
     </span>
    </p>
   </div>
   <div class='ocr_carea' id='block_1_3' title="bbox 743 1037 3514 1140">
    <p class='ocr_par' dir='ltr' id='par_1_3' title="bbox 743 1037 3514 1140">
     <span class='ocr_line' id='line_1_5' title="bbox 743 1037 3514 1140; baseline -0.004 -22"><span class='ocrx_word' id='word_1_34' title='bbox 743 1045 1015 1135; x_wconf 85' lang='lat' dir='ltr'>nalium</span> <span class='ocrx_word' id='word_1_35' title='bbox 1064 1052 1136 1117; x_wconf 91' lang='lat' dir='ltr'>et</span> <span class='ocrx_word' id='word_1_36' title='bbox 1180 1047 1307 1118; x_wconf 89' lang='lat' dir='ltr'><strong>SS.</strong></span> <span class='ocrx_word' id='word_1_37' title='bbox 1357 1046 1445 1116; x_wconf 89' lang='lat' dir='ltr'>D.</span> <span class='ocrx_word' id='word_1_38' title='bbox 1492 1040 1755 1137; x_wconf 81' lang='lat' dir='ltr'>nostri,</span> <span class='ocrx_word' id='word_1_39' title='bbox 1806 1064 1849 1113; x_wconf 92' lang='lat' dir='ltr'>a</span> <span class='ocrx_word' id='word_1_40' title='bbox 1895 1040 2156 1135; x_wconf 90' lang='lat' dir='ltr'>quibus</span> <span class='ocrx_word' id='word_1_41' title='bbox 2205 1038 2340 1112; x_wconf 87' lang='lat' dir='ltr'>fuit</span> <span class='ocrx_word' id='word_1_42' title='bbox 2396 1062 2601 1113; x_wconf 90' lang='lat' dir='ltr'>more</span> <span class='ocrx_word' id='word_1_43' title='bbox 2663 1037 2875 1112; x_wconf 91' lang='lat' dir='ltr'>solito</span> <span class='ocrx_word' id='word_1_44' title='bbox 2921 1043 3264 1134; x_wconf 64' lang='lat' dir='ltr'>receptus»,</span> <span class='ocrx_word' id='word_1_45' title='bbox 3321 1042 3390 1108; x_wconf 90' lang='lat' dir='ltr'>et</span> <span class='ocrx_word' id='word_1_46' title='bbox 3493 1125 3514 1140; x_wconf 65' lang='lat'><strong>.</strong></span> 
     </span>
    </p>
   </div>
   <div class='ocr_carea' id='block_1_4' title="bbox 741 1162 3394 3756">
    <p class='ocr_par' dir='ltr' id='par_1_4' title="bbox 741 1162 3391 1391">
     <span class='ocr_line' id='line_1_6' title="bbox 747 1162 3391 1267; baseline -0.004 -24"><span class='ocrx_word' id='word_1_47' title='bbox 747 1194 969 1267; x_wconf 90' lang='lat' dir='ltr'>usque</span> <span class='ocrx_word' id='word_1_48' title='bbox 998 1170 1089 1244; x_wconf 90' lang='lat' dir='ltr'>ad</span> <span class='ocrx_word' id='word_1_49' title='bbox 1122 1168 1465 1266; x_wconf 90' lang='lat' dir='ltr'>palatium</span> <span class='ocrx_word' id='word_1_50' title='bbox 1496 1164 2002 1264; x_wconf 90' lang='lat' dir='ltr'>apostolicum,</span> <span class='ocrx_word' id='word_1_51' title='bbox 2037 1164 2432 1262; x_wconf 75' lang='lat' dir='ltr'>hospitium</span> <span class='ocrx_word' id='word_1_52' title='bbox 2465 1187 2702 1253; x_wconf 91' lang='lat' dir='ltr'>suum,</span> <span class='ocrx_word' id='word_1_53' title='bbox 2730 1162 3156 1236; x_wconf 79' lang='lat' dir='ltr'>associatus.</span> <span class='ocrx_word' id='word_1_54' title='bbox 3189 1162 3391 1237; x_wconf 84' lang='lat' dir='ltr'>Venit</span> 
     </span>
     <span class='ocr_line' id='line_1_7' title="bbox 741 1286 3215 1391; baseline -0.003 -23"><span class='ocrx_word' id='word_1_55' title='bbox 741 1319 875 1391; x_wconf 89' lang='lat' dir='ltr'>per</span> <span class='ocrx_word' id='word_1_56' title='bbox 908 1294 1225 1367; x_wconf 78' lang='lat' dir='ltr'>Plateam</span> <span class='ocrx_word' id='word_1_57' title='bbox 1252 1318 1309 1365; x_wconf 92' lang='lat' dir='ltr'>s.</span> <span class='ocrx_word' id='word_1_58' title='bbox 1346 1290 1595 1381; x_wconf 89' lang='lat' dir='ltr'>Marci,</span> <span class='ocrx_word' id='word_1_59' title='bbox 1634 1295 1984 1387; x_wconf 83' lang='lat' dir='ltr'>Campum</span> <span class='ocrx_word' id='word_1_60' title='bbox 2015 1289 2224 1362; x_wconf 90' lang='lat' dir='ltr'>Flore</span> <span class='ocrx_word' id='word_1_61' title='bbox 2259 1298 2332 1363; x_wconf 90' lang='lat' dir='ltr'>et</span> <span class='ocrx_word' id='word_1_62' title='bbox 2367 1289 2478 1363; x_wconf 90' lang='lat' dir='ltr'>via</span> <span class='ocrx_word' id='word_1_63' title='bbox 2505 1292 2701 1363; x_wconf 81' lang='lat' dir='ltr'>recta</span> <span class='ocrx_word' id='word_1_64' title='bbox 2731 1288 2820 1361; x_wconf 90' lang='lat' dir='ltr'>ad</span> <span class='ocrx_word' id='word_1_65' title='bbox 2851 1286 3215 1384; x_wconf 87' lang='lat' dir='ltr'>palatium.</span> 
     </span>
    </p>

    <p class='ocr_par' dir='ltr' id='par_1_5' title="bbox 743 1412 3390 2012">
     <span class='ocr_line' id='line_1_8' title="bbox 843 1412 3390 1515; baseline -0.002 -22"><span class='ocrx_word' id='word_1_66' title='bbox 843 1419 1052 1494; x_wconf 88' lang='lat' dir='ltr'>Feria</span> <span class='ocrx_word' id='word_1_67' title='bbox 1092 1427 1371 1515; x_wconf 88' lang='lat' dir='ltr'>quarta,</span> <span class='ocrx_word' id='word_1_68' title='bbox 1416 1422 1504 1489; x_wconf 82' lang='grc'>26</span> <span class='ocrx_word' id='word_1_69' title='bbox 1537 1416 1707 1489; x_wconf 85' lang='lat' dir='ltr'>dicti</span> <span class='ocrx_word' id='word_1_70' title='bbox 1755 1415 2027 1489; x_wconf 82' lang='lat' dir='ltr'>mensis</span> <span class='ocrx_word' id='word_1_71' title='bbox 2070 1414 2414 1505; x_wconf 77' lang='lat' dir='ltr'>octobris,</span> <span class='ocrx_word' id='word_1_72' title='bbox 2451 1415 2582 1488; x_wconf 84' lang='lat' dir='ltr'>fuit</span> <span class='ocrx_word' id='word_1_73' title='bbox 2619 1412 3130 1488; x_wconf 85' lang='lat' dir='ltr'>consistorium</span> <span class='ocrx_word' id='word_1_74' title='bbox 3167 1436 3390 1488; x_wconf 87' lang='lat' dir='ltr'>secre-</span> 
     </span>
     <span class='ocr_line' id='line_1_9' title="bbox 748 1537 3388 1640; baseline -0.004 -22"><span class='ocrx_word' id='word_1_75' title='bbox 748 1554 925 1634; x_wconf 90' lang='lat' dir='ltr'>tum,</span> <span class='ocrx_word' id='word_1_76' title='bbox 962 1544 1034 1617; x_wconf 93' lang='lat' dir='ltr'>in</span> <span class='ocrx_word' id='word_1_77' title='bbox 1068 1567 1210 1640; x_wconf 91' lang='lat' dir='ltr'>quo</span> <span class='ocrx_word' id='word_1_78' title='bbox 1259 1548 1507 1616; x_wconf 90' lang='lat' dir='ltr'>Rmus.</span> <span class='ocrx_word' id='word_1_79' title='bbox 1554 1544 1639 1613; x_wconf 90' lang='lat' dir='ltr'>D.</span> <span class='ocrx_word' id='word_1_80' title='bbox 1671 1540 2052 1613; x_wconf 88' lang='lat' dir='ltr'>cardinalis</span> <span class='ocrx_word' id='word_1_81' title='bbox 2097 1538 2187 1613; x_wconf 93' lang='lat' dir='ltr'>de</span> <span class='ocrx_word' id='word_1_82' title='bbox 2229 1544 2504 1613; x_wconf 90' lang='lat' dir='ltr'>Lunate</span> <span class='ocrx_word' id='word_1_83' title='bbox 2554 1542 2840 1612; x_wconf 87' lang='lat' dir='ltr'>creatus</span> <span class='ocrx_word' id='word_1_84' title='bbox 2885 1544 2959 1609; x_wconf 89' lang='lat' dir='ltr'>et</span> <span class='ocrx_word' id='word_1_85' title='bbox 3004 1537 3388 1634; x_wconf 87' lang='lat' dir='ltr'>publicatus</span> 
     </span>
     <span class='ocr_line' id='line_1_10' title="bbox 743 1663 3380 1765; baseline -0.003 -24"><span class='ocrx_word' id='word_1_86' title='bbox 743 1668 873 1741; x_wconf 83' lang='lat' dir='ltr'>suit</span> <span class='ocrx_word' id='word_1_87' title='bbox 899 1668 1180 1765; x_wconf 85' lang='lat' dir='ltr'>legatus</span> <span class='ocrx_word' id='word_1_88' title='bbox 1212 1667 1301 1740; x_wconf 91' lang='lat' dir='ltr'>de</span> <span class='ocrx_word' id='word_1_89' title='bbox 1331 1667 1557 1740; x_wconf 88' lang='lat' dir='ltr'>latere</span> <span class='ocrx_word' id='word_1_90' title='bbox 1594 1665 1685 1737; x_wconf 92' lang='lat' dir='ltr'>ad</span> <span class='ocrx_word' id='word_1_91' title='bbox 1724 1663 2211 1737; x_wconf 88' lang='lat' dir='ltr'>assistendum</span> <span class='ocrx_word' id='word_1_92' title='bbox 2243 1663 2755 1760; x_wconf 78' lang='lat' dir='ltr'>expugnationi</span> <span class='ocrx_word' id='word_1_93' title='bbox 2795 1671 3218 1753; x_wconf 88' lang='lat' dir='ltr'>castrorum,</span> <span class='ocrx_word' id='word_1_94' title='bbox 3249 1670 3380 1736; x_wconf 89' lang='lat' dir='ltr'>ter-</span> 
     </span>
     <span class='ocr_line' id='line_1_11' title="bbox 746 1788 3370 1888; baseline -0.002 -25"><span class='ocrx_word' id='word_1_95' title='bbox 746 1815 1014 1883; x_wconf 90' lang='lat' dir='ltr'>rarum,</span> <span class='ocrx_word' id='word_1_96' title='bbox 1049 1792 1510 1888; x_wconf 87' lang='lat' dir='ltr'>oppidorum,</span> <span class='ocrx_word' id='word_1_97' title='bbox 1550 1789 1876 1863; x_wconf 88' lang='lat' dir='ltr'>villarum</span> <span class='ocrx_word' id='word_1_98' title='bbox 1909 1788 2478 1862; x_wconf 89' lang='lat' dir='ltr'>etdominiorum</span> <span class='ocrx_word' id='word_1_99' title='bbox 2499 1789 2798 1862; x_wconf 88' lang='lat' dir='ltr'>Gentilis</span> <span class='ocrx_word' id='word_1_100' title='bbox 2819 1788 3122 1884; x_wconf 84' lang='lat' dir='ltr'>Virginii</span> <span class='ocrx_word' id='word_1_101' title='bbox 3149 1788 3370 1862; x_wconf 85' lang='lat' dir='ltr'>Ursini</span> 
     </span>
     <span class='ocr_line' id='line_1_12' title="bbox 748 1914 1916 2012; baseline -0.003 -23"><span class='ocrx_word' id='word_1_102' title='bbox 748 1917 837 1989; x_wconf 91' lang='lat' dir='ltr'>de</span> <span class='ocrx_word' id='word_1_103' title='bbox 863 1916 1253 2012; x_wconf 85' lang='lat' dir='ltr'>Aragonia‚</span> <span class='ocrx_word' id='word_1_104' title='bbox 1294 1914 1487 1988; x_wconf 87' lang='lat' dir='ltr'>Pauli</span> <span class='ocrx_word' id='word_1_105' title='bbox 1523 1914 1760 1988; x_wconf 89' lang='lat' dir='ltr'>Ursini</span> <span class='ocrx_word' id='word_1_106' title='bbox 1792 1914 1916 2004; x_wconf 84' lang='lat'><strong>(1).</strong></span> 
     </span>
    </p>

    <p class='ocr_par' dir='ltr' id='par_1_6' title="bbox 752 2035 3394 3237">
     <span class='ocr_line' id='line_1_13' title="bbox 851 2035 3378 2135; baseline -0.004 -19"><span class='ocrx_word' id='word_1_107' title='bbox 851 2041 1297 2116; x_wconf 86' lang='lat' dir='ltr'>Consistorio</span> <span class='ocrx_word' id='word_1_108' title='bbox 1340 2041 1572 2131; x_wconf 84' lang='lat' dir='ltr'>finito,</span> <span class='ocrx_word' id='word_1_109' title='bbox 1618 2042 1744 2115; x_wconf 90' lang='lat' dir='ltr'><strong>SS.</strong></span> <span class='ocrx_word' id='word_1_110' title='bbox 1793 2044 1880 2113; x_wconf 93' lang='lat' dir='ltr'>D.</span> <span class='ocrx_word' id='word_1_111' title='bbox 1925 2047 2176 2113; x_wconf 88' lang='lat' dir='ltr'>noster</span> <span class='ocrx_word' id='word_1_112' title='bbox 2213 2047 2508 2135; x_wconf 88' lang='lat' dir='ltr'>paratus</span> <span class='ocrx_word' id='word_1_113' title='bbox 2555 2063 2756 2114; x_wconf 90' lang='lat' dir='ltr'>more</span> <span class='ocrx_word' id='word_1_114' title='bbox 2807 2038 3044 2113; x_wconf 89' lang='lat' dir='ltr'>solito.</span> <span class='ocrx_word' id='word_1_115' title='bbox 3081 2035 3262 2110; x_wconf 84' lang='lat' dir='ltr'>venit</span> <span class='ocrx_word' id='word_1_116' title='bbox 3303 2036 3378 2108; x_wconf 82' lang='lat' dir='ltr'>ad</span> 
     </span>
     <span class='ocr_line' id='line_1_14' title="bbox 754 2161 3382 2251; baseline -0.002 -15"><span class='ocrx_word' id='word_1_117' title='bbox 754 2162 1124 2237; x_wconf 79' lang='lat' dir='ltr'>basilicam</span> <span class='ocrx_word' id='word_1_118' title='bbox 1164 2188 1223 2236; x_wconf 90' lang='lat' dir='ltr'><strong>S.</strong></span> <span class='ocrx_word' id='word_1_119' title='bbox 1272 2163 1491 2251; x_wconf 87' lang='lat' dir='ltr'>Petri,</span> <span class='ocrx_word' id='word_1_120' title='bbox 1539 2162 1659 2236; x_wconf 90' lang='lat' dir='ltr'>ubi</span> <span class='ocrx_word' id='word_1_121' title='bbox 1709 2167 1956 2237; x_wconf 82' lang='lat' dir='ltr'>RmuS.</span> <span class='ocrx_word' id='word_1_122' title='bbox 2007 2165 2092 2235; x_wconf 93' lang='lat' dir='ltr'>D.</span> <span class='ocrx_word' id='word_1_123' title='bbox 2145 2162 2527 2234; x_wconf 85' lang='lat' dir='ltr'>cardinalis</span> <span class='ocrx_word' id='word_1_124' title='bbox 2579 2163 2970 2237; x_wconf 88' lang='lat' dir='ltr'>Perusinus</span> <span class='ocrx_word' id='word_1_125' title='bbox 3019 2161 3382 2235; x_wconf 76' lang='lat' dir='ltr'>celebravit</span> 
     </span>
     <span class='ocr_line' id='line_1_15' title="bbox 752 2286 3377 2385; baseline -0 -22"><span class='ocrx_word' id='word_1_126' title='bbox 752 2292 1047 2364; x_wconf 88' lang='lat' dir='ltr'>missam</span> <span class='ocrx_word' id='word_1_127' title='bbox 1075 2289 1477 2363; x_wconf 90' lang='lat' dir='ltr'>solemnem</span> <span class='ocrx_word' id='word_1_128' title='bbox 1507 2288 1597 2361; x_wconf 93' lang='lat' dir='ltr'>de</span> <span class='ocrx_word' id='word_1_129' title='bbox 1630 2286 1898 2384; x_wconf 84' lang='lat' dir='ltr'>Spiritu</span> <span class='ocrx_word' id='word_1_130' title='bbox 1931 2294 2208 2375; x_wconf 88' lang='lat' dir='ltr'>sanct0,</span> <span class='ocrx_word' id='word_1_131' title='bbox 2245 2286 2319 2358; x_wconf 91' lang='lat' dir='ltr'>in</span> <span class='ocrx_word' id='word_1_132' title='bbox 2350 2310 2518 2382; x_wconf 90' lang='lat' dir='ltr'>qua,</span> <span class='ocrx_word' id='word_1_133' title='bbox 2544 2288 3062 2361; x_wconf 88' lang='lat' dir='ltr'>communione</span> <span class='ocrx_word' id='word_1_134' title='bbox 3079 2294 3377 2385; x_wconf 82' lang='lat' dir='ltr'>peracta.</span> 
     </span>
     <span class='ocr_line' id='line_1_16' title="bbox 754 2410 3385 2509; baseline -0.002 -20"><span class='ocrx_word' id='word_1_135' title='bbox 754 2416 949 2489; x_wconf 90' lang='lat' dir='ltr'>venit</span> <span class='ocrx_word' id='word_1_136' title='bbox 995 2414 1087 2488; x_wconf 90' lang='lat' dir='ltr'>ad</span> <span class='ocrx_word' id='word_1_137' title='bbox 1131 2413 1500 2487; x_wconf 85' lang='lat' dir='ltr'>basilicam</span> <span class='ocrx_word' id='word_1_138' title='bbox 1546 2412 1943 2509; x_wconf 88' lang='lat' dir='ltr'>predictam</span> <span class='ocrx_word' id='word_1_139' title='bbox 1987 2410 2510 2484; x_wconf 83' lang='lat' dir='ltr'>illustrissimus</span> <span class='ocrx_word' id='word_1_140' title='bbox 2565 2417 2652 2486; x_wconf 89' lang='lat' dir='ltr'>D.</span> <span class='ocrx_word' id='word_1_141' title='bbox 2702 2412 3072 2486; x_wconf 70' lang='lat' dir='ltr'>lohannes</span> <span class='ocrx_word' id='word_1_142' title='bbox 3121 2412 3385 2509; x_wconf 86' lang='lat' dir='ltr'>Borgia.</span> 
     </span>
     <span class='ocr_line' id='line_1_17' title="bbox 760 2536 3380 2635; baseline -0.002 -22"><span class='ocrx_word' id='word_1_143' title='bbox 760 2540 901 2613; x_wconf 88' lang='lat' dir='ltr'>dux</span> <span class='ocrx_word' id='word_1_144' title='bbox 932 2538 1207 2612; x_wconf 88' lang='lat' dir='ltr'>Gandie</span> <span class='ocrx_word' id='word_1_145' title='bbox 1238 2538 1380 2611; x_wconf 90' lang='lat' dir='ltr'>hoc</span> <span class='ocrx_word' id='word_1_146' title='bbox 1412 2536 1661 2610; x_wconf 85' lang='lat' dir='ltr'>ordine</span> <span class='ocrx_word' id='word_1_147' title='bbox 1691 2565 1705 2609; x_wconf 90' lang='lat'>:</span> <span class='ocrx_word' id='word_1_148' title='bbox 1738 2537 2098 2614; x_wconf 85' lang='lat' dir='ltr'>tubicines</span> <span class='ocrx_word' id='word_1_149' title='bbox 2131 2560 2234 2609; x_wconf 82' lang='lat' dir='ltr'>x11</span> <span class='ocrx_word' id='word_1_150' title='bbox 2258 2536 2620 2610; x_wconf 87' lang='lat' dir='ltr'>domicelli</span> <span class='ocrx_word' id='word_1_151' title='bbox 2642 2538 2872 2611; x_wconf 89' lang='lat' dir='ltr'>vestiti</span> <span class='ocrx_word' id='word_1_152' title='bbox 2891 2540 3042 2617; x_wconf 87' lang='lat' dir='ltr'>suis</span> <span class='ocrx_word' id='word_1_153' title='bbox 3064 2537 3380 2635; x_wconf 82' lang='lat' dir='ltr'>giorneis,</span> 
     </span>
     <span class='ocr_line' id='line_1_18' title="bbox 760 2660 3388 2759; baseline -0.003 -21"><span class='ocrx_word' id='word_1_154' title='bbox 760 2685 1013 2739; x_wconf 89' lang='lat' dir='ltr'>omnes</span> <span class='ocrx_word' id='word_1_155' title='bbox 1058 2662 1448 2736; x_wconf 80' lang='lat' dir='ltr'>familiares</span> <span class='ocrx_word' id='word_1_156' title='bbox 1496 2661 1665 2735; x_wconf 86' lang='lat' dir='ltr'>dicti</span> <span class='ocrx_word' id='word_1_157' title='bbox 1711 2662 1916 2735; x_wconf 90' lang='lat' dir='ltr'>ducis</span> <span class='ocrx_word' id='word_1_158' title='bbox 1961 2660 2216 2736; x_wconf 88' lang='lat' dir='ltr'>armati</span> <span class='ocrx_word' id='word_1_159' title='bbox 2257 2662 2404 2735; x_wconf 88' lang='lat' dir='ltr'>bini</span> <span class='ocrx_word' id='word_1_160' title='bbox 2457 2669 2530 2736; x_wconf 90' lang='lat' dir='ltr'>et</span> <span class='ocrx_word' id='word_1_161' title='bbox 2571 2661 2748 2751; x_wconf 77' lang='lat' dir='ltr'>hini,</span> <span class='ocrx_word' id='word_1_162' title='bbox 2783 2669 3095 2759; x_wconf 88' lang='lat' dir='ltr'>quatuor</span> <span class='ocrx_word' id='word_1_163' title='bbox 3135 2661 3388 2735; x_wconf 84' lang='lat' dir='ltr'>nobiles</span> 
     </span>
     <span class='ocr_line' id='line_1_19' title="bbox 759 2785 3392 2883; baseline -0.004 -18"><span class='ocrx_word' id='word_1_164' title='bbox 759 2790 979 2865; x_wconf 86' lang='lat' dir='ltr'>etiam</span> <span class='ocrx_word' id='word_1_165' title='bbox 1038 2786 1322 2862; x_wconf 89' lang='lat' dir='ltr'>armati.</span> <span class='ocrx_word' id='word_1_166' title='bbox 1378 2790 1539 2859; x_wconf 85' lang='lat' dir='ltr'>Dux</span> <span class='ocrx_word' id='word_1_167' title='bbox 1583 2786 1736 2883; x_wconf 91' lang='lat' dir='ltr'>ipse</span> <span class='ocrx_word' id='word_1_168' title='bbox 1768 2786 2172 2860; x_wconf 85' lang='lat' dir='ltr'>calcaribus</span> <span class='ocrx_word' id='word_1_169' title='bbox 2213 2786 2526 2877; x_wconf 83' lang='lat' dir='ltr'>cinctuS,</span> <span class='ocrx_word' id='word_1_170' title='bbox 2579 2795 2774 2861; x_wconf 90' lang='lat' dir='ltr'>totus</span> <span class='ocrx_word' id='word_1_171' title='bbox 2818 2795 3162 2875; x_wconf 87' lang='lat' dir='ltr'>armatus,</span> <span class='ocrx_word' id='word_1_172' title='bbox 3207 2785 3392 2883; x_wconf 83' lang='lat' dir='ltr'>galea</span> 
     </span>
     <span class='ocr_line' id='line_1_20' title="bbox 758 2907 3394 3009; baseline -0.003 -22"><span class='ocrx_word' id='word_1_173' title='bbox 758 2915 1051 3009; x_wconf 91' lang='lat' dir='ltr'>dempta</span> <span class='ocrx_word' id='word_1_174' title='bbox 1086 2913 1229 2985; x_wconf 90' lang='lat' dir='ltr'>sive</span> <span class='ocrx_word' id='word_1_175' title='bbox 1270 2912 1531 3009; x_wconf 89' lang='lat' dir='ltr'>capite,</span> <span class='ocrx_word' id='word_1_176' title='bbox 1567 2936 1611 2985; x_wconf 87' lang='lat' dir='ltr'>a</span> <span class='ocrx_word' id='word_1_177' title='bbox 1637 2912 1909 2986; x_wconf 84' lang='lat' dir='ltr'>dextris</span> <span class='ocrx_word' id='word_1_178' title='bbox 1937 2935 2192 2985; x_wconf 89' lang='lat' dir='ltr'>secum</span> <span class='ocrx_word' id='word_1_179' title='bbox 2231 2910 2510 2985; x_wconf 90' lang='lat' dir='ltr'>habens</span> <span class='ocrx_word' id='word_1_180' title='bbox 2541 2912 3106 2985; x_wconf 90' lang='lat' dir='ltr'>illustrissimum</span> <span class='ocrx_word' id='word_1_181' title='bbox 3127 2914 3210 2985; x_wconf 93' lang='lat' dir='ltr'><strong>D.</strong></span> <span class='ocrx_word' id='word_1_182' title='bbox 3245 2907 3394 2983; x_wconf 92' lang='lat' dir='ltr'>Gui-</span> 
     </span>
     <span class='ocr_line' id='line_1_21' title="bbox 756 3035 3392 3134; baseline -0.005 -18"><span class='ocrx_word' id='word_1_183' title='bbox 756 3043 1025 3116; x_wconf 88' lang='lat' dir='ltr'>donem</span> <span class='ocrx_word' id='word_1_184' title='bbox 1089 3039 1353 3112; x_wconf 90' lang='lat' dir='ltr'>ducem</span> <span class='ocrx_word' id='word_1_185' title='bbox 1412 3035 1774 3110; x_wconf 90' lang='lat' dir='ltr'>Urbinatis</span> <span class='ocrx_word' id='word_1_186' title='bbox 1841 3037 2172 3110; x_wconf 89' lang='lat' dir='ltr'>similiter</span> <span class='ocrx_word' id='word_1_187' title='bbox 2231 3045 2623 3129; x_wconf 89' lang='lat' dir='ltr'>armatum,</span> <span class='ocrx_word' id='word_1_188' title='bbox 2688 3060 2870 3133; x_wconf 90' lang='lat' dir='ltr'>quos</span> <span class='ocrx_word' id='word_1_189' title='bbox 2929 3037 3392 3134; x_wconf 82' lang='lat' dir='ltr'>sequebantur</span> 
     </span>
     <span class='ocr_line' id='line_1_22' title="bbox 757 3160 2016 3237; baseline 0 -2"><span class='ocrx_word' id='word_1_190' title='bbox 757 3164 1037 3237; x_wconf 87' lang='lat' dir='ltr'>nobiles</span> <span class='ocrx_word' id='word_1_191' title='bbox 1070 3170 1141 3235; x_wconf 90' lang='lat' dir='ltr'>et</span> <span class='ocrx_word' id='word_1_192' title='bbox 1172 3160 1651 3235; x_wconf 88' lang='lat' dir='ltr'>conductores</span> <span class='ocrx_word' id='word_1_193' title='bbox 1684 3161 2016 3236; x_wconf 91' lang='lat' dir='ltr'>ecclesie.</span> 
     </span>
    </p>

    <p class='ocr_par' dir='ltr' id='par_1_7' title="bbox 755 3286 3386 3756">
     <span class='ocr_line' id='line_1_23' title="bbox 854 3286 3384 3384; baseline -0.001 -25"><span class='ocrx_word' id='word_1_194' title='bbox 854 3287 1091 3360; x_wconf 90' lang='lat' dir='ltr'>Finita</span> <span class='ocrx_word' id='word_1_195' title='bbox 1118 3287 1343 3359; x_wconf 88' lang='lat' dir='ltr'>missa</span> <span class='ocrx_word' id='word_1_196' title='bbox 1372 3292 1444 3359; x_wconf 89' lang='lat' dir='ltr'>et</span> <span class='ocrx_word' id='word_1_197' title='bbox 1473 3286 1942 3381; x_wconf 86' lang='lat' dir='ltr'>indulgentiis</span> <span class='ocrx_word' id='word_1_198' title='bbox 1974 3310 2062 3361; x_wconf 88' lang='lat' dir='ltr'>ex</span> <span class='ocrx_word' id='word_1_199' title='bbox 2091 3310 2294 3360; x_wconf 90' lang='lat' dir='ltr'>more</span> <span class='ocrx_word' id='word_1_200' title='bbox 2326 3311 2456 3384; x_wconf 91' lang='lat' dir='ltr'>per</span> <span class='ocrx_word' id='word_1_201' title='bbox 2486 3286 2980 3361; x_wconf 89' lang='lat' dir='ltr'>celebrantem</span> <span class='ocrx_word' id='word_1_202' title='bbox 3005 3286 3384 3384; x_wconf 53' lang='lat' dir='ltr'>publicatis,</span> 
     </span>
     <span class='ocr_line' id='line_1_24' title="bbox 758 3410 3386 3507; baseline -0.002 -23"><span class='ocrx_word' id='word_1_203' title='bbox 758 3412 979 3485; x_wconf 84' lang='lat' dir='ltr'>duces</span> <span class='ocrx_word' id='word_1_204' title='bbox 1030 3411 1387 3483; x_wconf 88' lang='lat' dir='ltr'>intrarunt</span> <span class='ocrx_word' id='word_1_205' title='bbox 1440 3410 1791 3507; x_wconf 87' lang='lat' dir='ltr'>capellam</span> <span class='ocrx_word' id='word_1_206' title='bbox 1837 3435 2004 3485; x_wconf 89' lang='lat' dir='ltr'>cum</span> <span class='ocrx_word' id='word_1_207' title='bbox 2053 3412 2314 3486; x_wconf 91' lang='lat' dir='ltr'>debitis</span> <span class='ocrx_word' id='word_1_208' title='bbox 2357 3412 2781 3487; x_wconf 85' lang='lat' dir='ltr'>reverentiis</span> <span class='ocrx_word' id='word_1_209' title='bbox 2832 3417 2906 3486; x_wconf 88' lang='lat' dir='ltr'>et</span> <span class='ocrx_word' id='word_1_210' title='bbox 2949 3420 3120 3487; x_wconf 88' lang='lat' dir='ltr'>ante</span> <span class='ocrx_word' id='word_1_211' title='bbox 3157 3411 3386 3486; x_wconf 89' lang='lat' dir='ltr'>solium</span> 
     </span>
     <span class='ocr_line' id='line_1_25' title="bbox 755 3534 3385 3635; baseline 0 -26"><span class='ocrx_word' id='word_1_212' title='bbox 755 3535 1114 3633; x_wconf 84' lang='lat' dir='ltr'>pontificis</span> <span class='ocrx_word' id='word_1_213' title='bbox 1156 3559 1233 3608; x_wconf 91' lang='lat' dir='ltr'>se</span> <span class='ocrx_word' id='word_1_214' title='bbox 1276 3534 1652 3609; x_wconf 89' lang='lat' dir='ltr'>firmarunt</span> <span class='ocrx_word' id='word_1_215' title='bbox 1702 3559 1870 3609; x_wconf 90' lang='lat' dir='ltr'>cum</span> <span class='ocrx_word' id='word_1_216' title='bbox 1919 3536 2276 3633; x_wconf 88' lang='lat' dir='ltr'>aliquibus</span> <span class='ocrx_word' id='word_1_217' title='bbox 2321 3561 2410 3611; x_wconf 81' lang='lat' dir='ltr'>ex</span> <span class='ocrx_word' id='word_1_218' title='bbox 2450 3537 2598 3610; x_wconf 91' lang='lat' dir='ltr'>suis</span> <span class='ocrx_word' id='word_1_219' title='bbox 2646 3565 2660 3609; x_wconf 91' lang='lat'>:</span> <span class='ocrx_word' id='word_1_220' title='bbox 2709 3537 3018 3611; x_wconf 86' lang='lat' dir='ltr'>surrexit</span> <span class='ocrx_word' id='word_1_221' title='bbox 3063 3537 3385 3635; x_wconf 77' lang='lat' dir='ltr'>pontifex.</span> 
     </span>
     <span class='ocr_line' id='line_1_26' title="bbox 758 3659 3386 3756; baseline -0.001 -23"><span class='ocrx_word' id='word_1_222' title='bbox 758 3668 829 3733; x_wconf 88' lang='lat' dir='ltr'>et</span> <span class='ocrx_word' id='word_1_223' title='bbox 859 3660 1190 3756; x_wconf 88' lang='lat' dir='ltr'>deposita</span> <span class='ocrx_word' id='word_1_224' title='bbox 1217 3661 1454 3751; x_wconf 90' lang='lat' dir='ltr'>mitra,</span> <span class='ocrx_word' id='word_1_225' title='bbox 1490 3659 1856 3735; x_wconf 85' lang='lat' dir='ltr'>benedixit</span> <span class='ocrx_word' id='word_1_226' title='bbox 1889 3662 2026 3735; x_wconf 88' lang='lat' dir='ltr'>tria</span> <span class='ocrx_word' id='word_1_227' title='bbox 2053 3663 2332 3752; x_wconf 72' lang='lat' dir='ltr'>vexilla,</span> <span class='ocrx_word' id='word_1_228' title='bbox 2383 3686 2605 3735; x_wconf 91' lang='lat' dir='ltr'>unum</span> <span class='ocrx_word' id='word_1_229' title='bbox 2647 3686 2812 3735; x_wconf 90' lang='lat' dir='ltr'>cum</span> <span class='ocrx_word' id='word_1_230' title='bbox 2854 3663 3077 3736; x_wconf 91' lang='lat' dir='ltr'>armis</span> <span class='ocrx_word' id='word_1_231' title='bbox 3109 3660 3386 3737; x_wconf 81' lang='lat' dir='ltr'>ecclesie</span> 
     </span>
    </p>
   </div>
   <div class='ocr_carea' id='block_1_5' title="bbox 758 3784 3513 3881">
    <p class='ocr_par' dir='ltr' id='par_1_8' title="bbox 758 3784 3513 3881">
     <span class='ocr_line' id='line_1_27' title="bbox 758 3784 3513 3881; baseline -0.002 -21"><span class='ocrx_word' id='word_1_232' title='bbox 758 3795 830 3860; x_wconf 91' lang='lat' dir='ltr'>et.</span> <span class='ocrx_word' id='word_1_233' title='bbox 861 3785 1003 3859; x_wconf 92' lang='lat' dir='ltr'>duo</span> <span class='ocrx_word' id='word_1_234' title='bbox 1035 3808 1203 3857; x_wconf 89' lang='lat' dir='ltr'>cum</span> <span class='ocrx_word' id='word_1_235' title='bbox 1232 3784 1453 3857; x_wconf 88' lang='lat' dir='ltr'>armis</span> <span class='ocrx_word' id='word_1_236' title='bbox 1492 3785 1639 3857; x_wconf 89' lang='lat' dir='ltr'>suis</span> <span class='ocrx_word' id='word_1_237' title='bbox 1678 3809 1819 3881; x_wconf 91' lang='lat' dir='ltr'>que</span> <span class='ocrx_word' id='word_1_238' title='bbox 1863 3792 2251 3861; x_wconf 89' lang='lat' dir='ltr'>tenuerunt</span> <span class='ocrx_word' id='word_1_239' title='bbox 2297 3786 2438 3859; x_wconf 92' lang='lat' dir='ltr'>duo</span> <span class='ocrx_word' id='word_1_240' title='bbox 2487 3786 2727 3861; x_wconf 90' lang='lat' dir='ltr'>clerici</span> <span class='ocrx_word' id='word_1_241' title='bbox 2765 3809 3056 3860; x_wconf 91' lang='lat' dir='ltr'>camere</span> <span class='ocrx_word' id='word_1_242' title='bbox 3098 3788 3224 3859; x_wconf 91' lang='lat' dir='ltr'>sub</span> <span class='ocrx_word' id='word_1_243' title='bbox 3252 3787 3392 3857; x_wconf 83' lang='lat' dir='ltr'>bra·</span> <span class='ocrx_word' id='word_1_244' title='bbox 3512 3822 3513 3829; x_wconf 20' lang='grc' dir='ltr'><strong>κ</strong></span> 
     </span>
    </p>
   </div>
   <div class='ocr_carea' id='block_1_6' title="bbox 746 3909 3392 4879">
    <p class='ocr_par' dir='ltr' id='par_1_9' title="bbox 746 3909 3392 4879">
     <span class='ocr_line' id='line_1_28' title="bbox 754 3909 3392 4009; baseline -0.002 -25"><span class='ocrx_word' id='word_1_245' title='bbox 754 3910 941 3984; x_wconf 77' lang='lat' dir='ltr'>&#39;chiis</span> <span class='ocrx_word' id='word_1_246' title='bbox 971 3909 1266 4007; x_wconf 82' lang='lat' dir='ltr'>plicata3</span> <span class='ocrx_word' id='word_1_247' title='bbox 1304 3916 1377 3982; x_wconf 90' lang='lat' dir='ltr'>et</span> <span class='ocrx_word' id='word_1_248' title='bbox 1403 3932 1619 4007; x_wconf 91' lang='lat' dir='ltr'>super</span> <span class='ocrx_word' id='word_1_249' title='bbox 1648 3936 1789 3983; x_wconf 92' lang='lat' dir='ltr'>uno</span> <span class='ocrx_word' id='word_1_250' title='bbox 1823 3934 1911 3985; x_wconf 79' lang='lat' dir='ltr'>ex</span> <span class='ocrx_word' id='word_1_251' title='bbox 1942 3912 2048 3985; x_wconf 90' lang='lat' dir='ltr'>eis</span> <span class='ocrx_word' id='word_1_252' title='bbox 2089 3918 2240 3986; x_wconf 87' lang='lat' dir='ltr'>erat</span> <span class='ocrx_word' id='word_1_253' title='bbox 2283 3911 2580 3985; x_wconf 90' lang='lat' dir='ltr'>baculus</span> <span class='ocrx_word' id='word_1_254' title='bbox 2619 3911 2822 3985; x_wconf 86' lang='lat' dir='ltr'>albus</span> <span class='ocrx_word' id='word_1_255' title='bbox 2862 3910 3148 4009; x_wconf 86' lang='lat' dir='ltr'>ligneus</span> <span class='ocrx_word' id='word_1_256' title='bbox 3187 3910 3392 4005; x_wconf 84' lang='lat' dir='ltr'>longi·</span> 
     </span>
     <span class='ocr_line' id='line_1_29' title="bbox 758 4036 3388 4133; baseline -0.002 -23"><span class='ocrx_word' id='word_1_257' title='bbox 758 4036 1025 4110; x_wconf 89' lang='lat' dir='ltr'>tudinis</span> <span class='ocrx_word' id='word_1_258' title='bbox 1083 4036 1485 4132; x_wconf 88' lang='lat' dir='ltr'>palmorum</span> <span class='ocrx_word' id='word_1_259' title='bbox 1548 4042 1859 4132; x_wconf 90' lang='lat' dir='ltr'>quatuor</span> <span class='ocrx_word' id='word_1_260' title='bbox 1909 4060 2077 4110; x_wconf 89' lang='lat' dir='ltr'>cum</span> <span class='ocrx_word' id='word_1_261' title='bbox 2128 4036 2421 4111; x_wconf 88' lang='lat' dir='ltr'>dimidio</span> <span class='ocrx_word' id='word_1_262' title='bbox 2477 4036 2566 4110; x_wconf 91' lang='lat' dir='ltr'>ad</span> <span class='ocrx_word' id='word_1_263' title='bbox 2617 4037 2846 4111; x_wconf 87' lang='lat' dir='ltr'>instar</span> <span class='ocrx_word' id='word_1_264' title='bbox 2887 4037 3152 4128; x_wconf 87' lang='lat' dir='ltr'>baculi,</span> <span class='ocrx_word' id='word_1_265' title='bbox 3203 4056 3388 4133; x_wconf 88' lang='lat' dir='ltr'>quem</span> 
     </span>
     <span class='ocr_line' id='line_1_30' title="bbox 758 4160 3384 4259; baseline -0.002 -26"><span class='ocrx_word' id='word_1_266' title='bbox 758 4166 1006 4235; x_wconf 88' lang='lat' dir='ltr'>Rmus.</span> <span class='ocrx_word' id='word_1_267' title='bbox 1070 4164 1157 4233; x_wconf 94' lang='lat' dir='ltr'>D.</span> <span class='ocrx_word' id='word_1_268' title='bbox 1216 4160 1657 4234; x_wconf 86' lang='lat' dir='ltr'>camerarius</span> <span class='ocrx_word' id='word_1_269' title='bbox 1719 4161 1791 4233; x_wconf 87' lang='lat' dir='ltr'>in</span> <span class='ocrx_word' id='word_1_270' title='bbox 1852 4161 2106 4235; x_wconf 91' lang='lat' dir='ltr'>diebus</span> <span class='ocrx_word' id='word_1_271' title='bbox 2171 4162 2805 4259; x_wconf 88' lang='lat' dir='ltr'>processionaliter</span> <span class='ocrx_word' id='word_1_272' title='bbox 2859 4167 3147 4259; x_wconf 89' lang='lat' dir='ltr'>portare</span> <span class='ocrx_word' id='word_1_273' title='bbox 3203 4160 3384 4233; x_wconf 82' lang='lat' dir='ltr'>solet.</span> 
     </span>
     <span class='ocr_line' id='line_1_31' title="bbox 757 4285 3386 4384; baseline -0.001 -26"><span class='ocrx_word' id='word_1_274' title='bbox 757 4288 974 4360; x_wconf 84' lang='lat' dir='ltr'>Facta</span> <span class='ocrx_word' id='word_1_275' title='bbox 1010 4286 1543 4375; x_wconf 86' lang='lat' dir='ltr'>benedictione,</span> <span class='ocrx_word' id='word_1_276' title='bbox 1580 4289 1772 4383; x_wconf 85' lang='lat' dir='ltr'>Papa</span> <span class='ocrx_word' id='word_1_277' title='bbox 1811 4285 2154 4383; x_wconf 87' lang='lat' dir='ltr'>imposuit</span> <span class='ocrx_word' id='word_1_278' title='bbox 2188 4287 2596 4376; x_wconf 90' lang='lat' dir='ltr'>incensum,</span> <span class='ocrx_word' id='word_1_279' title='bbox 2629 4287 2935 4384; x_wconf 89' lang='lat' dir='ltr'>aspersit</span> <span class='ocrx_word' id='word_1_280' title='bbox 2980 4296 3054 4360; x_wconf 90' lang='lat' dir='ltr'>et</span> <span class='ocrx_word' id='word_1_281' title='bbox 3092 4287 3386 4361; x_wconf 84' lang='lat' dir='ltr'>incensa·</span> 
     </span>
     <span class='ocr_line' id='line_1_32' title="bbox 758 4409 3382 4511; baseline -0 -30"><span class='ocrx_word' id='word_1_282' title='bbox 758 4409 853 4483; x_wconf 82' lang='lat' dir='ltr'>vit</span> <span class='ocrx_word' id='word_1_283' title='bbox 886 4410 1144 4484; x_wconf 82' lang='lat' dir='ltr'>vexilla</span> <span class='ocrx_word' id='word_1_284' title='bbox 1171 4412 1497 4508; x_wconf 88' lang='lat' dir='ltr'>predicta</span> <span class='ocrx_word' id='word_1_285' title='bbox 1534 4418 1607 4487; x_wconf 87' lang='lat' dir='ltr'>et</span> <span class='ocrx_word' id='word_1_286' title='bbox 1645 4412 2029 4502; x_wconf 82' lang='lat' dir='ltr'>baculum3</span> <span class='ocrx_word' id='word_1_287' title='bbox 2068 4418 2222 4486; x_wconf 90' lang='lat' dir='ltr'>tum</span> <span class='ocrx_word' id='word_1_288' title='bbox 2261 4414 2571 4489; x_wconf 87' lang='lat' dir='ltr'>accessit</span> <span class='ocrx_word' id='word_1_289' title='bbox 2616 4438 2862 4487; x_wconf 88' lang='lat' dir='ltr'>coram</span> <span class='ocrx_word' id='word_1_290' title='bbox 2899 4415 3236 4511; x_wconf 85' lang='lat' dir='ltr'>pontifice</span> <span class='ocrx_word' id='word_1_291' title='bbox 3265 4412 3382 4485; x_wconf 81' lang='lat' dir='ltr'>dux</span> 
     </span>
     <span class='ocr_line' id='line_1_33' title="bbox 758 4535 3385 4638; baseline -0 -31"><span class='ocrx_word' id='word_1_292' title='bbox 758 4535 1059 4627; x_wconf 87' lang='lat' dir='ltr'>Gandie,</span> <span class='ocrx_word' id='word_1_293' title='bbox 1098 4541 1169 4608; x_wconf 89' lang='lat' dir='ltr'>et</span> <span class='ocrx_word' id='word_1_294' title='bbox 1202 4536 1653 4632; x_wconf 85' lang='lat' dir='ltr'>genuflexuS‚</span> <span class='ocrx_word' id='word_1_295' title='bbox 1688 4537 1997 4633; x_wconf 87' lang='lat' dir='ltr'>prestitit</span> <span class='ocrx_word' id='word_1_296' title='bbox 2033 4540 2410 4636; x_wconf 91' lang='lat' dir='ltr'>corporale</span> <span class='ocrx_word' id='word_1_297' title='bbox 2446 4544 2941 4638; x_wconf 89' lang='lat' dir='ltr'>juramentum</span> <span class='ocrx_word' id='word_1_298' title='bbox 2986 4564 3118 4637; x_wconf 90' lang='lat' dir='ltr'>per</span> <span class='ocrx_word' id='word_1_299' title='bbox 3151 4538 3385 4635; x_wconf 79' lang='lat' dir='ltr'>capita-</span> 
     </span>
     <span class='ocr_line' id='line_1_34' title="bbox 756 4661 3372 4760; baseline 0.001 -29"><span class='ocrx_word' id='word_1_300' title='bbox 756 4682 933 4733; x_wconf 91' lang='lat' dir='ltr'>neos</span> <span class='ocrx_word' id='word_1_301' title='bbox 966 4667 1213 4734; x_wconf 87' lang='lat' dir='ltr'>sancte</span> <span class='ocrx_word' id='word_1_302' title='bbox 1248 4683 1543 4736; x_wconf 87' lang='lat' dir='ltr'>romane</span> <span class='ocrx_word' id='word_1_303' title='bbox 1566 4661 1889 4736; x_wconf 87' lang='lat' dir='ltr'>Ecclesie</span> <span class='ocrx_word' id='word_1_304' title='bbox 1918 4663 2222 4760; x_wconf 88' lang='lat' dir='ltr'>prestari</span> <span class='ocrx_word' id='word_1_305' title='bbox 2252 4665 2568 4757; x_wconf 86' lang='lat' dir='ltr'>solitum,</span> <span class='ocrx_word' id='word_1_306' title='bbox 2595 4666 2685 4740; x_wconf 91' lang='lat' dir='ltr'>de</span> <span class='ocrx_word' id='word_1_307' title='bbox 2713 4667 2935 4740; x_wconf 86' lang='lat' dir='ltr'>verbo</span> <span class='ocrx_word' id='word_1_308' title='bbox 2958 4666 3052 4740; x_wconf 90' lang='lat' dir='ltr'>ad</span> <span class='ocrx_word' id='word_1_309' title='bbox 3078 4666 3372 4747; x_wconf 80' lang='lat' dir='ltr'>verbum,</span> 
     </span>
     <span class='ocr_line' id='line_1_35' title="bbox 746 4785 1952 4879; baseline 0.006 -25"><span class='ocrx_word' id='word_1_310' title='bbox 746 4789 966 4879; x_wconf 87' lang='lat' dir='ltr'>prout</span> <span class='ocrx_word' id='word_1_311' title='bbox 994 4785 1065 4856; x_wconf 90' lang='lat' dir='ltr'>in</span> <span class='ocrx_word' id='word_1_312' title='bbox 1102 4786 1335 4861; x_wconf 80' lang='lat' dir='ltr'>forma</span> <span class='ocrx_word' id='word_1_313' title='bbox 1364 4794 1539 4877; x_wconf 62' lang='lat' dir='ltr'>etc„</span> <span class='ocrx_word' id='word_1_314' title='bbox 1574 4788 1781 4862; x_wconf 88' lang='lat' dir='ltr'>tactis</span> <span class='ocrx_word' id='word_1_315' title='bbox 1814 4794 1952 4863; x_wconf 89' lang='lat' dir='ltr'>etc.</span> 
     </span>
    </p>
   </div>
   <div class='ocr_carea' id='block_1_7' title="bbox 750 4992 3370 5175">
    <p class='ocr_par' dir='ltr' id='par_1_10' title="bbox 750 4992 3370 5175">
     <span class='ocr_line' id='line_1_36' title="bbox 750 4992 3370 5091; baseline 0.003 -31"><span class='ocrx_word' id='word_1_316' title='bbox 750 5002 985 5079; x_wconf 86' lang='lat' dir='ltr'>l’espaee</span> <span class='ocrx_word' id='word_1_317' title='bbox 1014 5005 1080 5061; x_wconf 90' lang='lat' dir='ltr'>de</span> <span class='ocrx_word' id='word_1_318' title='bbox 1104 5004 1237 5063; x_wconf 85' lang='lat' dir='ltr'>trois</span> <span class='ocrx_word' id='word_1_319' title='bbox 1268 5023 1391 5077; x_wconf 89' lang='lat' dir='ltr'>ans,</span> <span class='ocrx_word' id='word_1_320' title='bbox 1426 5006 1477 5063; x_wconf 87' lang='lat' dir='ltr'>le</span> <span class='ocrx_word' id='word_1_321' title='bbox 1506 4992 1764 5084; x_wconf 78' lang='lat' dir='ltr'>royaume</span> <span class='ocrx_word' id='word_1_322' title='bbox 1800 5009 1868 5068; x_wconf 89' lang='lat' dir='ltr'>de</span> <span class='ocrx_word' id='word_1_323' title='bbox 1895 5008 2094 5087; x_wconf 85' lang='lat' dir='ltr'>Naples</span> <span class='ocrx_word' id='word_1_324' title='bbox 2134 5018 2227 5070; x_wconf 87' lang='lat' dir='ltr'>eut</span> <span class='ocrx_word' id='word_1_325' title='bbox 2262 5010 2388 5087; x_wconf 86' lang='lat' dir='ltr'>cinq</span> <span class='ocrx_word' id='word_1_326' title='bbox 2417 5010 2529 5070; x_wconf 89' lang='lat' dir='ltr'>rois</span> <span class='ocrx_word' id='word_1_327' title='bbox 2563 5031 2575 5070; x_wconf 92' lang='lat'>:</span> <span class='ocrx_word' id='word_1_328' title='bbox 2609 5012 2924 5073; x_wconf 82' lang='lat' dir='ltr'>Fordinand</span> <span class='ocrx_word' id='word_1_329' title='bbox 2952 5016 2995 5087; x_wconf 86' lang='lat'>1,</span> <span class='ocrx_word' id='word_1_330' title='bbox 3027 5011 3290 5091; x_wconf 77' lang='lat' dir='ltr'>Alphonse</span> <span class='ocrx_word' id='word_1_331' title='bbox 3317 5004 3370 5069; x_wconf 79' lang='grc' dir='ltr'>Π,</span> 
     </span>
     <span class='ocr_line' id='line_1_37' title="bbox 750 5090 2796 5175; baseline 0.008 -28"><span class='ocrx_word' id='word_1_332' title='bbox 750 5090 1057 5151; x_wconf 84' lang='lat' dir='ltr'>Ferdinaud</span> <span class='ocrx_word' id='word_1_333' title='bbox 1091 5096 1157 5165; x_wconf 90' lang='grc' dir='ltr'>ΙΙ,</span> <span class='ocrx_word' id='word_1_334' title='bbox 1192 5094 1416 5152; x_wconf 87' lang='lat' dir='ltr'>Charles</span> <span class='ocrx_word' id='word_1_335' title='bbox 1448 5098 1570 5153; x_wconf 83' lang='lat' dir='ltr'>VIII</span> <span class='ocrx_word' id='word_1_336' title='bbox 1600 5106 1655 5156; x_wconf 83' lang='lat' dir='ltr'>et.</span> <span class='ocrx_word' id='word_1_337' title='bbox 1678 5101 1946 5159; x_wconf 80' lang='lat' dir='ltr'>Frederic.</span> <span class='ocrx_word' id='word_1_338' title='bbox 1980 5102 2120 5175; x_wconf 79' lang='lat' dir='ltr'><strong>Voy.</strong></span> <span class='ocrx_word' id='word_1_339' title='bbox 2156 5102 2543 5173; x_wconf 85' lang='lat' dir='ltr'>Guicciardini,</span> <span class='ocrx_word' id='word_1_340' title='bbox 2577 5104 2666 5162; x_wconf 79' lang='lat' dir='ltr'>liv.</span> <span class='ocrx_word' id='word_1_341' title='bbox 2701 5106 2796 5163; x_wconf 86' lang='lat'><strong>111.</strong></span> 
     </span>
    </p>
   </div>
   <div class='ocr_carea' id='block_1_8' title="bbox 750 5180 3286 5268">
    <p class='ocr_par' dir='ltr' id='par_1_11' title="bbox 750 5180 3286 5268">
     <span class='ocr_line' id='line_1_38' title="bbox 750 5180 3286 5268; baseline 0.006 -29"><span class='ocrx_word' id='word_1_342' title='bbox 750 5199 795 5257; x_wconf 58' lang='lat'>2„</span> <span class='ocrx_word' id='word_1_343' title='bbox 825 5186 877 5243; x_wconf 91' lang='lat'><strong>1.</strong></span> <span class='ocrx_word' id='word_1_344' title='bbox 919 5184 1052 5243; x_wconf 87' lang='lat' dir='ltr'>Voir</span> <span class='ocrx_word' id='word_1_345' title='bbox 1082 5186 1156 5243; x_wconf 88' lang='lat' dir='ltr'>M.</span> <span class='ocrx_word' id='word_1_346' title='bbox 1175 5180 1410 5257; x_wconf 84' lang='lat' dir='ltr'>SanutO,</span> <span class='ocrx_word' id='word_1_347' title='bbox 1441 5190 1644 5257; x_wconf 67' lang='lat' dir='ltr'>viarii,</span> <span class='ocrx_word' id='word_1_348' title='bbox 1674 5195 1713 5247; x_wconf 88' lang='lat' dir='ltr'>t.</span> <span class='ocrx_word' id='word_1_349' title='bbox 1746 5191 1792 5263; x_wconf 90' lang='lat'>1,</span> <span class='ocrx_word' id='word_1_350' title='bbox 1823 5191 1924 5248; x_wconf 90' lang='lat' dir='ltr'>col.</span> <span class='ocrx_word' id='word_1_351' title='bbox 1948 5193 2074 5263; x_wconf 84' lang='lat'>369,</span> <span class='ocrx_word' id='word_1_352' title='bbox 2107 5199 2163 5249; x_wconf 89' lang='lat' dir='ltr'>et.</span> <span class='ocrx_word' id='word_1_353' title='bbox 2181 5210 2275 5249; x_wconf 87' lang='lat' dir='ltr'>sur</span> <span class='ocrx_word' id='word_1_354' title='bbox 2305 5200 2454 5251; x_wconf 86' lang='lat' dir='ltr'>toute</span> <span class='ocrx_word' id='word_1_355' title='bbox 2483 5194 2535 5251; x_wconf 85' lang='lat' dir='ltr'>la</span> <span class='ocrx_word' id='word_1_356' title='bbox 2563 5196 2888 5268; x_wconf 76' lang='lat' dir='ltr'>ceremonie,</span> <span class='ocrx_word' id='word_1_357' title='bbox 2909 5194 3014 5254; x_wconf 83' lang='lat' dir='ltr'>eol.</span> <span class='ocrx_word' id='word_1_358' title='bbox 3034 5198 3134 5253; x_wconf 81' lang='lat'>371</span> <span class='ocrx_word' id='word_1_359' title='bbox 3165 5200 3218 5253; x_wconf 85' lang='lat' dir='ltr'>et.</span> <span class='ocrx_word' id='word_1_360' title='bbox 3239 5194 3286 5249; x_wconf 80' lang='grc'>2.</span> 
     </span>
    </p>
   </div>
   <div class='ocr_carea' id='block_1_9' title="bbox 3510 8 3516 4141">
    <p class='ocr_par' dir='ltr' id='par_1_12' title="bbox 3510 8 3516 4141">
     <span class='ocr_line' id='line_1_39' title="bbox 3510 8 3516 4141; baseline 0 0"><span class='ocrx_word' id='word_1_361' title='bbox 3510 8 3516 4141; x_wconf 95' lang='lat' dir='ltr'> </span> 
     </span>
    </p>
   </div>
  </div>
 </body>
</html>
