3625 6059
306 559 637 620 [Decemhre
668 561 807 622 1499]
990 561 1241 619 RERUM
1291 563 1739 624 URBANARUM
1790 567 2318 629 COMMENTARH.
2881 580 2987 632 597

420 716 497 808 ᾖ.
554 715 881 790 Attollite
899 730 1167 814 portas,
1196 721 1577 816 principes,
1620 737 1906 814 vestros,

415 841 495 930 ἡ).
563 839 661 913 Ut
690 841 1082 932 elevamini,
1102 857 1310 940 porte
1338 847 1703 920 eternales,

420 969 495 1057 Ῡ.
560 966 808 1038 Tollite
839 967 1016 1041 ostia
1045 981 1109 1040 et
1141 970 1422 1044 introite
1452 974 1632 1045 atria
1663 976 1845 1069 ejus,

415 1093 496 1179 ft.
554 1092 872 1165 Adorate
899 1092 1295 1166 Dominum
1328 1096 1400 1167 in
1431 1099 1610 1170 atrio
1640 1114 1880 1173 sancto
1911 1103 2093 1195 ejus.

418 1219 495 1306 ,in
552 1216 937 1311 Inqrediar
963 1218 1037 1289 in
1068 1220 1297 1293 locum
1327 1223 1782 1314 tabernaculi,

482 1400 496 1414 .
564 1341 804 1439 Usque
832 1342 932 1416 acl
958 1343 1242 1417 domum
1271 1347 1439 1420 Dei.

484 1524 499 1539 .
556 1466 857 1538 Introite
884 1468 959 1540 in
992 1483 1359 1565 conspeetu
1389 1472 1573 1566 ejus,

484 1651 497 1665 .
554 1591 648 1665 In
679 1593 1129 1666 eoeultatione.

480 1774 495 1788 .
556 1716 887 1806 Domine,
924 1717 1187 1789 eoeamless
1214 1721 1597 1792 orationem
1628 1745 1879 1806 meam,

455 1899 497 1934 ,.
554 1841 658 1914 Et
690 1843 951 1914 elamor
976 1865 1172 1914 meus
1202 1844 1301 1916 ad
1324 1855 1387 1916 te
1416 1847 1675 1920 veniat.

414 1969 485 2059 ᾖ.
543 1965 901 2038 Dominus
932 1965 1303 2053 vobiscum,

419 2094 496 2181 ι’ᾓ.
556 2091 663 2162 Et
688 2113 845 2162 eum
874 2090 1129 2185 spiritu
1163 2101 1303 2164 tuo,

417 1345 471 1432 ἒ.)

419 1469 471 1916 &rw-2224

1484 2302 1803 2374 OREMUS.

417 2449 619 2555 Deus
670 2450 793 2544 qui
826 2473 965 2544 per
1006 2448 1333 2544 Moysem
1380 2451 1739 2548 semidiem
1788 2464 1986 2524 tumn
2023 2455 2287 2550 populo
2335 2455 2725 2528 Israelitico
2772 2459 2981 2552 quin-

318 2574 813 2672 quayesimum
862 2597 1135 2647 annum
1182 2576 1608 2648 remissionis
1652 2589 1722 2650 et
1739 2576 2002 2672 jubilei
2045 2579 2432 2670 instituisti,
2477 2603 2613 2676 quo
2663 2580 2982 2676 sinyiclos

322 2721 469 2768 esse
505 2696 753 2768 liberos
794 2695 1090 2787 voluisti,
1134 2700 1425 2772 concede
1452 2703 1799 2797 propitius
1843 2702 2040 2774 nobis
2079 2704 2377 2801 famulis
2405 2703 2670 2798 jubilei
2709 2729 2979 2776 annum
3093 2769 3102 2776 .

321 2821 738 2892 auctoritate
780 2833 903 2894 tuo
952 2822 1355 2895 institut-um
1392 2824 1701 2921 fideliter
1749 2826 2101 2916 inchoare,
2158 2841 2236 2900 ut
2287 2829 2360 2899 in
2411 2853 2486 2899 eo
2531 2831 2735 2900 venia
2768 2831 2984 2923 plene

318 2943 763 3040 indulyentie
815 2957 879 3016 et
936 2948 1365 3022 remissionis
1418 2951 1733 3021 omnium
1792 2950 2201 3023 delictorum
2254 2952 2556 3041 obtento,
2620 2976 2781 3025 cum
2839 2953 2981 3025 dies

320 3071 702 3142 vocationis
750 3069 1133 3160 advenerit,
1191 3074 1646 3146 inenarrabili
1693 3075 1924 3170 {floria
1974 3089 2038 3148 et
2075 3078 2383 3172 perenni
2430 3077 2773 3175 felicitate
2811 3101 2980 3173 per-

316 3197 691 3292 fruamur,
717 3219 850 3291 per
875 3195 1271 3269 Dominum
1299 3211 1620 3271 nostrum
1648 3197 1897 3272 Jesmn
1933 3199 2318 3274 Christum.

426 3337 691 3412 Audita
738 3341 1208 3435 responsione
1256 3363 1422 3415 mea
1460 3348 1534 3415 et
1570 3343 1942 3416 versiculis
1987 3367 2152 3417 cum
2196 3345 2518 3418 oratione
2563 3346 2982 3442 prescriptis

330 3463 707 3538 Sanctitati
747 3487 875 3536 sue
916 3464 1147 3552 lectiS,
1193 3465 1561 3562 replicavit
1606 3469 1731 3541 SS.
1784 3472 1870 3541 D.
1917 3472 2004 3541 N.
2045 3468 2223 3541 mihi
2263 3491 2408 3543 non
2439 3469 2618 3543 velle
2662 3491 2792 3567 pro
2823 3492 2984 3543 ves-

320 3589 511 3686 peris
555 3589 929 3662 basilicam
968 3590 1235 3663 intrare
1275 3591 1412 3664 nisi
1451 3615 1583 3686 per
1626 3599 1913 3690 portam
1953 3617 2275 3684 auream,
2323 3617 2459 3667 nec
2503 3595 2636 3667 sibi
2678 3594 2829 3667 fore
2870 3594 2984 3667 in-

322 3712 785 3788 commodum
830 3723 1235 3809 expectare,
1281 3722 1665 3811 propterea
1698 3739 1845 3787 non
1883 3715 2066 3789 velle
2105 3726 2385 3791 mutare
2434 3718 2800 3808 ordinata3
2849 3716 2980 3792 sibi

322 3840 607 3938 pulsum
658 3861 1199 3934 campanarum,
1252 3848 1466 3935 prout
1517 3863 2065 3936 proposueram,
2120 3843 2436 3938 placere,
2490 3867 2708 3940 quem
2761 3842 2982 3916 voluit

326 3964 628 4061 singulis
650 3961 831 4035 locis
861 3967 932 4034 et
959 3962 1285 4036 ecclesiis
1312 3963 1663 4050 intimari;
1694 3963 1783 4036 de
1815 3963 2184 4038 versiculis
2209 3991 2308 4038 xu
2336 3967 2667 4062 superius
2696 3965 2980 4061 scriptis

324 4090 541 4187 elegit
589 4089 931 4186 primum,
987 4087 1409 4180 secundum,
1459 4088 1817 4184 quintum,
1870 4094 2180 4180 sextum,
2234 4090 2625 4179 decimum,
2677 4089 2976 4164 undeci-
3071 4151 3082 4160 .

326 4239 523 4289 mum
572 4221 646 4289 et
692 4211 1231 4302 duodecimum,
1289 4222 1359 4285 et
1409 4214 1809 4287 orationem
1861 4213 2303 4311 approbavit,
2362 4215 2703 4288 correctis
2760 4215 2829 4288 in
2890 4239 2978 4288 ea

328 4340 560 4415 verbis
595 4363 767 4436 quos
796 4339 1113 4434 sinqzelos
1154 4339 1398 4411 liberos
1442 4363 1587 4410 esse
1619 4339 1916 4425 voluisti,
1962 4347 2035 4412 et
2079 4339 2266 4434 quod
2287 4339 2641 4436 jubileum
2687 4341 2979 4414 centesi-

329 4490 525 4538 mum
572 4465 648 4537 in
698 4487 784 4537 ea
826 4463 1293 4560 appellarem,
1349 4470 1419 4536 et.
1464 4471 1748 4557 portam
1790 4461 2203 4560 hujusmodi
2245 4462 2318 4534 in
2363 4485 2450 4537 eo
2496 4463 2754 4558 aperiri
2806 4485 2980 4535 con-

332 4589 651 4664 suevisse
689 4586 1121 4685 adjicerem3
1169 4589 1538 4661 emendavi
1588 4589 1805 4684 igitur
1843 4610 2004 4660 eam
2037 4594 2107 4661 et
2135 4587 2403 4683 placuit
2441 4588 2817 4660 Sanctitati
2856 4609 2981 4660 sue

332 4719 402 4790 in
432 4716 667 4789 forma
696 4713 879 4787 infra
906 4712 1269 4811 ponenda.

426 4842 721 4916 Interim
758 4848 1111 4912 venerunt
1142 4839 1357 4913 etiam
1394 4845 1726 4913 cantores
1766 4837 2043 4935 capelle
2075 4838 2485 4913 Sanctitatis
2517 4860 2642 4911 sue
2676 4837 2793 4933 qui
2825 4835 2985 4933 qui-

340 4965 503 5039 dem
538 4975 833 5039 cantum
868 4989 1133 5038 novum
1164 4987 1295 5061 pro
1328 4970 1659 5062 apertura
1694 4941 1908 5060 hujus
1938 4972 2146 5060 porte
2188 4968 2770 5060 composuerant,
2806 4983 2988 5058 quos

338 5091 555 5166 voluit
610 5093 971 5165 Sanctitas
1021 5113 1152 5163 sua
1194 5089 1467 5178 audire,
1520 5097 1627 5178 et,
1679 5088 1923 5163 audito
1971 5096 2222 5180 cantu,
2272 5089 2508 5186 ipsum
2561 5086 2875 5162 laudavit
2919 5091 2992 5158 et

338 5217 583 5290 statuit
626 5217 959 5292 ordinem
988 5239 1119 5312 pro
1156 5216 1473 5313 vesperis
1506 5221 1577 5288 et
1604 5217 1807 5311 porte
1840 5214 2260 5311 hujusmodi
2301 5213 2700 5311 aperitione
2739 5209 2992 5285 obser-
