3625 6059
253 532 538 601 [Decembre
565 532 708 597 1492]
887 530 1140 589 RERUM
1189 530 1642 591 URBANARUM
1691 530 2217 592 COMMENTARH.
2812 544 2877 601 21

253 686 732 765 recordationis
787 690 875 761 D.
932 686 1130 762 Pauli
1179 691 1268 778 ΙΙ,
1323 710 1491 763 cum
1536 689 1610 762 in
1667 690 1857 765 Urbe
1912 688 2190 780 fuisset,
2241 690 2485 765 locum
2534 692 2879 769 habuisse

254 820 404 888 ante
451 810 624 885 bone
669 810 1022 885 memorie
1079 810 1525 887 cardinalem
1582 817 2055 891 Mantuanum
2112 824 2283 893 tunc
2346 819 2677 895 ultimum
2726 821 2879 897 dia-

257 960 492 1011 conum
517 934 992 1027 cardinalem;
1033 943 1628 1035 perscrutataque
1671 963 1895 1036 super
1930 941 2347 1038 hujusmodi
2392 967 2557 1019 mea
2585 968 2883 1042 respon-

255 1062 434 1135 sione
493 1066 594 1133 est
649 1060 1006 1137 Sanctitas
1065 1085 1197 1135 sua
1245 1062 1724 1137 cardinalium
1773 1066 2097 1139 omnium
2150 1068 2619 1143 Sanctitatem
2680 1092 2881 1143 suam

250 1184 841 1259 circumstantium
869 1193 1059 1275 vota,
1087 1185 1297 1261 nobis
1326 1186 1402 1261 in
1427 1186 1672 1261 medio
1699 1189 1887 1263 inter
1907 1212 2034 1263 eos
2060 1213 2305 1265 coram
2330 1192 2725 1266 Sanctitate
2753 1216 2883 1266 sua

250 1309 658 1407 genuflexis3
696 1311 945 1388 RRmi.
993 1315 1146 1387 DD.
1198 1313 1424 1387 sancti
1463 1313 1746 1411 Angeli,
1799 1340 1859 1389 s.
1906 1317 2310 1409 Anastasie,
2347 1320 2779 1393 camerarius
2811 1326 2883 1392 et

245 1433 560 1507 Ascanius
592 1433 668 1506 in
701 1434 852 1507 suis
883 1435 1068 1509 votis
1108 1457 1452 1533 expresse
1495 1436 1826 1512 dixerunt
1856 1462 1935 1513 se
1966 1438 2333 1513 recordari
2367 1444 2525 1513 Don
2556 1442 2881 1515 Francis-

239 1578 380 1631 cum
408 1557 570 1632 dicti
603 1561 696 1633 D.
736 1558 1082 1633 Friderici
1127 1584 1554 1659 germanum
1599 1571 1763 1661 post
1797 1586 2055 1639 omnes
2096 1567 2440 1642 diaconos
2477 1567 2877 1643 cardinales

234 1683 448 1761 locum
486 1684 879 1775 habuisse3
932 1684 1128 1782 quod
1173 1684 1346 1758 licet
1389 1685 1564 1759 mihi
1615 1686 1982 1762 videretur
2032 1712 2445 1781 erroneum,
2498 1698 2741 1767 tamen
2786 1692 2879 1765 ad
2971 1762 2980 1772 .

237 1813 358 1887 hoc
395 1810 566 1885 nihil
623 1808 994 1907 respondi.
1041 1811 1520 1885 Interlocutus
1577 1818 1814 1887 tamen
1874 1813 1977 1888 fui
2035 1814 2233 1887 illum
2290 1817 2875 1913 quartogenitum

239 1941 410 2015 hunc
437 1945 682 2014 autem
713 1934 1358 2035 secundogenitum
1386 1960 1574 2027 esse,
1613 1946 1689 2012 et
1717 1947 2103 2037 propterea
2142 1940 2330 2015 inter
2366 1962 2493 2015 eos
2538 1965 2879 2039 magnam

237 2065 722 2141 differentiam.
774 2064 1247 2161 Interrogavit
1297 2063 1858 2161 interloquendo
1904 2069 2151 2139 RmuS.
2204 2070 2289 2140 D.
2333 2067 2686 2141 Ascanius
2722 2068 2881 2163 quis

237 2191 448 2288 major
471 2213 560 2263 an
591 2191 683 2263 D.
718 2187 1125 2265 Fridericus
1154 2188 1270 2263 vel
1301 2188 1444 2261 dux
1469 2188 1886 2263 Mediolani.
1922 2190 2286 2287 Respondi
2316 2193 2401 2263 D.
2434 2190 2881 2267 Fridericum

229 2314 420 2411 longe
473 2314 833 2411 majorem
896 2336 1058 2388 esse
1119 2312 1312 2410 apud
1372 2337 1534 2402 nOS,
1589 2314 1993 2389 secundum
2048 2320 2295 2389 nostra
2335 2313 2876 2403 ceremonialia,

231 2440 390 2513 duce
455 2437 874 2527 Mediolani,
933 2438 1276 2535 quoniam
1339 2462 1482 2513 non
1540 2439 1773 2513 solum
1828 2439 1991 2513 duci
2042 2438 2428 2513 Mediolani
2482 2438 2611 2513 sed
2657 2438 2877 2513 etiam

238 2564 648 2639 electoribus
700 2564 989 2661 Imperii
1029 2563 1261 2637 filium
1313 2564 1505 2661 regis
1552 2588 2085 2662 quemcumque
2123 2563 2637 2663 preferendum
2683 2587 2871 2638 esse.

243 2693 467 2765 Rmus.
503 2694 590 2765 D.
631 2689 1020 2764 cardinalis
1051 2696 1300 2764 sancte
1327 2690 1556 2765 Marie
1587 2688 1660 2763 in
1684 2690 1974 2766 Porticu
2001 2690 2179 2765 dixit
2209 2694 2377 2765 ante
2406 2696 2647 2765 votum
2676 2712 2883 2763 suum

245 2815 304 2885 in
331 2822 565 2889 nostra
587 2814 961 2913 presentia
989 2815 1379 2889 votandum
1410 2838 1558 2889 non
1588 2835 1750 2891 esse
1775 2840 1791 2905 ;
1828 2816 1961 2890 sed
1996 2839 2161 2890 cum
2193 2820 2383 2914 Papa
2412 2816 2891 2914 responderet

241 2938 360 3013 hec
399 2940 602 3014 nobis
658 2938 1198 3017 committenda.
1227 2944 1300 3013 et
1353 2939 1885 3015 manifestanda
1928 2964 2119 3031 esse,
2166 2946 2555 3038 propterea
2595 2964 2731 3014 nos
2785 2940 2889 3012 eis

239 3062 618 3157 advertere,
671 3072 916 3139 votum
956 3064 1152 3141 dedit
1192 3065 1626 3141 remittendo
1685 3088 1764 3141 se
1797 3066 2075 3163 judicio
2117 3072 2204 3141 D.
2252 3067 2576 3163 episcopi
2623 3067 2890 3139 Pienti-

239 3191 462 3267 nensis
490 3214 710 3289 quem
740 3192 976 3265 vocari
1017 3190 1230 3282 fecit;
1269 3190 1464 3289 quod
1493 3214 1656 3263 cum
1693 3190 1851 3265 fieri
1890 3213 2037 3264 non
2066 3197 2339 3288 posset,
2375 3214 2540 3264 cum
2572 3197 2765 3265 esset
2796 3190 2887 3263 ad

237 3318 722 3393 associandum
785 3315 1058 3391 dictum
1123 3321 1211 3390 D.
1271 3315 1714 3391 Fridericum
1783 3338 1916 3415 per
1972 3315 2414 3389 cardinalem
2484 3317 2887 3389 Senensem

235 3442 497 3533 missuS,
551 3443 790 3517 noluit
833 3440 1304 3518 nihilominus
1351 3462 1481 3537 per
1525 3445 1770 3515 votum
1822 3461 2033 3513 suum
2086 3440 2245 3535 ejus
2290 3437 2513 3511 finem
2563 3438 2889 3535 acquies-

238 3588 408 3657 cere,
439 3577 510 3641 et
540 3568 728 3641 dixit
757 3590 836 3642 se
873 3590 1018 3641 non
1047 3574 1314 3641 votare.

319 3692 463 3765 Fuit
504 3692 808 3767 tandem
847 3715 942 3773 ,ex
979 3691 1162 3765 votis
1203 3691 1500 3789 majoris
1539 3691 1762 3787 partis
1807 3687 2281 3763 cardinalium
2320 3712 2455 3786 per
2500 3692 2629 3763 SS.
2669 3692 2751 3761 D.
2790 3694 2875 3764 N.

232 3814 632 3889 conclusum
665 3814 860 3913 quod
898 3814 1042 3889 duo
1065 3814 1396 3913 juniores
1439 3813 1727 3887 diaconi
1775 3813 2182 3888 cardinales
2228 3814 2499 3892 dictum
2548 3817 2632 3886 D.
2670 3813 2892 3887 Fede-

233 3937 438 4013 ricum
488 3940 584 4015 ad
632 3939 998 4037 pontificis
1053 3938 1496 4037 presentiam
1549 3937 2036 4027 associarent,
2100 3945 2172 4012 et
2224 3936 2419 4034 quod
2466 3936 2671 4011 locus
2725 3946 2891 4011 ante

235 4060 540 4137 ultimum
573 4063 966 4137 diaconum
999 4061 1444 4137 cardinalem
1475 4063 1793 4152 daretur,
1826 4086 1916 4145 ex
1946 4086 2034 4137 eo
2062 4062 2257 4158 quod
2279 4062 2620 4135 eumdem
2648 4062 2893 4136 locum

234 4184 386 4261 alias
429 4187 837 4279 habuisset,
901 4193 972 4261 et
1027 4186 1224 4283 quod
1272 4184 1494 4259 hodie
1549 4192 1846 4284 propter
1900 4184 2894 4283 obedientie-prestationem

233 4310 396 4386 inter
445 4310 856 4387 cardinales
909 4333 1058 4385 non
1107 4312 1424 4400 sederet,
1470 4310 1600 4386 sed
1654 4316 1882 4385 staret
1930 4334 2097 4384 cum
2139 4309 2295 4383 aliis
2337 4310 2891 4385 conoratoribus

235 4437 360 4511 suis
405 4444 576 4535 post
621 4436 1084 4535 presbyteros
1150 4435 1552 4513 cardinales
1605 4435 1680 4509 in
1738 4435 1905 4511 loco
1990 4444 2367 4510 consueto.
2432 4436 2890 4511 Adveniente

230 4556 466 4637 deinde
497 4563 592 4637 ad
620 4560 974 4660 palatium
1024 4564 1105 4634 D.
1159 4562 1525 4637 Friderico
1565 4558 1919 4657 predict0,
1968 4580 2060 4630 ne
2106 4565 2391 4655 tempus
2432 4556 2884 4654 perderetur,

225 4693 554 4761 venerunt
597 4687 660 4761 ei
705 4686 992 4761 obviam
1045 4710 1276 4782 usque
1331 4685 1423 4759 ad
1471 4684 1700 4760 scalas
1761 4682 1835 4755 in
1883 4680 2099 4778 plano
2148 4703 2437 4755 camere
2490 4680 2891 4779 apostolice

225 4812 758 4909 respondenteS,
805 4811 1056 4883 RRmi.
1116 4814 1266 4885 DD.
1319 4809 1670 4884 Ascanius
1713 4804 2347 4881 vicecancellarius
2392 4813 2462 4880 et
2515 4804 2604 4880 de
2639 4814 2890 4881 sancto

225 4932 574 5029 severino,
610 4936 842 5011 ultimi
871 4936 1014 5011 duo
1060 4935 1344 5011 diaconi
1390 4934 1792 5010 cardinales
1832 4954 1919 5005 ac
1947 4930 2193 5028 plures
2239 4953 2328 5005 ex
2373 4933 2879 5021 assistentibus

227 5054 422 5150 Pape,
455 5056 583 5129 ubi
617 5057 750 5155 ipsi
782 5056 1182 5131 cardinales
1224 5060 1306 5132 D.
1345 5056 1790 5130 Fridericum
1824 5062 1897 5130 et
1926 5054 2347 5130 assistentes
2382 5064 2527 5131 tres
2558 5054 2875 5154 prelatos

227 5198 298 5249 ac
331 5179 598 5255 ducem
632 5187 703 5255 et
745 5187 892 5256 tres
934 5180 1237 5257 comites
1287 5179 1614 5277 superius
1661 5177 2075 5255 nominatos
2118 5201 2203 5251 ac
2250 5183 2335 5252 D.
2385 5178 2737 5253 Aloisium
2776 5176 2867 5250 de
