<?xml version="1.0" encoding="UTF-8"?>
<!DOCTYPE html PUBLIC "-//W3C//DTD XHTML 1.0 Transitional//EN"
    "http://www.w3.org/TR/xhtml1/DTD/xhtml1-transitional.dtd">
<html xmlns="http://www.w3.org/1999/xhtml" xml:lang="en" lang="en">
 <head>
  <title>
</title>
<meta http-equiv="Content-Type" content="text/html;charset=utf-8" />
  <meta name='ocr-system' content='tesseract 3.04.00' />
  <meta name='ocr-capabilities' content='ocr_page ocr_carea ocr_par ocr_line ocrx_word'/>
</head>
<body>
  <div class='ocr_page' id='page_1' title='image "./johannisburchar00unkngoog_0525.png"; bbox 0 0 3625 6059; ppageno 0'>
   <div class='ocr_carea' id='block_1_1' title="bbox 316 534 3004 598">
    <p class='ocr_par' dir='ltr' id='par_1_1' title="bbox 316 534 3004 598">
     <span class='ocr_line' id='line_1_1' title="bbox 316 534 3004 598; baseline 0.005 -14"><span class='ocrx_word' id='word_1_1' title='bbox 316 535 499 595; x_wconf 82' lang='lat' dir='ltr'><strong>[Mars</strong></span> <span class='ocrx_word' id='word_1_2' title='bbox 532 537 669 598; x_wconf 73' lang='lat'>1499]</span> <span class='ocrx_word' id='word_1_3' title='bbox 1012 534 1265 591; x_wconf 84' lang='lat' dir='ltr'>RERUM</span> <span class='ocrx_word' id='word_1_4' title='bbox 1314 534 1765 595; x_wconf 80' lang='lat' dir='ltr'><strong>URBANARUM</strong></span> <span class='ocrx_word' id='word_1_5' title='bbox 1811 537 2333 596; x_wconf 88' lang='lat' dir='ltr'><strong>COMMENTARII.</strong></span> <span class='ocrx_word' id='word_1_6' title='bbox 2897 542 3004 598; x_wconf 88' lang='lat'><strong>513</strong></span> 
     </span>
    </p>
   </div>
   <div class='ocr_carea' id='block_1_2' title="bbox 302 687 3004 4542">
    <p class='ocr_par' dir='ltr' id='par_1_2' title="bbox 312 687 3004 1163">
     <span class='ocr_line' id='line_1_2' title="bbox 316 687 3004 790; baseline 0.001 -28"><span class='ocrx_word' id='word_1_7' title='bbox 316 695 520 762; x_wconf 82' lang='lat' dir='ltr'><strong>tum.</strong></span> <span class='ocrx_word' id='word_1_8' title='bbox 554 687 947 764; x_wconf 88' lang='lat' dir='ltr'><strong>Celebrans</strong></span> <span class='ocrx_word' id='word_1_9' title='bbox 978 711 1127 764; x_wconf 91' lang='lat' dir='ltr'><strong>non</strong></span> <span class='ocrx_word' id='word_1_10' title='bbox 1155 691 1641 786; x_wconf 87' lang='lat' dir='ltr'><strong>pronuntiavit</strong></span> <span class='ocrx_word' id='word_1_11' title='bbox 1668 691 2180 790; x_wconf 79' lang='lat' dir='ltr'><strong>indulgentias,</strong></span> <span class='ocrx_word' id='word_1_12' title='bbox 2217 714 2381 766; x_wconf 89' lang='lat' dir='ltr'><strong>cum</strong></span> <span class='ocrx_word' id='word_1_13' title='bbox 2409 690 2552 766; x_wconf 89' lang='lat' dir='ltr'><strong>sint</strong></span> <span class='ocrx_word' id='word_1_14' title='bbox 2580 690 2902 788; x_wconf 77' lang='lat' dir='ltr'><strong>plenarie</strong></span> <span class='ocrx_word' id='word_1_15' title='bbox 2929 691 3004 764; x_wconf 92' lang='lat' dir='ltr'><strong>in</strong></span> 
     </span>
     <span class='ocr_line' id='line_1_3' title="bbox 312 813 3000 920; baseline 0.001 -36"><span class='ocrx_word' id='word_1_16' title='bbox 312 813 550 889; x_wconf 83' lang='lat' dir='ltr'><strong>valvis</strong></span> <span class='ocrx_word' id='word_1_17' title='bbox 578 813 909 920; x_wconf 25' lang='lat' dir='ltr'><strong>’ecclesie</strong></span> <span class='ocrx_word' id='word_1_18' title='bbox 958 813 1349 911; x_wconf 87' lang='lat' dir='ltr'><strong>publicate.</strong></span> <span class='ocrx_word' id='word_1_19' title='bbox 1398 817 1618 889; x_wconf 87' lang='lat' dir='ltr'><strong>Missa</strong></span> <span class='ocrx_word' id='word_1_20' title='bbox 1659 817 1888 906; x_wconf 84' lang='lat' dir='ltr'><strong>finita,</strong></span> <span class='ocrx_word' id='word_1_21' title='bbox 1938 841 2196 893; x_wconf 89' lang='lat' dir='ltr'><strong>omnes</strong></span> <span class='ocrx_word' id='word_1_22' title='bbox 2247 816 2651 891; x_wconf 75' lang='lat' dir='ltr'><strong>cardinales</strong></span> <span class='ocrx_word' id='word_1_23' title='bbox 2694 814 3000 916; x_wconf 81' lang='lat' dir='ltr'><strong>predicti</strong></span> 
     </span>
     <span class='ocr_line' id='line_1_4' title="bbox 315 937 3003 1037; baseline 0.001 -28"><span class='ocrx_word' id='word_1_24' title='bbox 315 938 617 1012; x_wconf 85' lang='lat' dir='ltr'><strong>iverunt</strong></span> <span class='ocrx_word' id='word_1_25' title='bbox 649 938 744 1011; x_wconf 89' lang='lat' dir='ltr'><strong>ad</strong></span> <span class='ocrx_word' id='word_1_26' title='bbox 768 937 1121 1035; x_wconf 88' lang='lat' dir='ltr'><strong>capellam</strong></span> <span class='ocrx_word' id='word_1_27' title='bbox 1152 941 1513 1036; x_wconf 90' lang='lat' dir='ltr'><strong>presentis</strong></span> <span class='ocrx_word' id='word_1_28' title='bbox 1546 941 1931 1016; x_wconf 88' lang='lat' dir='ltr'><strong>cardinalis</strong></span> <span class='ocrx_word' id='word_1_29' title='bbox 1957 938 2434 1037; x_wconf 79' lang='lat' dir='ltr'><strong>Neapolitani,</strong></span> <span class='ocrx_word' id='word_1_30' title='bbox 2467 964 2685 1037; x_wconf 90' lang='lat' dir='ltr'><strong>quam</strong></span> <span class='ocrx_word' id='word_1_31' title='bbox 2710 941 2785 1015; x_wconf 91' lang='lat' dir='ltr'><strong>in</strong></span> <span class='ocrx_word' id='word_1_32' title='bbox 2809 940 3003 1015; x_wconf 88' lang='lat' dir='ltr'><strong>dicta</strong></span> 
     </span>
     <span class='ocr_line' id='line_1_5' title="bbox 318 1062 2168 1163; baseline 0.001 -26"><span class='ocrx_word' id='word_1_33' title='bbox 318 1063 650 1137; x_wconf 84' lang='lat' dir='ltr'><strong>ecclesia</strong></span> <span class='ocrx_word' id='word_1_34' title='bbox 681 1063 1003 1138; x_wconf 80' lang='lat' dir='ltr'><strong>construi</strong></span> <span class='ocrx_word' id='word_1_35' title='bbox 1030 1062 1209 1137; x_wconf 82' lang='lat' dir='ltr'><strong>&#39;fecit</strong></span> <span class='ocrx_word' id='word_1_36' title='bbox 1239 1064 1332 1138; x_wconf 90' lang='lat' dir='ltr'><strong>ad</strong></span> <span class='ocrx_word' id='word_1_37' title='bbox 1355 1088 1701 1163; x_wconf 84' lang='lat' dir='ltr'><strong>pompam</strong></span> <span class='ocrx_word' id='word_1_38' title='bbox 1732 1074 1805 1141; x_wconf 90' lang='lat' dir='ltr'><strong>et</strong></span> <span class='ocrx_word' id='word_1_39' title='bbox 1839 1065 2168 1163; x_wconf 77' lang='lat' dir='ltr'><strong>gloriam.</strong></span> 
     </span>
    </p>

    <p class='ocr_par' dir='ltr' id='par_1_3' title="bbox 306 1169 3001 2783">
     <span class='ocr_line' id='line_1_6' title="bbox 322 1169 2994 1288; baseline 0.001 -25"><span class='ocrx_word' id='word_1_40' title='bbox 322 1237 331 1246; x_wconf 96' lang='lat'><em>-</em></span> <span class='ocrx_word' id='word_1_41' title='bbox 434 1169 819 1263; x_wconf 90' lang='lat' dir='ltr'><strong>Dominica</strong></span> <span class='ocrx_word' id='word_1_42' title='bbox 848 1194 1101 1285; x_wconf 87' lang='lat' dir='ltr'><strong>quarta</strong></span> <span class='ocrx_word' id='word_1_43' title='bbox 1138 1189 1715 1288; x_wconf 79' lang='lat' dir='ltr'><strong>quadragesime,</strong></span> <span class='ocrx_word' id='word_1_44' title='bbox 1757 1215 1898 1288; x_wconf 88' lang='lat' dir='ltr'><strong>que</strong></span> <span class='ocrx_word' id='word_1_45' title='bbox 1930 1191 2065 1265; x_wconf 87' lang='lat' dir='ltr'><strong>fuit</strong></span> <span class='ocrx_word' id='word_1_46' title='bbox 2101 1196 2187 1265; x_wconf 89' lang='lat'><strong>10</strong></span> <span class='ocrx_word' id='word_1_47' title='bbox 2217 1190 2390 1264; x_wconf 88' lang='lat' dir='ltr'><strong>dicti</strong></span> <span class='ocrx_word' id='word_1_48' title='bbox 2419 1190 2692 1266; x_wconf 89' lang='lat' dir='ltr'><strong>mensis</strong></span> <span class='ocrx_word' id='word_1_49' title='bbox 2730 1193 2994 1282; x_wconf 88' lang='lat' dir='ltr'><strong>martii,</strong></span> 
     </span>
     <span class='ocr_line' id='line_1_7' title="bbox 318 1313 2996 1393; baseline 0.002 -7"><span class='ocrx_word' id='word_1_50' title='bbox 318 1317 585 1388; x_wconf 88' lang='lat' dir='ltr'><strong>Rmus.</strong></span> <span class='ocrx_word' id='word_1_51' title='bbox 624 1315 710 1386; x_wconf 90' lang='lat' dir='ltr'><strong>D.</strong></span> <span class='ocrx_word' id='word_1_52' title='bbox 756 1313 1144 1387; x_wconf 89' lang='lat' dir='ltr'><strong>cardinalis</strong></span> <span class='ocrx_word' id='word_1_53' title='bbox 1177 1318 1549 1390; x_wconf 88' lang='lat' dir='ltr'><strong>Gurcenus</strong></span> <span class='ocrx_word' id='word_1_54' title='bbox 1589 1316 1979 1391; x_wconf 86' lang='lat' dir='ltr'><strong>celebravit</strong></span> <span class='ocrx_word' id='word_1_55' title='bbox 2006 1317 2305 1390; x_wconf 87' lang='lat' dir='ltr'><strong>missam</strong></span> <span class='ocrx_word' id='word_1_56' title='bbox 2335 1315 2740 1390; x_wconf 90' lang='lat' dir='ltr'><strong>solemnem</strong></span> <span class='ocrx_word' id='word_1_57' title='bbox 2768 1315 2844 1390; x_wconf 87' lang='lat' dir='ltr'><strong>in</strong></span> <span class='ocrx_word' id='word_1_58' title='bbox 2873 1339 2996 1393; x_wconf 89' lang='lat' dir='ltr'><strong>ca-</strong></span> 
     </span>
     <span class='ocr_line' id='line_1_8' title="bbox 312 1437 3001 1538; baseline 0.001 -26"><span class='ocrx_word' id='word_1_59' title='bbox 312 1438 521 1535; x_wconf 89' lang='lat' dir='ltr'><strong>pella</strong></span> <span class='ocrx_word' id='word_1_60' title='bbox 552 1437 901 1537; x_wconf 87' lang='lat' dir='ltr'><strong>predicta,</strong></span> <span class='ocrx_word' id='word_1_61' title='bbox 939 1442 1133 1536; x_wconf 89' lang='lat' dir='ltr'><strong>Papa</strong></span> <span class='ocrx_word' id='word_1_62' title='bbox 1169 1449 1533 1536; x_wconf 87' lang='lat' dir='ltr'><strong>presente,</strong></span> <span class='ocrx_word' id='word_1_63' title='bbox 1579 1442 1729 1538; x_wconf 90' lang='lat' dir='ltr'><strong>qui,</strong></span> <span class='ocrx_word' id='word_1_64' title='bbox 1776 1447 1944 1516; x_wconf 85' lang='lat' dir='ltr'><strong>ante</strong></span> <span class='ocrx_word' id='word_1_65' title='bbox 1984 1442 2369 1516; x_wconf 85' lang='lat' dir='ltr'><strong>adventum</strong></span> <span class='ocrx_word' id='word_1_66' title='bbox 2401 1464 2614 1513; x_wconf 89' lang='lat' dir='ltr'><strong>suum</strong></span> <span class='ocrx_word' id='word_1_67' title='bbox 2654 1441 2727 1514; x_wconf 90' lang='lat' dir='ltr'><strong>in</strong></span> <span class='ocrx_word' id='word_1_68' title='bbox 2760 1441 3001 1538; x_wconf 89' lang='lat' dir='ltr'><strong>capel-</strong></span> 
     </span>
     <span class='ocr_line' id='line_1_9' title="bbox 312 1563 3000 1664; baseline 0.002 -28"><span class='ocrx_word' id='word_1_69' title='bbox 312 1563 505 1654; x_wconf 91' lang='lat' dir='ltr'><strong>lam,</strong></span> <span class='ocrx_word' id='word_1_70' title='bbox 552 1586 792 1637; x_wconf 89' lang='lat' dir='ltr'><strong>rosam</strong></span> <span class='ocrx_word' id='word_1_71' title='bbox 834 1563 911 1637; x_wconf 91' lang='lat' dir='ltr'><strong>in</strong></span> <span class='ocrx_word' id='word_1_72' title='bbox 956 1588 1246 1639; x_wconf 88' lang='lat' dir='ltr'><strong>camera</strong></span> <span class='ocrx_word' id='word_1_73' title='bbox 1287 1567 1644 1664; x_wconf 87' lang='lat' dir='ltr'><strong>papagalli</strong></span> <span class='ocrx_word' id='word_1_74' title='bbox 1688 1566 2054 1642; x_wconf 85' lang='lat' dir='ltr'><strong>benedixit</strong></span> <span class='ocrx_word' id='word_1_75' title='bbox 2093 1571 2166 1640; x_wconf 90' lang='lat' dir='ltr'><strong>et</strong></span> <span class='ocrx_word' id='word_1_76' title='bbox 2204 1566 2278 1639; x_wconf 91' lang='lat' dir='ltr'><strong>in</strong></span> <span class='ocrx_word' id='word_1_77' title='bbox 2323 1589 2540 1640; x_wconf 86' lang='lat' dir='ltr'><strong>manu</strong></span> <span class='ocrx_word' id='word_1_78' title='bbox 2583 1565 2874 1640; x_wconf 87' lang='lat' dir='ltr'><strong>sinistra</strong></span> <span class='ocrx_word' id='word_1_79' title='bbox 2908 1567 3000 1641; x_wconf 90' lang='lat' dir='ltr'><strong>ad</strong></span> 
     </span>
     <span class='ocr_line' id='line_1_10' title="bbox 310 1687 3001 1789; baseline 0.002 -29"><span class='ocrx_word' id='word_1_80' title='bbox 310 1687 598 1763; x_wconf 90' lang='lat' dir='ltr'><strong>dictam</strong></span> <span class='ocrx_word' id='word_1_81' title='bbox 631 1688 985 1784; x_wconf 91' lang='lat' dir='ltr'><strong>capellam</strong></span> <span class='ocrx_word' id='word_1_82' title='bbox 1014 1693 1345 1788; x_wconf 87' lang='lat' dir='ltr'><strong>portavit,</strong></span> <span class='ocrx_word' id='word_1_83' title='bbox 1390 1717 1594 1769; x_wconf 89' lang='lat' dir='ltr'><strong>more</strong></span> <span class='ocrx_word' id='word_1_84' title='bbox 1629 1695 1870 1769; x_wconf 86' lang='lat' dir='ltr'><strong>solito.</strong></span> <span class='ocrx_word' id='word_1_85' title='bbox 1907 1697 2336 1769; x_wconf 88' lang='lat' dir='ltr'><strong>Sermonem</strong></span> <span class='ocrx_word' id='word_1_86' title='bbox 2376 1691 2549 1766; x_wconf 81' lang='lat' dir='ltr'><strong>fecit</strong></span> <span class='ocrx_word' id='word_1_87' title='bbox 2575 1701 3001 1789; x_wconf 85' lang='lat' dir='ltr'><strong>procurator</strong></span> 
     </span>
     <span class='ocr_line' id='line_1_11' title="bbox 307 1811 2999 1918; baseline 0.002 -32"><span class='ocrx_word' id='word_1_88' title='bbox 307 1811 603 1886; x_wconf 87' lang='lat' dir='ltr'><strong>ordinis</strong></span> <span class='ocrx_word' id='word_1_89' title='bbox 638 1813 1203 1889; x_wconf 85' lang='lat' dir='ltr'><strong>carmelitarum.</strong></span> <span class='ocrx_word' id='word_1_90' title='bbox 1240 1817 1475 1891; x_wconf 85' lang='lat' dir='ltr'><strong>Finita</strong></span> <span class='ocrx_word' id='word_1_91' title='bbox 1508 1819 1756 1910; x_wconf 89' lang='lat' dir='ltr'><strong>missa,</strong></span> <span class='ocrx_word' id='word_1_92' title='bbox 1795 1823 1992 1918; x_wconf 88' lang='lat' dir='ltr'><strong>Papa</strong></span> <span class='ocrx_word' id='word_1_93' title='bbox 2020 1817 2414 1916; x_wconf 84' lang='lat' dir='ltr'><strong>reportavit</strong></span> <span class='ocrx_word' id='word_1_94' title='bbox 2451 1841 2672 1892; x_wconf 85' lang='lat' dir='ltr'><strong>manu</strong></span> <span class='ocrx_word' id='word_1_95' title='bbox 2710 1816 2999 1892; x_wconf 87' lang='lat' dir='ltr'><strong>sinistra</strong></span> 
     </span>
     <span class='ocr_line' id='line_1_12' title="bbox 306 1940 2988 2042; baseline 0.002 -30"><span class='ocrx_word' id='word_1_96' title='bbox 306 1963 569 2015; x_wconf 88' lang='lat' dir='ltr'><strong>rosam</strong></span> <span class='ocrx_word' id='word_1_97' title='bbox 599 1940 691 2014; x_wconf 89' lang='lat' dir='ltr'><strong>ad</strong></span> <span class='ocrx_word' id='word_1_98' title='bbox 730 1964 1095 2017; x_wconf 86' lang='lat' dir='ltr'><strong>cameram</strong></span> <span class='ocrx_word' id='word_1_99' title='bbox 1127 1944 1559 2042; x_wconf 85' lang='lat' dir='ltr'><strong>predictam,</strong></span> <span class='ocrx_word' id='word_1_100' title='bbox 1602 1952 1673 2020; x_wconf 88' lang='lat' dir='ltr'><strong>et</strong></span> <span class='ocrx_word' id='word_1_101' title='bbox 1715 1945 1858 2020; x_wconf 87' lang='lat' dir='ltr'><strong>alia</strong></span> <span class='ocrx_word' id='word_1_102' title='bbox 1894 1945 2273 2020; x_wconf 81' lang='lat' dir='ltr'><strong>observata</strong></span> <span class='ocrx_word' id='word_1_103' title='bbox 2311 1948 2479 2018; x_wconf 89' lang='lat' dir='ltr'><strong>sunt</strong></span> <span class='ocrx_word' id='word_1_104' title='bbox 2514 1966 2718 2017; x_wconf 85' lang='lat' dir='ltr'><strong>more</strong></span> <span class='ocrx_word' id='word_1_105' title='bbox 2751 1942 2988 2017; x_wconf 88' lang='lat' dir='ltr'><strong>solito.</strong></span> 
     </span>
     <span class='ocr_line' id='line_1_13' title="bbox 308 2067 2994 2165; baseline 0.001 -26"><span class='ocrx_word' id='word_1_106' title='bbox 308 2069 456 2140; x_wconf 92' lang='lat' dir='ltr'><strong>SS.</strong></span> <span class='ocrx_word' id='word_1_107' title='bbox 508 2070 595 2138; x_wconf 90' lang='lat' dir='ltr'><strong>D.</strong></span> <span class='ocrx_word' id='word_1_108' title='bbox 640 2069 725 2140; x_wconf 92' lang='lat' dir='ltr'><strong>N.</strong></span> <span class='ocrx_word' id='word_1_109' title='bbox 773 2067 1172 2164; x_wconf 90' lang='lat' dir='ltr'><strong>expectavit</strong></span> <span class='ocrx_word' id='word_1_110' title='bbox 1210 2090 1477 2165; x_wconf 88' lang='lat' dir='ltr'><strong>magno</strong></span> <span class='ocrx_word' id='word_1_111' title='bbox 1522 2092 1689 2142; x_wconf 90' lang='lat' dir='ltr'><strong>cum</strong></span> <span class='ocrx_word' id='word_1_112' title='bbox 1734 2070 2098 2146; x_wconf 86' lang='lat' dir='ltr'><strong>desiderio</strong></span> <span class='ocrx_word' id='word_1_113' title='bbox 2139 2075 2506 2160; x_wconf 79' lang='lat' dir='ltr'><strong>Cesaram,</strong></span> <span class='ocrx_word' id='word_1_114' title='bbox 2543 2069 2716 2144; x_wconf 89' lang='lat' dir='ltr'><strong>olim</strong></span> <span class='ocrx_word' id='word_1_115' title='bbox 2757 2071 2994 2144; x_wconf 90' lang='lat' dir='ltr'><strong>cardi-</strong></span> 
     </span>
     <span class='ocr_line' id='line_1_14' title="bbox 306 2190 2991 2281; baseline 0.002 -18"><span class='ocrx_word' id='word_1_116' title='bbox 306 2191 567 2264; x_wconf 89' lang='lat' dir='ltr'><strong>nalem</strong></span> <span class='ocrx_word' id='word_1_117' title='bbox 595 2190 1093 2281; x_wconf 88' lang='lat' dir='ltr'><strong>Valentinum,</strong></span> <span class='ocrx_word' id='word_1_118' title='bbox 1139 2191 1368 2267; x_wconf 86' lang='lat' dir='ltr'><strong>filium</strong></span> <span class='ocrx_word' id='word_1_119' title='bbox 1402 2218 1613 2267; x_wconf 89' lang='lat' dir='ltr'><strong>suum</strong></span> <span class='ocrx_word' id='word_1_120' title='bbox 1650 2197 2096 2271; x_wconf 86' lang='lat' dir='ltr'><strong>contraxisse</strong></span> <span class='ocrx_word' id='word_1_121' title='bbox 2137 2203 2211 2271; x_wconf 89' lang='lat' dir='ltr'><strong>et</strong></span> <span class='ocrx_word' id='word_1_122' title='bbox 2249 2219 2797 2270; x_wconf 88' lang='lat' dir='ltr'><strong>consummasse</strong></span> <span class='ocrx_word' id='word_1_123' title='bbox 2837 2219 2991 2269; x_wconf 91' lang='lat' dir='ltr'><strong>ma-</strong></span> 
     </span>
     <span class='ocr_line' id='line_1_15' title="bbox 308 2316 2988 2419; baseline 0.001 -27"><span class='ocrx_word' id='word_1_124' title='bbox 308 2317 746 2392; x_wconf 84' lang='lat' dir='ltr'><strong>trimonium</strong></span> <span class='ocrx_word' id='word_1_125' title='bbox 778 2340 945 2390; x_wconf 89' lang='lat' dir='ltr'><strong>cum</strong></span> <span class='ocrx_word' id='word_1_126' title='bbox 973 2316 1125 2392; x_wconf 88' lang='lat' dir='ltr'><strong>filia</strong></span> <span class='ocrx_word' id='word_1_127' title='bbox 1146 2319 1337 2416; x_wconf 84' lang='lat' dir='ltr'><strong>regis</strong></span> <span class='ocrx_word' id='word_1_128' title='bbox 1365 2319 1846 2418; x_wconf 90' lang='lat' dir='ltr'><strong>Neapolitani,</strong></span> <span class='ocrx_word' id='word_1_129' title='bbox 1874 2321 2091 2419; x_wconf 88' lang='lat' dir='ltr'><strong>idque</strong></span> <span class='ocrx_word' id='word_1_130' title='bbox 2125 2320 2260 2396; x_wconf 88' lang='lat' dir='ltr'><strong>sibi</strong></span> <span class='ocrx_word' id='word_1_131' title='bbox 2287 2322 2724 2412; x_wconf 88' lang='lat' dir='ltr'><strong>nuntiatum,</strong></span> <span class='ocrx_word' id='word_1_132' title='bbox 2765 2345 2988 2418; x_wconf 89' lang='lat' dir='ltr'><strong>usque</strong></span> 
     </span>
     <span class='ocr_line' id='line_1_16' title="bbox 308 2442 2992 2545; baseline 0.002 -29"><span class='ocrx_word' id='word_1_133' title='bbox 308 2445 395 2516; x_wconf 89' lang='lat' dir='ltr'><strong>in</strong></span> <span class='ocrx_word' id='word_1_134' title='bbox 428 2443 621 2516; x_wconf 90' lang='lat' dir='ltr'><strong>hanc</strong></span> <span class='ocrx_word' id='word_1_135' title='bbox 646 2442 841 2518; x_wconf 88' lang='lat' dir='ltr'><strong>diem</strong></span> <span class='ocrx_word' id='word_1_136' title='bbox 868 2449 941 2518; x_wconf 90' lang='lat' dir='ltr'><strong>et</strong></span> <span class='ocrx_word' id='word_1_137' title='bbox 964 2443 1249 2534; x_wconf 91' lang='lat' dir='ltr'><strong>horam,</strong></span> <span class='ocrx_word' id='word_1_138' title='bbox 1285 2452 1357 2521; x_wconf 88' lang='lat' dir='ltr'><strong>et</strong></span> <span class='ocrx_word' id='word_1_139' title='bbox 1382 2453 1772 2543; x_wconf 87' lang='lat' dir='ltr'><strong>propterea</strong></span> <span class='ocrx_word' id='word_1_140' title='bbox 1796 2447 1932 2521; x_wconf 89' lang='lat' dir='ltr'><strong>sibi</strong></span> <span class='ocrx_word' id='word_1_141' title='bbox 1963 2470 2202 2521; x_wconf 89' lang='lat' dir='ltr'><strong>rosam</strong></span> <span class='ocrx_word' id='word_1_142' title='bbox 2233 2447 2630 2545; x_wconf 83' lang='lat' dir='ltr'><strong>predictam</strong></span> <span class='ocrx_word' id='word_1_143' title='bbox 2654 2445 2730 2519; x_wconf 90' lang='lat' dir='ltr'><strong>in</strong></span> <span class='ocrx_word' id='word_1_144' title='bbox 2752 2445 2992 2522; x_wconf 89' lang='lat' dir='ltr'><strong>hono-</strong></span> 
     </span>
     <span class='ocr_line' id='line_1_17' title="bbox 308 2564 2988 2662; baseline 0.003 -24"><span class='ocrx_word' id='word_1_145' title='bbox 308 2589 479 2641; x_wconf 90' lang='lat' dir='ltr'><strong>rem</strong></span> <span class='ocrx_word' id='word_1_146' title='bbox 513 2573 583 2638; x_wconf 86' lang='lat' dir='ltr'><strong>et</strong></span> <span class='ocrx_word' id='word_1_147' title='bbox 610 2564 914 2662; x_wconf 84' lang='lat' dir='ltr'><strong>gloriam</strong></span> <span class='ocrx_word' id='word_1_148' title='bbox 948 2566 1377 2657; x_wconf 78' lang='lat' dir='ltr'><strong>destinare13</strong></span> <span class='ocrx_word' id='word_1_149' title='bbox 1416 2567 1544 2641; x_wconf 89' lang='lat' dir='ltr'><strong>sed</strong></span> <span class='ocrx_word' id='word_1_150' title='bbox 1576 2568 1784 2642; x_wconf 85' lang='lat' dir='ltr'><strong>aliter</strong></span> <span class='ocrx_word' id='word_1_151' title='bbox 1814 2571 2191 2661; x_wconf 88' lang='lat' dir='ltr'><strong>successit,</strong></span> <span class='ocrx_word' id='word_1_152' title='bbox 2227 2575 2310 2644; x_wconf 92' lang='lat' dir='ltr'><strong>ut</strong></span> <span class='ocrx_word' id='word_1_153' title='bbox 2339 2569 2412 2644; x_wconf 89' lang='lat' dir='ltr'><strong>in</strong></span> <span class='ocrx_word' id='word_1_154' title='bbox 2442 2571 2606 2646; x_wconf 92' lang='lat' dir='ltr'><strong>loco</strong></span> <span class='ocrx_word' id='word_1_155' title='bbox 2639 2595 2769 2645; x_wconf 91' lang='lat' dir='ltr'><strong>suo</strong></span> <span class='ocrx_word' id='word_1_156' title='bbox 2801 2570 2988 2645; x_wconf 77' lang='lat' dir='ltr'><strong>infe-</strong></span> 
     </span>
     <span class='ocr_line' id='line_1_18' title="bbox 306 2680 1868 2783; baseline 0.001 -19"><span class='ocrx_word' id='word_1_157' title='bbox 306 2692 472 2764; x_wconf 87' lang='lat' dir='ltr'><strong>rius</strong></span> <span class='ocrx_word' id='word_1_158' title='bbox 504 2691 784 2766; x_wconf 84' lang='lat' dir='ltr'><strong>dicetur</strong></span> <span class='ocrx_word' id='word_1_159' title='bbox 813 2689 941 2783; x_wconf 89' lang='lat'><strong>(1).</strong></span> <span class='ocrx_word' id='word_1_160' title='bbox 1861 2680 1868 2686; x_wconf 65' lang='grc'><strong>’</strong></span> 
     </span>
    </p>

    <p class='ocr_par' dir='ltr' id='par_1_4' title="bbox 302 2817 2986 4542">
     <span class='ocr_line' id='line_1_19' title="bbox 419 2817 2986 2919; baseline 0.002 -30"><span class='ocrx_word' id='word_1_161' title='bbox 419 2818 625 2892; x_wconf 86' lang='lat' dir='ltr'><strong>Feria</strong></span> <span class='ocrx_word' id='word_1_162' title='bbox 663 2817 1009 2906; x_wconf 84' lang='lat' dir='ltr'><strong>secunda,</strong></span> <span class='ocrx_word' id='word_1_163' title='bbox 1061 2823 1137 2892; x_wconf 83' lang='grc'><strong>11</strong></span> <span class='ocrx_word' id='word_1_164' title='bbox 1188 2817 1356 2893; x_wconf 88' lang='lat' dir='ltr'><strong>dicti</strong></span> <span class='ocrx_word' id='word_1_165' title='bbox 1400 2819 1673 2893; x_wconf 89' lang='lat' dir='ltr'><strong>mensis</strong></span> <span class='ocrx_word' id='word_1_166' title='bbox 1712 2821 1978 2913; x_wconf 88' lang='lat' dir='ltr'><strong>martii,</strong></span> <span class='ocrx_word' id='word_1_167' title='bbox 2027 2821 2162 2895; x_wconf 83' lang='lat' dir='ltr'><strong>fuit</strong></span> <span class='ocrx_word' id='word_1_168' title='bbox 2205 2821 2577 2919; x_wconf 86' lang='lat' dir='ltr'><strong>publicum</strong></span> <span class='ocrx_word' id='word_1_169' title='bbox 2623 2822 2986 2896; x_wconf 89' lang='lat' dir='ltr'><strong>consisto-</strong></span> 
     </span>
     <span class='ocr_line' id='line_1_20' title="bbox 305 2943 2986 3042; baseline 0.001 -25"><span class='ocrx_word' id='word_1_170' title='bbox 305 2944 510 3017; x_wconf 91' lang='lat' dir='ltr'><strong>rium</strong></span> <span class='ocrx_word' id='word_1_171' title='bbox 539 2944 611 3015; x_wconf 90' lang='lat' dir='ltr'><strong>in</strong></span> <span class='ocrx_word' id='word_1_172' title='bbox 640 2944 853 3018; x_wconf 90' lang='lat' dir='ltr'><strong>tertia</strong></span> <span class='ocrx_word' id='word_1_173' title='bbox 876 2943 1038 3018; x_wconf 87' lang='lat' dir='ltr'><strong>aula</strong></span> <span class='ocrx_word' id='word_1_174' title='bbox 1068 2943 1311 3042; x_wconf 87' lang='lat' dir='ltr'><strong>palatii</strong></span> <span class='ocrx_word' id='word_1_175' title='bbox 1336 2945 1711 3041; x_wconf 87' lang='lat' dir='ltr'><strong>apostolici</strong></span> <span class='ocrx_word' id='word_1_176' title='bbox 1744 2945 1938 3042; x_wconf 91' lang='lat' dir='ltr'><strong>apud</strong></span> <span class='ocrx_word' id='word_1_177' title='bbox 1963 2970 2026 3019; x_wconf 88' lang='lat' dir='ltr'><strong>s.</strong></span> <span class='ocrx_word' id='word_1_178' title='bbox 2055 2949 2374 3035; x_wconf 88' lang='lat' dir='ltr'><strong>Petrum,</strong></span> <span class='ocrx_word' id='word_1_179' title='bbox 2404 2946 2740 3020; x_wconf 80' lang='lat' dir='ltr'><strong>videlicet</strong></span> <span class='ocrx_word' id='word_1_180' title='bbox 2763 2945 2837 3018; x_wconf 88' lang='lat' dir='ltr'><strong>in</strong></span> <span class='ocrx_word' id='word_1_181' title='bbox 2863 2946 2986 3020; x_wconf 90' lang='lat' dir='ltr'><strong>illa</strong></span> 
     </span>
     <span class='ocr_line' id='line_1_21' title="bbox 304 3069 2981 3168; baseline -0 -25"><span class='ocrx_word' id='word_1_182' title='bbox 304 3092 461 3166; x_wconf 88' lang='lat' dir='ltr'><strong>que</strong></span> <span class='ocrx_word' id='word_1_183' title='bbox 506 3074 617 3144; x_wconf 90' lang='lat' dir='ltr'><strong>est</strong></span> <span class='ocrx_word' id='word_1_184' title='bbox 656 3069 989 3166; x_wconf 87' lang='lat' dir='ltr'><strong>proxima</strong></span> <span class='ocrx_word' id='word_1_185' title='bbox 1034 3091 1323 3144; x_wconf 89' lang='lat' dir='ltr'><strong>camere</strong></span> <span class='ocrx_word' id='word_1_186' title='bbox 1366 3071 1799 3167; x_wconf 86' lang='lat' dir='ltr'><strong>paramenti.</strong></span> <span class='ocrx_word' id='word_1_187' title='bbox 1853 3074 2046 3168; x_wconf 86' lang='lat' dir='ltr'><strong>Papa</strong></span> <span class='ocrx_word' id='word_1_188' title='bbox 2089 3070 2284 3146; x_wconf 85' lang='lat' dir='ltr'><strong>venit</strong></span> <span class='ocrx_word' id='word_1_189' title='bbox 2330 3071 2423 3144; x_wconf 88' lang='lat' dir='ltr'><strong>ad</strong></span> <span class='ocrx_word' id='word_1_190' title='bbox 2469 3069 2981 3145; x_wconf 86' lang='lat' dir='ltr'><strong>consistorium</strong></span> 
     </span>
     <span class='ocr_line' id='line_1_22' title="bbox 304 3193 2984 3292; baseline 0 -24"><span class='ocrx_word' id='word_1_191' title='bbox 304 3199 710 3291; x_wconf 85' lang='lat' dir='ltr'><strong>antequam</strong></span> <span class='ocrx_word' id='word_1_192' title='bbox 747 3201 1071 3269; x_wconf 88' lang='lat' dir='ltr'><strong>oratores</strong></span> <span class='ocrx_word' id='word_1_193' title='bbox 1100 3195 1426 3268; x_wconf 84' lang='lat' dir='ltr'><strong>venirent</strong></span> <span class='ocrx_word' id='word_1_194' title='bbox 1466 3193 1559 3268; x_wconf 90' lang='lat' dir='ltr'><strong>ad</strong></span> <span class='ocrx_word' id='word_1_195' title='bbox 1598 3194 1974 3291; x_wconf 89' lang='lat' dir='ltr'><strong>palatium,</strong></span> <span class='ocrx_word' id='word_1_196' title='bbox 2025 3196 2156 3270; x_wconf 90' lang='lat' dir='ltr'><strong>sed</strong></span> <span class='ocrx_word' id='word_1_197' title='bbox 2194 3194 2437 3271; x_wconf 86' lang='lat' dir='ltr'><strong>statim</strong></span> <span class='ocrx_word' id='word_1_198' title='bbox 2476 3201 2734 3292; x_wconf 88' lang='lat' dir='ltr'><strong>postea</strong></span> <span class='ocrx_word' id='word_1_199' title='bbox 2763 3217 2984 3269; x_wconf 85' lang='lat' dir='ltr'><strong>vene-</strong></span> 
     </span>
     <span class='ocr_line' id='line_1_23' title="bbox 305 3320 2985 3420; baseline 0 -25"><span class='ocrx_word' id='word_1_200' title='bbox 305 3329 510 3395; x_wconf 85' lang='lat' dir='ltr'><strong>runt.</strong></span> <span class='ocrx_word' id='word_1_201' title='bbox 552 3320 931 3418; x_wconf 88' lang='lat' dir='ltr'><strong>Proposita</strong></span> <span class='ocrx_word' id='word_1_202' title='bbox 968 3323 1260 3396; x_wconf 80' lang='lat' dir='ltr'><strong>fuerunt</strong></span> <span class='ocrx_word' id='word_1_203' title='bbox 1290 3330 1602 3420; x_wconf 88' lang='lat' dir='ltr'><strong>quatuor</strong></span> <span class='ocrx_word' id='word_1_204' title='bbox 1631 3321 2213 3397; x_wconf 87' lang='lat' dir='ltr'><strong>commissiones.</strong></span> <span class='ocrx_word' id='word_1_205' title='bbox 2262 3321 2578 3399; x_wconf 85' lang='lat' dir='ltr'><strong>Primam</strong></span> <span class='ocrx_word' id='word_1_206' title='bbox 2607 3321 2985 3419; x_wconf 89' lang='lat' dir='ltr'><strong>proposuit</strong></span> 
     </span>
     <span class='ocr_line' id='line_1_24' title="bbox 304 3445 2985 3536; baseline -0.001 -16"><span class='ocrx_word' id='word_1_207' title='bbox 304 3451 405 3520; x_wconf 91' lang='lat' dir='ltr'><strong>D.</strong></span> <span class='ocrx_word' id='word_1_208' title='bbox 460 3445 889 3520; x_wconf 88' lang='lat' dir='ltr'><strong>Octavianus</strong></span> <span class='ocrx_word' id='word_1_209' title='bbox 927 3446 1019 3521; x_wconf 91' lang='lat' dir='ltr'><strong>de</strong></span> <span class='ocrx_word' id='word_1_210' title='bbox 1066 3450 1283 3536; x_wconf 84' lang='lat' dir='ltr'><strong>Sex0,</strong></span> <span class='ocrx_word' id='word_1_211' title='bbox 1333 3447 1728 3522; x_wconf 89' lang='lat' dir='ltr'><strong>secundam</strong></span> <span class='ocrx_word' id='word_1_212' title='bbox 1774 3449 1860 3520; x_wconf 89' lang='lat' dir='ltr'><strong>D.</strong></span> <span class='ocrx_word' id='word_1_213' title='bbox 1895 3446 2220 3520; x_wconf 69' lang='lat' dir='ltr'><strong>‚Iustinus</strong></span> <span class='ocrx_word' id='word_1_214' title='bbox 2265 3445 2356 3521; x_wconf 89' lang='lat' dir='ltr'><strong>de</strong></span> <span class='ocrx_word' id='word_1_215' title='bbox 2402 3445 2796 3536; x_wconf 79' lang='lat' dir='ltr'><strong>ValesticO,</strong></span> <span class='ocrx_word' id='word_1_216' title='bbox 2839 3452 2985 3520; x_wconf 87' lang='lat' dir='ltr'><strong>ter-</strong></span> 
     </span>
     <span class='ocr_line' id='line_1_25' title="bbox 302 3569 2979 3670; baseline 0.001 -29"><span class='ocrx_word' id='word_1_217' title='bbox 302 3571 489 3643; x_wconf 87' lang='lat' dir='ltr'><strong>tiam</strong></span> <span class='ocrx_word' id='word_1_218' title='bbox 521 3573 609 3642; x_wconf 91' lang='lat' dir='ltr'><strong>D.</strong></span> <span class='ocrx_word' id='word_1_219' title='bbox 643 3569 961 3667; x_wconf 84' lang='lat' dir='ltr'><strong>Angelus</strong></span> <span class='ocrx_word' id='word_1_220' title='bbox 1002 3571 1093 3646; x_wconf 90' lang='lat' dir='ltr'><strong>de</strong></span> <span class='ocrx_word' id='word_1_221' title='bbox 1123 3571 1349 3662; x_wconf 88' lang='lat' dir='ltr'><strong>Cesis,</strong></span> <span class='ocrx_word' id='word_1_222' title='bbox 1396 3579 1469 3646; x_wconf 86' lang='lat' dir='ltr'><strong>et</strong></span> <span class='ocrx_word' id='word_1_223' title='bbox 1506 3577 1840 3668; x_wconf 88' lang='lat' dir='ltr'><strong>quartam</strong></span> <span class='ocrx_word' id='word_1_224' title='bbox 1878 3573 1962 3644; x_wconf 96' lang='lat' dir='ltr'><strong>D.</strong></span> <span class='ocrx_word' id='word_1_225' title='bbox 2002 3571 2422 3670; x_wconf 87' lang='lat' dir='ltr'><strong>Alphonsus</strong></span> <span class='ocrx_word' id='word_1_226' title='bbox 2458 3570 2549 3644; x_wconf 91' lang='lat' dir='ltr'><strong>de</strong></span> <span class='ocrx_word' id='word_1_227' title='bbox 2581 3575 2979 3659; x_wconf 81' lang='lat' dir='ltr'><strong>RecanetO,</strong></span> 
     </span>
     <span class='ocr_line' id='line_1_26' title="bbox 303 3693 2982 3794; baseline -0 -25"><span class='ocrx_word' id='word_1_228' title='bbox 303 3693 641 3769; x_wconf 87' lang='lat' dir='ltr'><strong>advocati</strong></span> <span class='ocrx_word' id='word_1_229' title='bbox 705 3695 1266 3770; x_wconf 88' lang='lat' dir='ltr'><strong>consistoriales.</strong></span> <span class='ocrx_word' id='word_1_230' title='bbox 1334 3699 1628 3794; x_wconf 86' lang='lat' dir='ltr'><strong>Incepta</strong></span> <span class='ocrx_word' id='word_1_231' title='bbox 1690 3703 1984 3792; x_wconf 86' lang='lat' dir='ltr'><strong>quarta,</strong></span> <span class='ocrx_word' id='word_1_232' title='bbox 2052 3695 2310 3769; x_wconf 89' lang='lat' dir='ltr'><strong>ivimus</strong></span> <span class='ocrx_word' id='word_1_233' title='bbox 2376 3719 2506 3793; x_wconf 92' lang='lat' dir='ltr'><strong>pro</strong></span> <span class='ocrx_word' id='word_1_234' title='bbox 2572 3695 2982 3770; x_wconf 86' lang='lat' dir='ltr'><strong>oratoribus</strong></span> 
     </span>
     <span class='ocr_line' id='line_1_27' title="bbox 304 3818 2982 3919; baseline 0 -27"><span class='ocrx_word' id='word_1_235' title='bbox 304 3819 565 3917; x_wconf 85' lang='lat' dir='ltr'><strong>regine</strong></span> <span class='ocrx_word' id='word_1_236' title='bbox 610 3820 941 3912; x_wconf 86' lang='lat' dir='ltr'><strong>Francie,</strong></span> <span class='ocrx_word' id='word_1_237' title='bbox 992 3821 1278 3896; x_wconf 87' lang='lat' dir='ltr'><strong>ducisse</strong></span> <span class='ocrx_word' id='word_1_238' title='bbox 1329 3821 1723 3909; x_wconf 77' lang='lat' dir='ltr'><strong>Britannia,</strong></span> <span class='ocrx_word' id='word_1_239' title='bbox 1773 3818 1895 3916; x_wconf 88' lang='lat' dir='ltr'><strong>qui</strong></span> <span class='ocrx_word' id='word_1_240' title='bbox 1941 3821 2013 3892; x_wconf 89' lang='lat' dir='ltr'><strong>in</strong></span> <span class='ocrx_word' id='word_1_241' title='bbox 2058 3843 2278 3918; x_wconf 89' lang='lat' dir='ltr'><strong>parva</strong></span> <span class='ocrx_word' id='word_1_242' title='bbox 2321 3820 2600 3917; x_wconf 89' lang='lat' dir='ltr'><strong>capella</strong></span> <span class='ocrx_word' id='word_1_243' title='bbox 2639 3827 2982 3919; x_wconf 87' lang='lat' dir='ltr'><strong>expecta-</strong></span> 
     </span>
     <span class='ocr_line' id='line_1_28' title="bbox 307 3944 2980 4044; baseline 0.001 -28"><span class='ocrx_word' id='word_1_244' title='bbox 307 3944 525 4033; x_wconf 85' lang='lat' dir='ltr'><strong>bant;</strong></span> <span class='ocrx_word' id='word_1_245' title='bbox 582 3944 964 4044; x_wconf 88' lang='lat' dir='ltr'><strong>episcopus</strong></span> <span class='ocrx_word' id='word_1_246' title='bbox 1018 3951 1091 4020; x_wconf 89' lang='lat' dir='ltr'><strong>et</strong></span> <span class='ocrx_word' id='word_1_247' title='bbox 1137 3947 1678 4042; x_wconf 89' lang='lat' dir='ltr'><strong>protonotarius</strong></span> <span class='ocrx_word' id='word_1_248' title='bbox 1732 3951 2176 4042; x_wconf 87' lang='lat' dir='ltr'><strong>acceperunt</strong></span> <span class='ocrx_word' id='word_1_249' title='bbox 2221 3969 2486 4043; x_wconf 90' lang='lat' dir='ltr'><strong>cappas</strong></span> <span class='ocrx_word' id='word_1_250' title='bbox 2531 3968 2726 4036; x_wconf 76' lang='lat' dir='ltr'><strong>suaS,</strong></span> <span class='ocrx_word' id='word_1_251' title='bbox 2778 3967 2980 4020; x_wconf 90' lang='lat' dir='ltr'><strong>more</strong></span> 
     </span>
     <span class='ocr_line' id='line_1_29' title="bbox 307 4069 2982 4166; baseline 0 -24"><span class='ocrx_word' id='word_1_252' title='bbox 307 4069 566 4158; x_wconf 82' lang='lat' dir='ltr'><strong>solito;</strong></span> <span class='ocrx_word' id='word_1_253' title='bbox 614 4069 947 4145; x_wconf 89' lang='lat' dir='ltr'><strong>associati</strong></span> <span class='ocrx_word' id='word_1_254' title='bbox 988 4069 1252 4144; x_wconf 90' lang='lat' dir='ltr'><strong>deinde</strong></span> <span class='ocrx_word' id='word_1_255' title='bbox 1291 4070 1586 4145; x_wconf 82' lang='lat' dir='ltr'><strong>fuerunt</strong></span> <span class='ocrx_word' id='word_1_256' title='bbox 1624 4071 1714 4144; x_wconf 91' lang='lat' dir='ltr'><strong>ad</strong></span> <span class='ocrx_word' id='word_1_257' title='bbox 1758 4069 2272 4144; x_wconf 84' lang='lat' dir='ltr'><strong>consistorium</strong></span> <span class='ocrx_word' id='word_1_258' title='bbox 2309 4070 2745 4166; x_wconf 87' lang='lat' dir='ltr'><strong>predictum,</strong></span> <span class='ocrx_word' id='word_1_259' title='bbox 2787 4069 2982 4166; x_wconf 85' lang='lat' dir='ltr'><strong>epis-</strong></span> 
     </span>
     <span class='ocr_line' id='line_1_30' title="bbox 307 4194 2980 4292; baseline 0 -24"><span class='ocrx_word' id='word_1_260' title='bbox 307 4219 543 4292; x_wconf 92' lang='lat' dir='ltr'><strong>copus</strong></span> <span class='ocrx_word' id='word_1_261' title='bbox 574 4195 858 4268; x_wconf 89' lang='lat' dir='ltr'><strong>medius</strong></span> <span class='ocrx_word' id='word_1_262' title='bbox 888 4195 1077 4269; x_wconf 89' lang='lat' dir='ltr'><strong>inter</strong></span> <span class='ocrx_word' id='word_1_263' title='bbox 1104 4195 1605 4270; x_wconf 83' lang='lat' dir='ltr'><strong>Arelatensem</strong></span> <span class='ocrx_word' id='word_1_264' title='bbox 1631 4219 1672 4270; x_wconf 91' lang='lat' dir='ltr'><strong>a</strong></span> <span class='ocrx_word' id='word_1_265' title='bbox 1702 4196 1970 4272; x_wconf 87' lang='lat' dir='ltr'><strong>dextris</strong></span> <span class='ocrx_word' id='word_1_266' title='bbox 2001 4201 2075 4270; x_wconf 90' lang='lat' dir='ltr'><strong>et</strong></span> <span class='ocrx_word' id='word_1_267' title='bbox 2104 4195 2552 4291; x_wconf 82' lang='lat' dir='ltr'><strong>Ragusinum</strong></span> <span class='ocrx_word' id='word_1_268' title='bbox 2583 4194 2980 4292; x_wconf 86' lang='lat' dir='ltr'><strong>archiepis-</strong></span> 
     </span>
     <span class='ocr_line' id='line_1_31' title="bbox 309 4309 2978 4417; baseline 0 -23"><span class='ocrx_word' id='word_1_269' title='bbox 309 4343 586 4417; x_wconf 90' lang='lat' dir='ltr'><strong>copum</strong></span> <span class='ocrx_word' id='word_1_270' title='bbox 616 4344 661 4393; x_wconf 90' lang='lat' dir='ltr'><strong>a</strong></span> <span class='ocrx_word' id='word_1_271' title='bbox 698 4319 1039 4411; x_wconf 82' lang='lat' dir='ltr'><strong>sinistris3</strong></span> <span class='ocrx_word' id='word_1_272' title='bbox 1085 4319 1295 4394; x_wconf 90' lang='lat' dir='ltr'><strong>miles</strong></span> <span class='ocrx_word' id='word_1_273' title='bbox 1338 4320 1525 4394; x_wconf 89' lang='lat' dir='ltr'><strong>inter</strong></span> <span class='ocrx_word' id='word_1_274' title='bbox 1565 4321 1919 4395; x_wconf 90' lang='lat' dir='ltr'><strong>Nolanum</strong></span> <span class='ocrx_word' id='word_1_275' title='bbox 1959 4345 2003 4394; x_wconf 88' lang='lat' dir='ltr'><strong>a</strong></span> <span class='ocrx_word' id='word_1_276' title='bbox 2041 4319 2313 4395; x_wconf 88' lang='lat' dir='ltr'><strong>dextris</strong></span> <span class='ocrx_word' id='word_1_277' title='bbox 2354 4324 2427 4394; x_wconf 84' lang='lat' dir='ltr'><strong>et</strong></span> <span class='ocrx_word' id='word_1_278' title='bbox 2463 4309 2978 4394; x_wconf 84' lang='lat' dir='ltr'><strong>Zamorensem</strong></span> 
     </span>
     <span class='ocr_line' id='line_1_32' title="bbox 307 4444 2980 4542; baseline 0 -25"><span class='ocrx_word' id='word_1_279' title='bbox 307 4446 737 4542; x_wconf 86' lang='lat' dir='ltr'><strong>episcopum</strong></span> <span class='ocrx_word' id='word_1_280' title='bbox 778 4469 821 4520; x_wconf 86' lang='lat' dir='ltr'><strong>a</strong></span> <span class='ocrx_word' id='word_1_281' title='bbox 859 4444 1202 4536; x_wconf 82' lang='lat' dir='ltr'><strong>sinistris3</strong></span> <span class='ocrx_word' id='word_1_282' title='bbox 1240 4446 1777 4542; x_wconf 87' lang='lat' dir='ltr'><strong>protonotarius</strong></span> <span class='ocrx_word' id='word_1_283' title='bbox 1817 4447 2004 4520; x_wconf 85' lang='lat' dir='ltr'><strong>inter</strong></span> <span class='ocrx_word' id='word_1_284' title='bbox 2032 4448 2501 4520; x_wconf 78' lang='lat' dir='ltr'><strong>parmensem</strong></span> <span class='ocrx_word' id='word_1_285' title='bbox 2535 4467 2578 4518; x_wconf 89' lang='lat' dir='ltr'><strong>a</strong></span> <span class='ocrx_word' id='word_1_286' title='bbox 2606 4444 2874 4519; x_wconf 88' lang='lat' dir='ltr'><strong>dextris</strong></span> <span class='ocrx_word' id='word_1_287' title='bbox 2907 4451 2980 4518; x_wconf 91' lang='lat' dir='ltr'><strong>et</strong></span> 
     </span>
    </p>
   </div>
   <div class='ocr_carea' id='block_1_3' title="bbox 303 4569 3030 4793">
    <p class='ocr_par' dir='ltr' id='par_1_5' title="bbox 303 4569 3030 4793">
     <span class='ocr_line' id='line_1_33' title="bbox 306 4569 3030 4668; baseline 0.001 -25"><span class='ocrx_word' id='word_1_288' title='bbox 306 4571 874 4645; x_wconf 87' lang='lat' dir='ltr'><strong>Cesenatensem</strong></span> <span class='ocrx_word' id='word_1_289' title='bbox 904 4570 1328 4668; x_wconf 89' lang='lat' dir='ltr'><strong>episcopum</strong></span> <span class='ocrx_word' id='word_1_290' title='bbox 1358 4593 1403 4642; x_wconf 88' lang='lat' dir='ltr'><strong>a</strong></span> <span class='ocrx_word' id='word_1_291' title='bbox 1432 4570 1767 4662; x_wconf 83' lang='lat' dir='ltr'><strong>sinistriS,</strong></span> <span class='ocrx_word' id='word_1_292' title='bbox 1814 4573 1942 4646; x_wconf 90' lang='lat' dir='ltr'><strong>SS.</strong></span> <span class='ocrx_word' id='word_1_293' title='bbox 1989 4575 2076 4646; x_wconf 94' lang='lat' dir='ltr'><strong>D.</strong></span> <span class='ocrx_word' id='word_1_294' title='bbox 2122 4574 2207 4645; x_wconf 91' lang='lat' dir='ltr'><strong>N.</strong></span> <span class='ocrx_word' id='word_1_295' title='bbox 2252 4593 2437 4668; x_wconf 88' lang='lat' dir='ltr'><strong>pape</strong></span> <span class='ocrx_word' id='word_1_296' title='bbox 2481 4569 2971 4646; x_wconf 88' lang='lat' dir='ltr'><strong>assistentem.</strong></span> <span class='ocrx_word' id='word_1_297' title='bbox 3021 4625 3030 4632; x_wconf 90' lang='lat'>-</span> 
     </span>
     <span class='ocr_line' id='line_1_34' title="bbox 303 4691 2977 4793; baseline 0.003 -32"><span class='ocrx_word' id='word_1_298' title='bbox 303 4691 609 4789; x_wconf 86' lang='lat' dir='ltr'><strong>Recepti</strong></span> <span class='ocrx_word' id='word_1_299' title='bbox 635 4715 680 4765; x_wconf 87' lang='lat' dir='ltr'><strong>a</strong></span> <span class='ocrx_word' id='word_1_300' title='bbox 717 4693 846 4766; x_wconf 90' lang='lat' dir='ltr'><strong>SS.</strong></span> <span class='ocrx_word' id='word_1_301' title='bbox 884 4695 969 4764; x_wconf 92' lang='lat' dir='ltr'><strong>D.</strong></span> <span class='ocrx_word' id='word_1_302' title='bbox 1006 4694 1092 4764; x_wconf 97' lang='lat' dir='ltr'><strong>N.</strong></span> <span class='ocrx_word' id='word_1_303' title='bbox 1129 4692 1219 4764; x_wconf 89' lang='lat' dir='ltr'><strong>ad</strong></span> <span class='ocrx_word' id='word_1_304' title='bbox 1248 4691 1574 4766; x_wconf 88' lang='lat' dir='ltr'><strong>osculum</strong></span> <span class='ocrx_word' id='word_1_305' title='bbox 1611 4693 1815 4789; x_wconf 91' lang='lat' dir='ltr'><strong>pedis</strong></span> <span class='ocrx_word' id='word_1_306' title='bbox 1849 4701 1921 4766; x_wconf 91' lang='lat' dir='ltr'><strong>et</strong></span> <span class='ocrx_word' id='word_1_307' title='bbox 1951 4716 2250 4782; x_wconf 77' lang='lat' dir='ltr'><strong>manus3</strong></span> <span class='ocrx_word' id='word_1_308' title='bbox 2287 4700 2360 4765; x_wconf 89' lang='lat' dir='ltr'><strong>et</strong></span> <span class='ocrx_word' id='word_1_309' title='bbox 2394 4693 2778 4790; x_wconf 89' lang='lat' dir='ltr'><strong>episcopus</strong></span> <span class='ocrx_word' id='word_1_310' title='bbox 2816 4718 2977 4793; x_wconf 88' lang='lat' dir='ltr'><strong>pre-</strong></span> 
     </span>
    </p>
   </div>
   <div class='ocr_carea' id='block_1_4' title="bbox 304 4815 2974 4918">
    <p class='ocr_par' dir='ltr' id='par_1_6' title="bbox 304 4815 2974 4918">
     <span class='ocr_line' id='line_1_35' title="bbox 304 4815 2974 4918; baseline 0.003 -32"><span class='ocrx_word' id='word_1_311' title='bbox 304 4817 611 4890; x_wconf 86' lang='lat' dir='ltr'><strong>sentavit</strong></span> <span class='ocrx_word' id='word_1_312' title='bbox 641 4815 1013 4890; x_wconf 84' lang='lat' dir='ltr'><strong>Sanctitati</strong></span> <span class='ocrx_word' id='word_1_313' title='bbox 1037 4839 1164 4889; x_wconf 89' lang='lat' dir='ltr'><strong>sue</strong></span> <span class='ocrx_word' id='word_1_314' title='bbox 1186 4815 1460 4890; x_wconf 90' lang='lat' dir='ltr'><strong>litteras</strong></span> <span class='ocrx_word' id='word_1_315' title='bbox 1480 4817 1761 4891; x_wconf 89' lang='lat' dir='ltr'><strong>clausas</strong></span> <span class='ocrx_word' id='word_1_316' title='bbox 1780 4824 1851 4891; x_wconf 89' lang='lat' dir='ltr'><strong>et</strong></span> <span class='ocrx_word' id='word_1_317' title='bbox 1875 4818 1966 4890; x_wconf 88' lang='lat' dir='ltr'><strong>ali</strong></span> <span class='ocrx_word' id='word_1_318' title='bbox 1975 4842 2051 4891; x_wconf 88' lang='lat' dir='ltr'><strong>as</strong></span> <span class='ocrx_word' id='word_1_319' title='bbox 2069 4822 2400 4914; x_wconf 85' lang='lat' dir='ltr'><strong>patentes</strong></span> <span class='ocrx_word' id='word_1_320' title='bbox 2420 4824 2706 4914; x_wconf 88' lang='lat' dir='ltr'><strong>apertas</strong></span> <span class='ocrx_word' id='word_1_321' title='bbox 2725 4821 2974 4918; x_wconf 88' lang='lat' dir='ltr'><strong>regine</strong></span> 
     </span>
    </p>
   </div>
   <div class='ocr_carea' id='block_1_5' title="bbox 304 5036 2978 5203">
    <p class='ocr_par' dir='ltr' id='par_1_7' title="bbox 304 5036 2978 5203">
     <span class='ocr_line' id='line_1_36' title="bbox 374 5036 2978 5112; baseline 0.002 -18"><span class='ocrx_word' id='word_1_322' title='bbox 374 5039 425 5097; x_wconf 86' lang='lat'><strong>1.</strong></span> <span class='ocrx_word' id='word_1_323' title='bbox 469 5061 499 5090; x_wconf 89' lang='lat'>«</span> <span class='ocrx_word' id='word_1_324' title='bbox 630 5043 685 5094; x_wconf 90' lang='lat' dir='ltr'><strong>et</strong></span> <span class='ocrx_word' id='word_1_325' title='bbox 715 5055 814 5094; x_wconf 87' lang='lat' dir='ltr'><strong>soa</strong></span> <span class='ocrx_word' id='word_1_326' title='bbox 843 5037 1061 5096; x_wconf 83' lang='lat' dir='ltr'><strong>Santita</strong></span> <span class='ocrx_word' id='word_1_327' title='bbox 1088 5041 1118 5093; x_wconf 77' lang='lat' dir='ltr'><strong>e</strong></span> <span class='ocrx_word' id='word_1_328' title='bbox 1147 5037 1358 5094; x_wconf 83' lang='lat' dir='ltr'><strong>avisato</strong></span> <span class='ocrx_word' id='word_1_329' title='bbox 1389 5036 1439 5092; x_wconf 87' lang='lat' dir='ltr'><strong>la</strong></span> <span class='ocrx_word' id='word_1_330' title='bbox 1468 5037 1715 5112; x_wconf 87' lang='lat' dir='ltr'><strong>praticha</strong></span> <span class='ocrx_word' id='word_1_331' title='bbox 1742 5037 1818 5094; x_wconf 90' lang='lat' dir='ltr'><strong>dil</strong></span> <span class='ocrx_word' id='word_1_332' title='bbox 1855 5036 2200 5095; x_wconf 89' lang='lat' dir='ltr'><strong>matrimonio</strong></span> <span class='ocrx_word' id='word_1_333' title='bbox 2231 5037 2306 5094; x_wconf 87' lang='lat' dir='ltr'><strong>dil</strong></span> <span class='ocrx_word' id='word_1_334' title='bbox 2336 5037 2429 5095; x_wconf 82' lang='lat' dir='ltr'><strong>fiol</strong></span> <span class='ocrx_word' id='word_1_335' title='bbox 2457 5039 2512 5094; x_wconf 92' lang='lat' dir='ltr'><strong>in</strong></span> <span class='ocrx_word' id='word_1_336' title='bbox 2541 5038 2748 5098; x_wconf 85' lang='lat' dir='ltr'><strong>Franza</strong></span> <span class='ocrx_word' id='word_1_337' title='bbox 2775 5047 2806 5100; x_wconf 78' lang='lat' dir='ltr'><strong>e</strong></span> <span class='ocrx_word' id='word_1_338' title='bbox 2833 5043 2978 5100; x_wconf 79' lang='lat' dir='ltr'><strong>anda</strong></span> 
     </span>
     <span class='ocr_line' id='line_1_37' title="bbox 304 5124 2974 5203; baseline 0.003 -22"><span class='ocrx_word' id='word_1_339' title='bbox 304 5125 359 5182; x_wconf 89' lang='lat' dir='ltr'><strong>in</strong></span> <span class='ocrx_word' id='word_1_340' title='bbox 394 5126 565 5198; x_wconf 87' lang='lat' dir='ltr'><strong>fumo,</strong></span> <span class='ocrx_word' id='word_1_341' title='bbox 616 5149 643 5178; x_wconf 72' lang='lat' dir='ltr'>n</span> <span class='ocrx_word' id='word_1_342' title='bbox 702 5125 949 5184; x_wconf 87' lang='lat' dir='ltr'><strong>mandait.</strong></span> <span class='ocrx_word' id='word_1_343' title='bbox 999 5125 1435 5183; x_wconf 86' lang='lat' dir='ltr'><strong>l’ambassadeur</strong></span> <span class='ocrx_word' id='word_1_344' title='bbox 1477 5125 1717 5183; x_wconf 76' lang='lat' dir='ltr'><strong>venitien</strong></span> <span class='ocrx_word' id='word_1_345' title='bbox 1762 5129 1796 5182; x_wconf 75' lang='lat' dir='ltr'><strong>a</strong></span> <span class='ocrx_word' id='word_1_346' title='bbox 1843 5124 1898 5182; x_wconf 88' lang='lat' dir='ltr'><strong>la</strong></span> <span class='ocrx_word' id='word_1_347' title='bbox 1943 5126 2070 5182; x_wconf 84' lang='lat' dir='ltr'><strong>date</strong></span> <span class='ocrx_word' id='word_1_348' title='bbox 2117 5126 2193 5182; x_wconf 89' lang='lat' dir='ltr'><strong>du</strong></span> <span class='ocrx_word' id='word_1_349' title='bbox 2241 5128 2310 5182; x_wconf 83' lang='lat'><strong>12</strong></span> <span class='ocrx_word' id='word_1_350' title='bbox 2349 5145 2516 5184; x_wconf 74' lang='lat' dir='ltr'><strong>mat-S.</strong></span> <span class='ocrx_word' id='word_1_351' title='bbox 2559 5127 2698 5203; x_wconf 77' lang='lat' dir='ltr'><strong>Voy.</strong></span> <span class='ocrx_word' id='word_1_352' title='bbox 2741 5131 2974 5202; x_wconf 70' lang='lat' dir='ltr'><strong>Sanum,</strong></span> 
     </span>
    </p>
   </div>
   <div class='ocr_carea' id='block_1_6' title="bbox 308 5215 2697 5404">
    <p class='ocr_par' dir='ltr' id='par_1_8' title="bbox 308 5215 2697 5404">
     <span class='ocr_line' id='line_1_38' title="bbox 308 5215 558 5275; baseline 0.016 -4"><span class='ocrx_word' id='word_1_353' title='bbox 308 5215 409 5274; x_wconf 83' lang='lat' dir='ltr'><strong>col.</strong></span> <span class='ocrx_word' id='word_1_354' title='bbox 430 5217 558 5275; x_wconf 88' lang='grc'><strong>530.</strong></span> 
     </span>
     <span class='ocr_line' id='line_1_39' title="bbox 597 5307 2697 5404; baseline 0.003 -7"><span class='ocrx_word' id='word_1_355' title='bbox 597 5361 650 5398; x_wconf 84' lang='grc' dir='ltr'><strong>τ.</strong></span> <span class='ocrx_word' id='word_1_356' title='bbox 684 5349 753 5398; x_wconf 78' lang='grc' dir='ltr'><strong>ιι.“</strong></span> <span class='ocrx_word' id='word_1_357' title='bbox 812 5307 815 5312; x_wconf 23' lang='lat'>¹</span> <span class='ocrx_word' id='word_1_358' title='bbox 2627 5349 2697 5404; x_wconf 87' lang='grc'><strong>33</strong></span> 
     </span>
    </p>
   </div>
  </div>
 </body>
</html>
