3625 6059
202 552 419 615 [lanvier
440 552 587 612 1495]
834 550 1089 607 RERUM
1140 548 1591 607 URBANARUM
1632 520 2158 627 COMMENTARH.
2734 562 2844 616 2:23

205 706 479 783 modum
526 727 791 781 corone
834 704 1071 803 posita
1116 704 1433 779 scabella
1473 728 1603 802 pro
1642 705 2128 781 cardinalibus
2169 727 2374 779 more
2401 706 2618 782 solito
2659 732 2838 785 con-

204 831 544 921 sistoriali,
592 829 665 903 in
708 830 967 927 quibus
1010 830 1357 905 sederunt
1401 830 1832 907 cardinales,
1886 835 2084 929 Papa
2121 830 2352 905 noluit
2395 831 2654 908 sedere
2699 835 2837 909 nisi

200 956 377 1053 prius
424 954 713 1031 sederet
762 979 891 1029 rex
936 978 1156 1052 quem
1204 980 1423 1031 manu
1470 956 1661 1053 cogit
1710 956 1912 1055 prius
1972 956 2256 1033 sedere.
2323 955 2602 1033 Deinde
2657 960 2844 1035 sedit

200 1085 337 1181 ipso
379 1088 625 1159 RmuS.
679 1085 765 1156 D.
814 1082 1201 1157 cardinalis
1238 1084 1751 1180 Neapolitanus
1790 1092 1866 1157 et
1905 1084 2094 1158 sedit
2121 1083 2213 1159 ad
2241 1083 2616 1159 dexteram
2647 1090 2840 1185 Pape

196 1209 379 1306 juxta
403 1226 714 1281 ‘murum
764 1206 839 1279 in
894 1206 1215 1282 scabello
1262 1215 1477 1305 prout
1524 1208 1779 1283 sedere
1837 1208 2024 1285 solet
2077 1207 2424 1284 diaconus
2479 1234 2522 1283 a
2571 1209 2842 1287 dextris

200 1334 262 1405 in
296 1332 569 1430 capella
612 1337 807 1430 Papo
850 1332 1235 1424 assistens;
1284 1334 1404 1407 alii
1448 1334 1854 1409 cardinales
1895 1342 2062 1431 post
2105 1356 2273 1410 eum
2312 1357 2518 1411 more
2557 1336 2839 1411 consis-
2903 1342 2910 1349 ’

204 1458 411 1531 [oriali
468 1480 601 1533 seu
658 1456 896 1556 potius
953 1464 1119 1533 ante
1178 1480 1375 1549 eum,
1438 1458 1686 1556 sicque
1745 1482 1876 1533 rex
1933 1480 2084 1531 non
2142 1458 2328 1533 sedit
2392 1467 2592 1533 recta
2647 1460 2844 1535 linea

198 1579 367 1655 inter·
414 1580 819 1657 cardinales
886 1583 1015 1657 sed
1076 1589 1243 1657 ante
1300 1606 1427 1656 eos
1492 1604 1619 1657 seu
1690 1584 1765 1655 in
1829 1580 2070 1657 medio
2139 1606 2419 1657 eorum.
2491 1584 2842 1657 Omnibus

200 1706 283 1779 sic
335 1706 783 1798 sedentibus,
846 1712 1044 1807 Papa
1096 1708 1275 1782 dixit
1328 1731 1563 1804 nuper
1628 1730 1707 1781 se
1766 1715 1928 1781 vota
1979 1705 2306 1781 omnium
2355 1708 2842 1809 ‘cardinalium

200 1830 511 1908 habuisse
558 1857 695 1931 pro
738 1833 1109 1909 creatione
1158 1832 1344 1907 Rmi.
1395 1838 1483 1907 D.
1534 1832 1856 1931 episcopi
1901 1832 2404 1907 Macloviensis
2460 1834 2534 1908 in
2590 1841 2839 1910 sancte

200 1980 465 2033 romane
500 1958 833 2033 Ecclesie
878 1958 1349 2048 cardinalem,
1406 1979 1624 2055 quem
1678 1956 2020 2053 Majestas
2087 1957 2280 2053 regis
2342 1956 2612 2033 ibidem
2669 1982 2837 2055 pre-

200 2106 341 2156 sens
394 2083 755 2159 instanter
811 2084 971 2157 fieri
1040 2083 1595 2182 supplicaverat,
1656 2088 1729 2155 et
1786 2081 1942 2179 ipse
1996 2080 2240 2157 facere
2299 2090 2594 2180 paratus
2651 2094 2834 2175 erat,

201 2205 345 2304 ipsis
372 2209 861 2284 cardinalibus
893 2209 1549 2306 complacentibus.
1598 2207 1998 2307 Respondit
2030 2211 2282 2282 Rmus.
2320 2213 2406 2284 D.
2454 2209 2838 2285 cardinalis

200 2335 711 2431 NeapolitanuS,
758 2340 833 2411 et
873 2341 1039 2433 post
1086 2357 1257 2409 eum
1296 2333 1443 2424 alii,
1488 2333 1561 2407 in
1602 2333 1938 2409 eamdem
1978 2334 2420 2407 sententiam
2459 2334 2656 2430 quod
2692 2360 2840 2414 non

205 2458 405 2535 solum
444 2460 519 2533 id
558 2460 742 2559 ipsis
784 2460 1110 2559 placeret
1150 2459 1281 2535 sed
1324 2459 1479 2535 fieri
1522 2458 2012 2558 supplicarent
2049 2481 2182 2554 pro
2223 2458 2417 2556 regis
2455 2456 2736 2535 honore
2767 2468 2841 2533 et

206 2584 557 2661 voluntate.
618 2590 820 2662 Tunc
866 2593 1163 2661 vocatus
1200 2610 1334 2684 per
1376 2608 1493 2659 me
1536 2583 1858 2683 prefatus
1908 2586 1996 2657 D.
2045 2582 2590 2674 Macloviensis,
2621 2583 2843 2681 depo-

204 2684 329 2786 sitis
380 2712 509 2788 sibi
572 2712 931 2789 mantello
984 2721 1057 2787 et
1110 2710 1507 2810 capuccino
1566 2708 1657 2783 de
1706 2708 2172 2785 ciambelotto
2231 2707 2440 2807 nigro
2488 2714 2562 2785 et
2605 2708 2837 2783 bireto

202 2838 400 2935 nigro,
458 2839 701 2914 induit
756 2838 997 2936 ipsum
1054 2861 1286 2935 cappa
1341 2834 1727 2911 cardinalis
1782 2835 2209 2912 Valentinus
2267 2834 2340 2909 in
2393 2858 2538 2931 qua
2589 2858 2836 2909 coram

201 2964 363 3060 Papa
399 2964 825 3063 genuflexit,
873 2964 1024 3062 qui,
1073 2963 1362 3039 detecto
1402 2961 1667 3059 capite,
1698 2983 1797 3055 ,ex
1835 2958 2304 3037 ceremoniali
2343 2958 2840 3057 pronunciavit

205 3086 401 3183 ipsum
428 3090 883 3167 cardinalem
912 3113 1045 3187 per
1089 3089 1303 3163 verba
1338 3112 1353 3160 ε
1388 3086 1853 3161 Autlzoritate
1901 3082 2416 3179 omnipotentis
2457 3081 2623 3172 Dei,
2673 3093 2832 3171 etc„

202 3221 257 3286 et
306 3216 683 3292 ecclesiam
736 3214 1299 3291 Macloviensem
1361 3236 1447 3286 ac
1502 3209 1747 3285 omnia
1802 3215 1875 3284 et
1933 3207 2218 3306 singula
2269 3206 2714 3281 monasteria
2763 3215 2837 3283 et

202 3337 511 3417 beneficia
548 3341 1055 3418 ecclesiastica
1090 3364 1233 3438 que
1276 3338 1476 3436 prius
1516 3336 1593 3409 in
1630 3334 1920 3413 titulum
1969 3340 2040 3408 et
2083 3330 2598 3407 commendam
2641 3332 2834 3407 obti-

198 3464 378 3541 nebat
404 3468 538 3541 sibi
568 3465 1136 3543 commendavit.
1182 3460 1683 3539 Macloviensis
1720 3458 2094 3535 osculatus
2133 3466 2249 3533 est
2275 3456 2540 3554 pedem
2571 3465 2644 3533 et
2673 3484 2829 3548 ma,-

198 3608 339 3664 num
382 3596 571 3691 Pape
612 3598 691 3667 et
730 3616 775 3666 a
816 3590 1161 3690 pontifice
1203 3589 1545 3677 elevatus,
1592 3586 1687 3661 ad
1730 3586 1875 3660 oris
1915 3585 2249 3659 osculum
2292 3589 2405 3658 est
2450 3590 2826 3682 receptus3

198 3718 333 3790 tunc
390 3716 655 3793 iterum
724 3714 1123 3814 genuflexit
1190 3719 1265 3791 et
1331 3718 1525 3811 Papa
1580 3710 1932 3810 imposuit
1983 3710 2205 3808 capiti
2265 3734 2396 3785 suo
2467 3710 2830 3808 capellum

202 3841 459 3917 rubeum
490 3843 627 3918 sub
657 3842 895 3917 verbis
936 3840 1013 3913 in
1042 3835 1507 3914 ceremoniali
1548 3835 1830 3935 positiS.
1871 3837 2026 3921 Quo
2072 3834 2296 3926 facto,
2333 3834 2836 3911 Macloviensis

203 3963 315 4059 egit
350 3967 608 4063 gratias
658 3964 984 4064 pontifici
1030 3963 1151 4061 qui
1185 3962 1363 4036 dixit
1410 3960 1563 4057 regi
1594 3959 1914 4057 agendas
1959 3983 2156 4048 esse3
2194 3984 2440 4037 coram
2476 3985 2617 4058 quo
2661 3985 2832 4057 rege

202 4085 323 4184 ipse
350 4090 849 4167 Macloviensis
890 4090 1345 4189 genuflexu5‚
1380 4086 1769 4160 immemor
1798 4092 1902 4187 (1)
1935 4110 2116 4160 nove
2163 4085 2532 4183 dignitatis
2577 4084 2836 4183 adepte

204 4220 257 4285 et
281 4216 729 4315 episcopaliS,
765 4216 911 4315 egit
940 4214 1009 4290 ei
1039 4214 1337 4313 gratias.
1380 4210 1501 4285 Sic
1536 4210 1763 4285 flexus
1794 4209 2136 4300 surrexit,
2171 4216 2244 4287 et
2274 4234 2322 4293 a,
2348 4208 2647 4306 singulis
2677 4234 2836 4285 car-

206 4337 519 4419 dinalibus
563 4344 659 4418 ad
700 4341 847 4417 oris
884 4341 1215 4415 osculum
1258 4346 1596 4437 receptus
1628 4342 1763 4412 est.
1800 4335 2231 4411 Mantellum
2261 4333 2543 4433 prefato
2577 4338 2662 4410 D.
2697 4338 2843 4409 Ma-

209 4463 506 4544 cloviensi
550 4474 846 4545 exutum
887 4472 1321 4566 receperunt
1374 4464 1509 4556 sui,
1560 4486 1697 4537 nec
1740 4485 1858 4536 me
1905 4462 2350 4552 advertente,
2396 4464 2482 4535 D.
2526 4462 2838 4535 Jacobus

209 4586 277 4661 de
314 4596 479 4669 Casa
518 4600 715 4672 Nova
758 4602 830 4669 et
877 4592 1303 4667 Franciscus
1348 4592 1756 4687 Alabagnes
1802 4588 2067 4662 secreti
2114 4584 2538 4660 cubicularii
2583 4592 2656 4658 et
2695 4585 2832 4659 sibi

216 4707 484 4796 indebite
516 4727 956 4819 usurparunt
986 4726 1059 4794 et
1089 4724 1523 4816 receperunt
1567 4740 1583 4789 :
1630 4712 2110 4812 ca'puccinum
2141 4718 2384 4787 autem
2416 4717 2489 4786 et
2520 4709 2832 4785 biretum

218 4860 323 4935 ego
349 4846 625 4921 retinui.

292 4968 559 5043 Interim
593 4971 903 5045 surrexit
931 4971 1258 5069 pontifex
1286 4976 1357 5043 et
1390 4968 1566 5042 dixit
1597 4992 1674 5041 se
1708 4964 1886 5039 velle
1927 4986 2179 5061 regem
2211 4986 2440 5062 usque
2476 4964 2570 5039 ad
2600 4963 2838 5063 regias

275 5148 314 5201 1.
348 5152 483 5211 Telle
510 5164 599 5214 est
626 5158 675 5215 la
704 5159 859 5227 locon
888 5160 955 5215 de
976 5166 1098 5216 tous
1116 5157 1210 5214 les
1232 5176 1366 5214 mss
1401 5154 1528 5212 saus
1549 5154 1623 5210 du
1651 5155 1811 5221 5¹60,
1837 5151 1928 5210 fol.
1951 5152 2057 5207 216
2079 5160 2157 5222 νο,
2191 5150 2283 5227 qui
2303 5152 2486 5208 «lontio
2509 5176 2538 5203 «
2561 5156 2762 5208 memm‘
2783 5175 2831 5209 υ.

223 5232 275 5288 de
296 5244 445 5299 meme
472 5246 683 5304 Rinaldi
716 5248 809 5321 qui
840 5248 945 5305 cite
974 5268 1034 5305 ce
1066 5264 1325 5322 passage,
1358 5264 1412 5319 p.
1446 5248 1571 5303 23¹.
