3625 6059
608 583 713 640 116
1517 583 1870 640 JOHANNIS
1921 581 2365 654 BURCHARDI,
2935 586 3104 648 [Avril
3137 588 3288 648 1494]

608 734 873 831 respice
905 758 1117 831 super
1142 735 1335 807 hunc
1359 736 1725 834 famulum
1755 749 1960 809 tuum
1989 735 2394 810 Johannem
2421 737 2917 834 presbyterum
2955 737 3288 810 cardina-

612 859 790 948 lem,·
812 871 896 932 ut
918 873 1202 934 cunctas
1228 863 1808 959 conyi’eqationes
1835 854 1972 936 sibi
1995 863 2420 952 commissas,
2449 863 2738 958 spiritus
2756 863 2991 960 qratie
3013 861 3291 960 salute-

612 987 709 1057 ris
751 997 817 1058 et
856 987 931 1058 in
976 987 1230 1060 virtute
1266 988 1397 1060 sibi
1441 987 1890 1084 complaceat,
1923 1000 2356 1086 perpetuum
2397 989 2462 1060 ei
2503 970 2734 1061 rorem
2776 986 3288 1062 benedictionis

616 1124 735 1186 tue
763 1112 1097 1210 inf-unde.
1130 1113 1284 1186 Per
1318 1113 1680 1188 Christum
1704 1114 2102 1187 Dominum
2130 1097 2484 1188 nostrum}
2512 1112 2779 1186 Amen.

716 1241 896 1311 Tum
940 1239 1202 1311 chorus
1246 1239 1439 1312 dicat
1480 1240 1952 1337 antiphonam
1989 1264 2004 1312 :
2039 1239 2247 1314 Salve
2282 1239 2614 1339 defensor
2633 1239 2898 1336 patrie,
2941 1237 3292 1312 Gaudens

619 1364 970 1461 triumpho
984 1365 1235 1463 qloi·ie,
1250 1365 1514 1438 Nitens
1536 1376 1621 1439 ut
1630 1389 1914 1463 yemma
1922 1365 2325 1463 presulum,
2344 1363 2410 1437 A
2424 1365 2646 1438 lmum
2669 1363 2960 1470 concede
2975 1364 3256 1438 exitum
3271 1419 3288 1433 .

713 1488 1028 1564 Januari
1096 1492 1566 1583 sanctissime,
1640 1504 1720 1565 ut
1784 1493 1859 1563 in
1925 1515 2252 1587 supremo
2315 1489 2656 1580 culmine,
2719 1513 2878 1596 vero
2929 1490 3300 1587 possimus

621 1617 891 1690 lumine
940 1630 1261 1690 nostrum
1291 1640 1610 1714 perenne
1649 1618 2004 1713 premium
2046 1616 2287 1689 Deum
2336 1615 2700 1688 authorem
2753 1615 3072 1688 omnium
3117 1637 3301 1687 con-

620 1743 973 1840 templari,
1012 1743 1419 1832 clarissime,
1454 1767 1577 1815 ora
1592 1765 1733 1838 pro
1766 1742 1990 1833 nobis,
2039 1742 2234 1816 beate
2268 1739 2604 1832 Januari,
2647 1753 2726 1813 ut
2767 1740 2970 1837 diqni
3007 1740 3300 1838 efficia-

620 1891 781 1940 mur
799 1866 1385 1964 promissionibus
1422 1865 1709 1940 Christi.

722 1993 1017 2067 Interim
1070 1992 1265 2089 quod
1321 1992 1718 2066 versiculus
1773 2014 1940 2064 cum
1999 1992 2464 2090 responsorio
2507 1991 2866 2089 premisso
2907 1989 3291 2078 dicuntur,

622 2117 851 2215 surgit
903 2116 1223 2214 legatuS,
1286 2123 1359 2192 et
1412 2117 1693 2192 accedit
1748 2117 1842 2190 ad
1906 2140 2132 2192 cornu
2195 2117 2501 2215 epistole
2563 2115 2836 2208 altariS,
2891 2115 3013 2189 ubi
3075 2111 3294 2188 stans

621 2243 909 2317 detecto
966 2242 1199 2340 capite
1260 2241 1352 2317 ad
1397 2241 1633 2339 ipsum
1690 2241 1917 2317 altare
1983 2266 2258 2334 versuS‚
2316 2242 2491 2316 dicit
2543 2265 2632 2315 ex
2685 2241 2870 2316 libro
2938 2239 3012 2312 in
3070 2239 3290 2313 altari

620 2369 856 2476 posito
907 2395 923 2443 :

1780 2499 2114 2571 Oremus.

727 2620 1028 2694 Gloriosi
1041 2620 1399 2718 pontificis
1430 2636 1497 2693 et
1522 2621 1860 2717 martyris
1889 2599 2227 2694 Januarii
2246 2601 2572 2718 fidelium
2603 2632 2894 2712 mentes,
2929 2618 3284 2709 Domine,

623 2747 1030 2819 excellentia
1059 2746 1731 2820 commemorationis
1762 2745 2075 2837 irradiet,
2108 2757 2193 2819 ut
2213 2747 2400 2819 sicut
2413 2746 2646 2844 ⁴qloria
2675 2744 3032 2846 ineffabili
3057 2745 3292 2818 subli-

620 2883 883 2959 matur,
920 2872 1017 2944 ita
1046 2870 1279 2944 aditus
1308 2872 1548 2968 patrie
1577 2871 1906 2944 salutaris
1935 2872 2095 2968 ejus
2125 2872 2322 2944 nobis
2361 2873 2852 2947 intercessione
2868 2869 3300 2968 pandatur-,⁴

607 3019 747 3092 per
782 2997 1145 3070 Christum
1161 2996 1266 3069 D.
1300 2997 1407 3070 N.
1441 2996 1709 3070 Amen.

718 3126 899 3196 Tum
918 3121 1199 3219 legatus
1219 3121 1566 3220 procedat
1594 3123 1683 3195 ad
1708 3123 2031 3198 medium
2061 3123 2302 3198 altaris
2335 3130 2406 3198 et
2433 3129 2655 3214 stanS,
2686 3123 2974 3198 detecto
3007 3123 3290 3220 capite,

621 3272 870 3322 versus
910 3248 1003 3322 ad
1050 3271 1342 3322 crucem
1381 3273 1584 3322 suam
1635 3248 1849 3340 dicat,
1885 3273 1963 3324 se
2002 3251 2355 3346 signando
2400 3275 2602 3325 more
2641 3250 2880 3340 solitu,
2922 3254 2994 3323 et
3043 3248 3289 3323 choro

622 3373 1107 3470 respondente
1139 3397 1153 3446 :
1188 3374 1302 3447 Sit
1340 3397 1595 3447 nomen
1631 3373 1932 3448 Domini
1968 3375 2404 3450 benedictum
2434 3401 2523 3449 ea'
2559 3377 2689 3449 lzoc
2729 3400 2921 3448 nunc
2948 3386 3020 3447 et
3051 3399 3296 3472 usque

625 3499 701 3569 in
729 3497 961 3571 secula
988 3499 1406 3572 seculorum.

720 3623 1192 3720 Aa'jutorium
1219 3637 1539 3698 nostrum
1569 3625 1643 3698 in
1668 3625 1953 3700 nomine
1978 3626 2299 3715 Domini,

730 3750 874 3838 Qui
898 3751 1073 3850 fecit
1103 3751 1325 3825 celum
1360 3764 1432 3824 et
1454 3764 1741 3826 terram.

721 3875 1111 3949 Benedicat
1137 3900 1263 3950 nos
1295 3878 1729 3973 omnipotens
1747 3877 1979 3970 Deus,
2006 3880 2253 3969 Pater,
2285 3879 2513 3953 Filius
2533 3891 2601 3952 et
2617 3878 2930 3974 Spiritus
2959 3885 3282 3949 sanctus.

723 4001 1023 4102 (Populo
1054 4027 1097 4076 a
1128 4001 1433 4076 sinistris
1464 4002 1537 4075 in
1569 4004 1940 4078 dexteram
1970 4004 2469 4102 benedicens.)
2500 4047 2598 4059 —
2627 4004 2704 4095 13).
2747 4002 3004 4076 Amen.

721 4127 1237 4202 Benedictione
1291 4129 1481 4220 data,
1534 4127 1814 4226 legatus
1864 4129 2218 4204 concedat
2260 4127 2858 4204 interessentibus
2903 4123 3292 4222 indulgen-

625 4255 759 4328 tias
807 4253 1023 4327 trium
1066 4275 1449 4342 annorum,
1499 4276 1678 4349 quas
1719 4277 1906 4326 unus
1956 4279 2046 4329 ex
2101 4255 2492 4351 capellanis
2546 4256 2694 4328 suis
2745 4253 2855 4329 vel
2911 4249 3284 4325 canonicis

622 4378 929 4454 ecclesie
960 4378 1429 4475 Neapolitano
1459 4379 1727 4476 populo
1760 4378 2153 4455 denunciet
2180 4381 2254 4454 in
2285 4382 2478 4456 hunc
2511 4381 2808 4455 modum
2840 4402 2856 4449 :

723 4537 759 4574 «
816 4505 874 4579 Il
911 4508 1083 4579 Rev.
1120 4504 1195 4577 in
1242 4502 1471 4578 Cristo
1516 4502 1739 4600 padre
1782 4511 1856 4578 et
1904 4505 2222 4601 signore,
2255 4505 2543 4603 signore
2583 4505 2927 4580 Giovanni
2969 4502 3158 4576 tituli
3193 4501 3282 4574 de

624 4638 875 4706 sancta
921 4635 1253 4705 Susanna
1292 4629 1480 4704 della
1523 4634 1726 4703 santa
1772 4653 2074 4703 romana
2127 4630 2390 4705 Chiesa
2433 4633 2857 4730 presbytero
2916 4627 3286 4703 cardinale

624 4756 713 4828 de
761 4759 1003 4829 Monte
1035 4755 1329 4852 Regale,
1373 4754 1463 4828 de
1504 4755 1577 4827 la
1624 4755 1793 4829 sede
1844 4755 2244 4852 apostolica
2287 4755 2558 4852 legatO,
2609 4755 2702 4829 da
2757 4761 2828 4830 et
2873 4751 3202 4829 concede
3241 4775 3288 4823 a

623 4879 965 4953 ciascuna
987 4903 1301 4975 persona
1328 4885 1452 4976 qui
1482 4886 1823 4976 presente
1855 4886 1963 4954 tre
1989 4880 2157 4954 anni
2185 4881 2254 4953 di
2279 4903 2449 4954 vera
2473 4880 2922 4977 indulgentia
2944 4880 3019 4951 in
3047 4877 3292 4951 forma

621 5004 811 5078 della
841 5003 1096 5078 Chiesa
1127 5011 1497 5078 consueta.
1536 5009 1840 5104 Pregate
1873 5006 2073 5080 lddio
2105 5030 2236 5103 per
2277 5006 2326 5079 il
2360 5005 2570 5080 felice
2611 5012 2795 5078 stato
2827 5003 3017 5078 dello
3051 5005 3287 5076 Sane-

619 5129 750 5202 tite
768 5127 897 5223 del
921 5151 1133 5225 papa,
1166 5127 1239 5200 di
1270 5151 1401 5200 sua
1435 5130 2035 5204 reverendissima
2075 5128 2430 5227 Signoria,
2462 5129 2651 5205 dello
2690 5125 3164 5203 serenissimo
3207 5148 3284 5196 re

618 5255 947 5344 Alfonso‚
983 5261 1057 5329 et
1084 5253 1274 5329 della
1304 5259 1511 5326 santa
1541 5279 1841 5328 romana
1870 5255 2156 5330 Chiesa.
2195 5285 2228 5322 »
