3625 6059
235 614 349 676 [Mai
378 614 511 674 1⁴96]
880 611 1135 671 RERUM
1184 611 1640 670 URBANARUM
1686 612 2212 673 COMMENTARII.
2265 626 2269 631 ’
2405 616 2420 631 “
2778 621 2882 677 281

238 793 319 842 ex
362 788 556 839 more
594 772 765 840 ante
816 766 1083 839 ostium
1126 766 1641 841 comitantibus
1683 769 1959 865 gratiis,
2004 769 2226 845 iidem
2270 775 2354 844 D.
2401 772 2782 847 Goffredus
2811 782 2884 847 et

238 890 479 965 Saucia
504 896 577 963 et
606 890 945 963 Lucretia
970 890 1418 965 intraverunt
1458 897 1531 965 et
1570 892 1867 967 fuerunt
1904 894 1980 967 in
2011 918 2098 968 ea
2122 918 2166 968 a
2189 896 2432 969 multis
2463 898 2884 973 mulieribus

238 1017 555 1091 Romanis
586 1014 857 1089 ibidem
892 1017 1437 1113 expectantibus
1468 1025 1791 1115 recepte.

321 1142 501 1215 Ordo
560 1142 1000 1239 receptionis
1060 1148 1134 1216 et
1184 1142 1493 1217 aliorum
1541 1146 2034 1240 predictorum
2095 1147 2224 1219 suit
2273 1152 2360 1221 D.
2409 1150 2879 1249 Bet-nardino,

236 1268 419 1342 socio
464 1290 656 1358 mec,
699 1267 773 1339 id
824 1266 1002 1341 mihi
1057 1268 1446 1358 referente,
1495 1290 1628 1366 per
1684 1274 1951 1368 Papam
1978 1273 2220 1361 dama,
2265 1273 2386 1368 qui
2445 1273 2664 1347 etiam
2710 1276 2882 1348 mihi

234 1394 393 1467 dixit
434 1398 703 1491 Papam
750 1394 885 1467 sibi
926 1393 1259 1468 retulisse
1291 1400 1615 1468 oratores
1656 1400 1978 1472 Venetos
2005 1397 2482 1473 consentiisse
2521 1399 2718 1495 quod
2743 1402 2886 1497 pri-

232 1542 381 1591 mus
438 1542 693 1593 eorum
753 1519 891 1591 iret
948 1542 991 1591 a
1047 1516 1355 1591 sinistris
1412 1519 1627 1615 primi
1694 1522 2222 1595 conservatoris
2280 1545 2571 1594 camere
2643 1522 2878 1611 Urbis,

232 1644 569 1718 secundus
596 1644 881 1718 medius
908 1644 1098 1717 inter
1122 1643 1301 1717 alios
1338 1642 1521 1717 duos
1551 1654 2097 1721 conservatores
2126 1671 2140 1718 :
2173 1670 2264 1719 an
2292 1658 2534 1721 autem
2564 1646 2635 1719 id
2663 1647 2881 1721 hodie

233 1773 513 1858 tantum,
554 1768 667 1843 vel
716 1773 959 1843 autem
1006 1766 1349 1864 deinceps
1389 1776 1740 1865 perpetuo
1782 1770 1875 1842 sit
1919 1769 2448 1845 observandum
2491 1771 2666 1844 mihi
2708 1772 2882 1845 dixit

230 1919 295 1969 se
322 1896 624 1971 nescire.
2196 1980 2204 1987 ,

310 2022 643 2129 Sabbato,
696 2028 781 2095 21
833 2022 1031 2113 maii,
1074 2022 1316 2118 vigilia
1363 2028 1862 2113 Pentecostes,
1909 2023 2210 2097 mulatio
2255 2047 2676 2121 capparum,
2724 2046 2879 2097 ves-
3009 2038 3014 2041 ·

226 2170 383 2243 pere
411 2148 711 2246 papales
741 2149 821 2221 in
856 2171 1149 2223 camera
1178 2150 1457 2245 majore
1487 2148 1761 2246 palatii,
1799 2152 1994 2246 Papa
2020 2158 2384 2247 presente.

312 2277 385 2345 ln
430 2298 645 2348 mane
680 2274 1049 2370 sequenti,
1086 2272 1349 2347 festum
1393 2278 1861 2348 Pentecostes
1895 2275 2090 2347 venit
2120 2274 2250 2348 sub
2280 2282 2514 2372 mytra
2547 2275 2700 2349 sine
2729 2276 2884 2349 bal-

229 2398 521 2473 dachino
580 2402 675 2475 ad
726 2398 1102 2473 basilicam
1162 2424 1223 2471 s.
1281 2400 1497 2489 Petri,
1548 2400 1622 2472 in
1682 2423 1826 2495 qua
1883 2400 2264 2473 cardinalis
2327 2403 2878 2475 Beneventanus

229 2523 597 2599 celebravit
654 2526 957 2599 missam
1026 2526 1455 2615 solemnem,
1524 2529 1719 2623 Papa
1774 2534 2142 2623 presente.
2222 2529 2652 2600 Sermonem
2711 2526 2880 2601 fecit

228 2649 491 2744 quidam
562 2652 951 2749 Hispanus,
1044 2650 1465 2747 capellanus
1523 2650 1697 2725 dicti
1757 2655 1844 2723 D.
1917 2652 2238 2749 episcopi
2298 2652 2872 2749 SegobricensiS,

231 2776 560 2869 prolixum
592 2776 812 2849 nimis
844 2785 913 2850 et
953 2775 1348 2865 tediosam,
1406 2799 1575 2849 cum
1627 2779 1820 2871 Papo
1869 2780 1942 2848 et
1985 2776 2308 2849 omnium
2341 2776 2868 2873 indignatione;

234 2909 294 2974 et
332 2902 828 2999 pronunciavit
896 2901 1257 2999 plenarias
1325 2901 1818 2997 indulgentias
1873 2924 2008 2997 per
2066 2906 2332 2997 Papam
2401 2924 2788 2975 concessas
2835 2926 2878 2973 a

232 3028 561 3125 principio
594 3026 817 3101 misse
861 3050 1085 3124 usque
1116 3050 1260 3123 quo
1295 3030 1489 3123 Papa
1519 3031 1683 3123 post
1710 3048 1878 3098 eum
1913 3032 2116 3099 extra
2145 3024 2528 3099 ecclesiam
2558 3033 2881 3123 portare-

232 3159 346 3224 tur.
382 3156 755 3227 Steterunt
788 3176 1007 3250 super
1036 3152 1393 3250 pulpitum
1424 3174 1918 3224 marmoreum
1943 3151 2015 3224 in
2043 3174 2184 3246 quo
2215 3151 2546 3225 canonici
2581 3151 2874 3225 basilice

229 3278 519 3372 predicte
562 3304 621 3352 s,
670 3280 885 3363 Petri,
903 3278 1285 3376 epistolam
1321 3283 1392 3351 et
1433 3277 1888 3373 evangelium
1925 3283 2456 3351 consueverunt
2484 3278 2873 3353 decantare

229 3404 459 3479 Saucia
486 3410 560 3478 et
601 3403 937 3478 Lucretia
976 3402 1124 3477 filia
1179 3408 1370 3500 Pape
1424 3426 1592 3477 cum
1644 3402 1890 3475 multis
1938 3402 2096 3474 aliis
2148 3402 2598 3491 mulieribuS,
2645 3412 2872 3479 totum

230 3528 435 3624 ipsum
464 3529 823 3627 pulpitum
875 3536 949 3603 et
988 3536 1257 3603 terram
1308 3528 1782 3602 circumcirca
1825 3529 2347 3625 occupantibus
2397 3553 2564 3602 cum
2608 3554 2873 3629 magno

230 3650 587 3744 dedecore,
640 3651 1045 3749 ignominia
1086 3660 1160 3728 et
1204 3653 1543 3727 scandalo
1579 3652 1855 3750 populi.
1906 3656 1987 3725 Et
2027 3653 2100 3725 in
2129 3654 2375 3745 missa,
2424 3650 2596 3729 duni
2647 3656 2873 3729 Pater

230 3775 734 3867 decantaretur,
774 3778 862 3852 de
895 3778 1193 3875 speciali
1224 3779 1568 3852 mandato
1598 3786 1672 3851 et
1694 3778 2210 3852 commissione
2243 3782 2370 3853 SS.
2409 3785 2495 3854 D.
2533 3785 2616 3855 R.
2654 3804 2865 3877 pape,

228 3902 365 3978 dedi
405 3906 647 3979 locum
688 3908 881 3981 inter
926 3886 1241 4002 prelatos
1292 3906 1712 3979 assistentes
1757 3903 2153 3978 admodum
2193 3909 2278 3978 R.
2330 3905 2404 3977 in
2453 3905 2738 3978 Christo
2788 3910 2864 3977 Ρ.

234 4028 301 4100 D.
333 4032 719 4129 Stephano,
752 4030 1096 4128 episcopo
1126 4029 1559 4103 Cattacensi.

310 4155 635 4245 sabbato,
665 4160 755 4229 28
784 4156 979 4246 maii,
1016 4156 1092 4229 in
1106 4155 1346 4252 vigilia
1362 4152 1814 4229 sanctissime
1833 4152 2225 4240 Trinitatis,
2257 4152 2544 4227 fuerunt
2577 4178 2870 4251 vespere

232 4280 483 4374 papales
511 4282 585 4355 in
618 4281 901 4377 capella
942 4282 1221 4378 majori,
1278 4281 1540 4378 quibus
1585 4278 2084 4353 sanctissimus
2117 4282 2204 4352 D.
2241 4282 2491 4351 noster
2513 4278 2862 4355 interfuit.

312 4408 673 4481 Dominica
711 4406 1071 4503 sequenti,
1123 4406 1387 4480 festum
1437 4403 1884 4503 hujusmodi,
1945 4403 2103 4477 fuit.
2123 4402 2347 4475 missa
2403 4402 2748 4477 solemnis
2796 4406 2867 4478 in

232 4532 450 4605 cadem
508 4532 813 4630 capella,
868 4556 1085 4629 quam
1132 4531 1521 4607 celebravit
1580 4536 1826 4602 Rmus.
1885 4533 1968 4602 D.
2035 4527 2418 4601 cardinalis
2472 4553 2534 4600 s.
2589 4532 2862 4620 CruciS,

236 4655 397 4752 Papa
432 4659 761 4733 similiter
788 4654 1127 4754 presente
1164 4683 1179 4731 :
1218 4681 1365 4753 qua
1403 4656 1628 4745 finita,
1669 4658 1796 4729 SS.
1841 4659 1928 4728 D.
1973 4658 2225 4728 noster
2261 4653 2530 4727 creavit
2563 4653 2867 4729 militem

236 4780 302 4851 D.
333 4784 695 4857 Camillum
727 4783 1150 4874 Berardum,
1183 4784 1416 4858 civem
1466 4784 2056 4868 Cesenatensem,
2090 4780 2490 4853 litterarum
2521 4781 2866 4876 apostoli-

237 4925 447 4980 carum
484 4909 1063 4999 sollicitatorem3
1118 4914 1189 4983 et
1244 4908 1383 4982 alia
1444 4929 1647 4982 more
1691 4906 1904 4979 solito
1951 4912 2118 4977 sunt
2157 4905 2559 4977 observata.
2608 4908 2864 4979 Sermo

238 5032 525 5124 nonfuit,
558 5034 729 5131 quia
755 5034 878 5130 qui
918 5034 1247 5108 facturus
1292 5034 1495 5107 illum
1548 5037 1700 5107 erat
1750 5028 2106 5104 infirmus,
2169 5028 2340 5102 Heri
2375 5031 2682 5127 vesperi,
2719 5054 2866 5101 non

239 5149 542 5231 suitfacta
582 5158 1186 5233 commemoratio
1219 5158 1610 5249 dominice,
1662 5156 1752 5230 de
1781 5155 2072 5252 speciali
2113 5156 2454 5231 mandato
2489 5158 2614 5229 SS.
2654 5159 2738 5228 D.
2774 5157 2858 5227 N.

241 5298 419 5375 pape,
456 5286 569 5380 qui
598 5285 819 5361 etiam
864 5284 1230 5359 commisit
1257 5284 1435 5358 mihi
1468 5282 1661 5380 quod
1698 5282 2044 5379 deinceps
2085 5304 2216 5356 suo
2255 5288 2578 5379 tempore
2609 5280 2865 5376 hujus-
