3625 6059
773 524 887 582 >250
1688 516 1715 573 J
1724 515 2042 575 OHANNIS
2089 513 2536 587 BURCHARDI,
2927 510 2932 515 '
3111 518 3268 579 [An-u
3290 522 3404 583 uss]

780 676 1101 766 retraxit,
1152 681 1225 750 et
1254 674 1417 749 illos
1448 670 1845 770 impedivit,
1879 694 2024 767 quo
2057 694 2284 769 usque
2315 670 2434 745 alii
2464 671 2754 770 quidam
2795 672 3080 749 romani
3111 698 3406 773 superve-

780 809 1066 893 nerunt,
1126 801 1248 899 qui
1306 802 1543 900 ipsum
1592 799 2018 897 barigellum
2075 800 2266 876 illico
2326 799 2878 891 interfecerunt,
2943 799 3408 897 Sabastigliam

780 926 1063 1005 vero‘in
1118 928 1418 1003 domum
1470 951 1677 1003 suam
1714 932 2184 1025 portaverunt
2217 950 2518 1025 :parum
2545 932 2735 1023 post,
2787 924 2984 1001 idem
3015 925 3404 1023 harrigellus

776 1056 930 1131 sine
970 1054 1373 1129 luminibus
1413 1054 1523 1127 vel
1574 1052 1945 1129 intortitiis
1993 1058 2320 1151 portatus
2352 1052 2486 1127 fuit
2513 1050 2606 1126 ad
2635 1051 3028 1129 ecclesiam
3055 1052 3398 1151 hospitalis

786 1181 1291 1279 Hispanorum,
1328 1184 1399 1253 et
1425 1179 1699 1254 ibidem
1729 1156 2056 1278 sepultus
2083 1178 2240 1253 fuit.

876 1304 1149 1381 Eadem
1178 1303 1323 1395 die,
1358 1306 1779 1381 nunciatum
1821 1312 1932 1381 est
1980 1305 2050 1379 in
2098 1304 2288 1381 Urbe
2330 1302 2550 1401 ligam
2598 1304 2788 1381 inter
2819 1307 2946 1379 SS.
2984 1310 3072 1379 D.
3105 1311 3398 1380 nostrum

780 1434 1079 1529 Papam,
1115 1429 1658 1505 serenissimum
1702 1429 2270 1505 Maximilianum
2312 1433 2804 1505 Romanorum
2839 1436 2914 1503 et
2953 1430 3400 1527 Hispanorum

782 1578 997 1653 reges
1024 1578 1111 1629 ac
1137 1559 1616 1648 Venetorum,
1652 1562 1725 1632 et
1752 1556 2142 1631 Mediolani
2172 1556 2392 1631 duces
2435 1577 2566 1653 pro
2601 1554 2968 1630 communi
2993 1554 3404 1629 Christiano·

778 1704 943 1755 rum
992 1680 1351 1757 beneficio
1392 1690 1463 1757 et
1512 1705 1685 1757 cura
1726 1704 1811 1757 ac
1857 1682 2077 1757 totius
2129 1681 2326 1756 italie
2368 1681 2612 1779 quiete
2655 1680 2983 1759 Venetiis
3015 1680 3398 1757 conclusam

776 1832 971 1900 esse,
1009 1814 1081 1881 et
1104 1808 1577 1905 approbatam
1600 1805 1910 1883 existere
1929 1810 2056 1901 (1).
2861 1791 2864 1794 ⁵

880 1934 1261 2009 Dominica
1296 1934 1545 2032 quinta
1588 1931 2142 2030 quadragesime
2184 1930 2273 2005 de
2333 1930 2676 2007 Passione
2716 1940 3162 2029 nuncupata,
3215 1936 3294 2007 R.
3343 1936 3400 2007 in

774 2058 1059 2134 Christo
1108 2064 1189 2135 P.
1248 2064 1333 2135 D.
1386 2058 1972 2146 Bet-tholomeus,
2015 2056 2400 2155 episcopus
2435 2056 3011 2154 segobricensiS,
3047 2060 3177 2133 SS.
3227 2064 3306 2135 D.
3331 2062 3397 2133 N.

777 2207 962 2281 pape
1014 2184 1375 2279 magister
1426 2183 1711 2275 domus,
1764 2182 2156 2257 celebravit
2207 2182 2504 2257 missam
2569 2183 2974 2259 solemnem
3029 2184 3106 2259 in
3161 2185 3404 2285 capella

778 2309 1066 2405 majori,
1112 2312 1306 2407 Papa
1335 2315 1701 2406 presente,
1742 2307 1916 2382 dixit
1956 2309 2362 2383 orationem
2400 2331 2532 2406 pro
2566 2312 2794 2407 Papa,
2825 2318 2998 2385 ante
3027 2311 3400 2387 orationem

773 2443 1030 2511 contra
1050 2456 1410 2533 paganos3
1442 2433 2056 2533 sedinposterum
2081 2434 2380 2509 servavit
2402 2433 2726 2509 debitum
2755 2434 3118 2511 ordinem.
3148 2438 3400 2511 Sermo-

776 2584 945 2635 nem
973 2560 1147 2635 fecit
1175 2567 1605 2657 procurator
1632 2559 1908 2636 ordinis
1937 2559 2148 2635 beate
2179 2560 2432 2649 Marie,
2473 2562 2560 2634 D.
2603 2562 3097 2637 Bernardinus
3127 2560 3397 2651 Gutteri,

778 2685 1017 2759 socius
1056 2708 1289 2761 meus.
1350 2686 1581 2761 Hodie
1625 2686 1943 2784 primum
1989 2685 2184 2761 venit
2225 2685 2302 2758 in
2341 2686 2849 2784 superpellicio
2897 2687 2970 2761 in
3017 2687 3310 2786 capella,
3343 2693 3402 2761 et

776 2810 1011 2885 solum
1068 2810 1497 2887 ministravit
1544 2814 1735 2910 Pape
1783 2812 2218 2887 turribulum
2263 2835 2396 2908 pro
2453 2812 2896 2910 imponendo
2949 2814 3250 2890 incenso
3295 2836 3400 2911 pro

775 2937 1155 3035 evangelio
1184 2943 1257 3011 et
1290 2936 1688 3029 offertorio,
1724 2938 1867 3011 alia
1895 2936 2140 3011 omnia
2167 2936 2340 3012 fecit
2371 2959 2576 3013 more
2615 2938 2854 3014 solito.

874 3064 1085 3139 Feria
1104 3064 1325 3153 sexta,
1359 3070 1447 3139 10
1480 3062 1753 3162 apriliS,
1785 3063 1876 3139 de
1909 3064 2250 3139 mandato
2281 3066 2410 3143 SS.
2443 3068 2530 3139 D.
2553 3064 2776 3141 nostri
2801 3086 2990 3162 pape
3008 3086 3143 3161 per
3163 3064 3394 3139 Urbem

774 3190 1302 3287 proclamatum
1352 3190 1484 3265 fuit
1548 3199 1621 3265 et
1666 3191 1935 3289 populo
1987 3192 2404 3267 nunciatum
2453 3190 2649 3289 quod
2694 3190 3060 3267 dominica
3103 3191 3398 3289 proxima

772 3313 1260 3411 publicaretur
1286 3314 1432 3412 liga
1460 3315 1649 3390 inter
1668 3318 1796 3392 SS.
1839 3321 1927 3392 D.
1961 3320 2048 3391 N.
2083 3340 2345 3415 papam
2389 3323 2464 3392 et
2495 3315 3002 3414 Hispaniarum
3034 3339 3300 3415 regem,
3327 3337 3394 3389 ac

771 3438 1237 3514 venetiarum
1268 3446 1341 3514 et
1368 3442 1753 3540 Mediolani
1786 3443 2037 3534 duces,
2082 3443 2260 3517 inita
2297 3465 2428 3540 pro
2457 3442 2823 3517 communi
2853 3442 3394 3519 Christianorum

772 3562 1131 3637 beneflcio
1160 3569 1234 3638 'et
1262 3564 1505 3661 quiete
1538 3567 1767 3659 Italic,
1814 3569 1889 3642 iu
1931 3568 2222 3644 basilica
2267 3592 2327 3641 s.
2373 3568 2565 3643 Petri
2603 3568 2674 3642 in
2699 3591 2845 3665 quo
2875 3568 3398 3645 ostenderentur

769 3690 1006 3765 vultus
1063 3691 1382 3782 Domini,
1435 3698 1507 3767 et
1560 3695 1755 3791 Papa
1800 3692 2100 3770 daturus
2165 3701 2360 3769 esset
2417 3693 3021 3769 interessentibus
3069 3692 3396 3793 plenarias

770 3814 1279 3913 indulgentias.

869 3941 1248 4015 Dominica
1267 3940 1697 4039 palmarum,
1726 3949 1811 4018 12
1837 3943 2110 4041 apriliS,
2137 3948 2210 4019 S.
2237 3949 2322 4021 D.
2351 3952 2626 4036 noster,
2646 3953 2938 4044 paratus
2959 3970 3166 4024 more
3185 3946 3390 4033 solito,

766 4067 1137 4143 benedixit
1169 4073 1240 4142 et
1270 4067 1635 4143 distribuit
1652 4068 1934 4166 palmas
1960 4069 2032 4143 in
2064 4069 2342 4167 capella
2355 4071 2657 4169 majore.
2701 4071 3116 4147 Palmarum
3143 4074 3388 4147 suerunt

766 4214 1073 4265 numero
1098 4200 1390 4267 centum
1419 4217 1435 4281 3
1465 4176 1545 4267 'et
1586 4202 1900 4289 quatuor
1927 4195 2092 4271 date
2137 4195 2430 4271 fuerunt
2457 4196 2796 4271 omnibus
2823 4199 3151 4295 prelatis,
3185 4203 3388 4273 orato·

832 4492 887 4553 1.
929 4492 1009 4551 La
1035 4492 1184 4567 ligne
1213 4496 1361 4553 avait
1388 4500 1473 4553 ete
1503 4496 1728 4554 conclue
1756 4501 1790 4554 a
1808 4498 2012 4555 Venise
2041 4498 2090 4556 le
2118 4498 2183 4557 31
2217 4516 2362 4557 mars
2382 4499 2790 4575 al'instigation
2814 4504 2884 4561 de
2913 4506 3156 4564 Ludos-ic
3183 4506 3230 4563 le
3247 4506 3384 4564 Mor-r.

762 4582 869 4639 Les
912 4582 1241 4657 puissances
1282 4584 1351 4642 de
1389 4584 1667 4660 l’Europe‚
1698 4587 1968 4662 effrayees
1997 4588 2065 4645 de
2093 4587 2146 4644 la
2181 4588 2414 4662 rapidite
2451 4590 2551 4647 des
2591 4598 2783 4650 succes
2821 4595 2894 4651 de
2931 4594 3160 4655 charles
3201 4596 3324 4664 Vlll,
3357 4612 3388 4668 y

762 4673 1084 4731 accederent
1112 4691 1245 4731 avec
1273 4684 1726 4751 empressement.
1760 4677 2014 4753 Philipps
2043 4678 2112 4733 de
2142 4678 2474 4750 CommineS,
2505 4681 2905 4741 ambassadeur
2922 4686 2998 4743 du
3027 4688 3108 4746 roi
3127 4688 3196 4745 de
3221 4688 3390 4743 quee

764 4765 798 4817 a
822 4760 1050 4833 Venise,
1086 4762 1161 4819 vit
1190 4764 1388 4820 former
1417 4773 1559 4823 cette
1598 4766 1749 4840 ligne
1792 4773 1850 4824 et
1877 4784 1943 4823 en
1983 4768 2165 4824 donna
2203 4768 2318 4824 avis
2357 4773 2390 4825 a
2429 4786 2530 4826 son
2568 4776 2780 4831 maitre.
2811 4774 2954 4850 Voy.
2991 4795 3084 4834 ses
3121 4778 3385 4836 Memoires.

761 4848 854 4905 liv.
885 4848 1009 4919 VII,
1039 4850 1127 4908 ch.
1161 4870 1254 4922 xv,
1289 4860 1343 4909 et
1373 4854 1762 4926 Guicciardiui,
1794 4858 1924 4913 dell'
1951 4858 2150 4913 latoria
2179 4858 2419 4929 d’Italia,
2451 4865 2581 4929 etc„
2603 4858 2699 4919 liv.
2733 4862 2802 4918 11.
2831 4862 3057 4921 Comme
3079 4866 3126 4923 le
3143 4878 3388 4937 remanque

762 4938 1158 5011 Gregorovius,
1192 4962 1221 4993 «
1254 4942 1389 4999 c’est
1418 4942 1485 5000 de
1516 4950 1657 5002 cette
1686 4944 1919 5003 allianee
1947 4963 2054 5019 que
2083 4964 2395 5005 commence
2425 4948 2690 5009 l'histoire
2709 4953 2778 5009 de
2806 4952 3058 5031 l'Europe
3087 4958 3338 5014 moderno.
3361 4974 3389 5003 ν

758 5028 945 5085 scoria
972 5028 1121 5085 della
1148 5031 1293 5087 Gittd
1320 5032 1381 5087 di
1408 5035 1597 5104 Roma,
1628 5041 1671 5094 t.
1704 5034 1828 5107 Vll,
1855 5054 1913 5110 p.
1946 5038 2070 5094 442.
2103 5037 2244 5113 Voy.
2279 5038 2327 5094 le
2358 5045 2508 5096 texte
2553 5041 2628 5097 du
2657 5042 2816 5099 truite
2844 5043 2986 5100 dans
3017 5044 3210 5119 Luni&
3237 5042 3388 5100 Codex

754 5116 885 5175 Ital.
918 5117 1234 5191 diplomat„
1262 5126 1305 5175 t.
1340 5121 1384 5191 1,
1414 5138 1469 5195 p.
1506 5124 1558 5193 1,
1592 5129 1725 5184 sect.
1760 5126 1812 5194 1,
1843 5125 2045 5197 XXIV,
2073 5144 2133 5201 p.
2172 5128 2299 5197 115,
2335 5134 2391 5185 et
2427 5128 2640 5187 Sanuto
2680 5134 2755 5204 (p.
2797 5133 2904 5189 257
2931 5140 2988 5191 et
3025 5135 3098 5208 S.)
3143 5132 3228 5207 qui
3261 5136 3386 5187 entre

758 5207 897 5265 dans
926 5205 1007 5263 les
1036 5205 1163 5281 plus
1194 5209 1403 5282 grands
1432 5210 1627 5267 details
1658 5230 1725 5269 au
1758 5214 1904 5286 sujet
1930 5214 1998 5270 de
2028 5222 2168 5271 cette
2197 5214 2363 5288 ligne.
2391 5282 2398 5291 ‚
