3625 6059
750 559 859 614 500
1656 550 2012 608 JOHANNIS
2057 547 2504 618 BURCHARm,
2929 549 3250 610 [Decembre
3273 554 3384 614 1523]

754 711 985 785 bravit
1036 710 1337 783 missam
1384 707 1749 805 publicam
1798 705 1870 779 in
1923 704 2198 802 capella
2249 701 2600 802 predicta,
2657 705 2856 798 Papa
2901 711 3248 800 presente
3289 709 3378 802 qui

754 837 949 912 venit
981 835 1071 910 de
1111 857 1405 908 camera
1432 840 1715 908 secreta
1750 831 1824 905 in
1865 853 2232 905 cameram
2261 826 2650 925 papagalli,
2695 825 2850 900 solo
2891 826 3264 902 cardinale
3285 833 3384 903 Se—

756 961 961 1037 nensi
994 960 1265 1035 ibidem
1304 958 1691 1033 assistente
1734 957 1854 1054 qui
1897 956 1964 1030 ei
1992 959 2420 1052 paramenta
2453 951 2802 1049 imposuit
2843 975 2860 1022 ε
2903 950 3204 1024 interim
3233 956 3388 1049 Papa

752 1086 946 1160 misit
992 1084 1523 1182 parafrenarios
1570 1105 1703 1180 pro
1748 1079 2228 1155 cardinalibus
2273 1078 2352 1151 in
2391 1076 2657 1175 palatio
2703 1074 3222 1150 residentibus.
3271 1077 3378 1150 Alii

752 1209 1155 1284 cardinales
1207 1215 1409 1283 extra
1464 1207 1809 1305 palatium
1867 1208 2403 1277 commorantes
2453 1207 2810 1275 venerunt
2855 1199 3068 1274 tarde
3123 1207 3381 1298 propter

756 1357 1096 1432 magnam
1135 1333 1449 1430 pluviam
1490 1356 1628 1430 que
1676 1330 1805 1406 suit
1850 1330 1924 1402 in
1965 1327 2090 1402 illo
2134 1350 2348 1401 mane
2393 1333 2468 1400 et
2507 1333 2724 1400 nocte
2765 1325 3147 1423 preterita.
3195 1329 3386 1422 Prop-

757 1467 957 1532 terea
984 1458 1205 1533 etiam
1235 1482 1382 1533 non
1424 1458 1553 1530 suit
1592 1478 1864 1544 serm0‚
1898 1453 2068 1550 quia
2093 1458 2521 1550 procurator
2548 1450 2824 1525 ordinis
2854 1450 3226 1524 minorum
3263 1475 3386 1524 ser-

756 1607 1049 1658 monem
1077 1585 1309 1682 ipsum
1344 1584 1696 1671 facturus,
1728 1605 1878 1656 non
1899 1579 2092 1654 venit
2129 1603 2146 1651 ε
2177 1577 2319 1652 alia
2345 1576 2720 1652 observata
2743 1581 2913 1650 sunt
2939 1597 3158 1649 more
3181 1575 3380 1650 solito.

855 1709 1235 1784 Dominica
1277 1708 1487 1783 tertia
1532 1708 1902 1795 adventuS,
1949 1727 2090 1803 que
2132 1704 2269 1777 fuit
2312 1706 2397 1775 16
2443 1701 2614 1775 dicti
2657 1703 2932 1775 mensis
2975 1701 3380 1790 decembris,

756 1841 1007 1909 Rmus.
1044 1839 1131 1908 D.
1169 1833 1551 1908 cardinalis
1582 1836 1967 1930 Capuanus
1997 1827 2386 1904 celebravit
2413 1826 2710 1902 missam
2747 1853 2764 1900 ε
2799 1827 2972 1902 fecit
3007 1851 3380 1904 sermonem

750 1959 971 2032 frater
1006 1957 1345 2032 Nicolaus
1385 1956 1475 2031 de
1520 1957 1970 2030 Bernardino
2015 1953 2285 2029 ordinis
2323 1951 2845 2027 heremitarum
2885 1975 2949 2044 s.
2999 1952 3374 2050 Augustini,

748 2106 880 2179 pro
934 2089 1397 2179 procuratore
1453 2079 1781 2180 ejusdem
1834 2080 2105 2154 ordinis
2159 2079 2530 2170 absente:
2583 2099 2828 2152 sermo
2879 2076 3020 2150 fuit
3075 2078 3374 2175 optimus,

750 2206 1089 2280 omnibus
1122 2205 1611 2304 gratissimus3
1649 2204 1791 2278 alia
1819 2210 1980 2278 acta
2009 2209 2175 2277 sunt
2203 2225 2409 2275 more
2441 2199 2676 2274 solito.

846 2331 1056 2405 Feria
1114 2332 1465 2422 secunda,
1541 2335 1623 2402 17
1692 2330 1962 2404 mensis
2021 2327 2466 2416 decembriS,
2529 2325 2802 2400 flumen
2851 2325 3140 2402 Tiberis
3198 2327 3378 2400 crevit

754 2457 956 2553 quasi
988 2456 1080 2530 ad
1120 2456 1609 2560 pavimentum
1652 2454 1795 2528 sive
1832 2453 2128 2553 planum
2165 2451 2476 2528 ecclesie
2514 2449 2726 2526 beate
2763 2449 2990 2526 Marie
3037 2459 3374 2548 transpon-

754 2580 927 2670 tine‚
974 2579 1235 2654 deinde
1269 2580 1481 2654 rediit
1510 2578 1603 2652 ad
1632 2577 1904 2654 lectum
1935 2603 2168 2652 suum.

844 2707 1222 2778 Venerunt
1254 2703 1475 2776 etiam
1510 2724 1723 2792 nove,
1760 2701 1878 2775 his
1911 2701 2192 2794 diebuS‚
2227 2702 2422 2798 quod
2457 2701 2682 2794 frater
2703 2701 3078 2778 Marianus
3107 2703 3194 2778 de
3221 2705 3376 2775 Gen-

746 2851 1084 2918 nazzanO,
1128 2828 1465 2902 minister
1498 2827 1860 2926 generalis
1891 2827 2162 2902 ordinis
2189 2826 2714 2902 heremitarum
2745 2852 2805 2901 S.
2847 2829 3256 2926 Augustini,
3283 2825 3374 2899 die

747 2960 789 3026 4
838 2955 1117 3028 mensis
1160 2953 1485 3051 preteriti
1530 2953 1604 3028 in
1643 2953 1920 3030 balneis
1963 2951 2376 3028 Puteolanis
2415 2952 2874 3042 distantibuS‚
2924 2978 3078 3050 quo
3125 2955 3372 3028 venerat

746 3080 837 3153 ad
879 3079 1459 3176 recuperandam
1503 3080 1912 3169 sanitatem,
1959 3078 2151 3152 diem
2191 3077 2448 3152 clausit
2484 3082 2892 3151 extremum
2937 3104 2954 3150 :
3007 3079 3374 3177 requiescat

745 3205 819 3276 in
852 3228 1058 3301 pace.
1104 3205 1245 3280 Sed
1278 3227 1421 3278 non
1455 3205 1631 3280 obiit
1659 3206 1734 3278 in
1766 3203 1976 3278 dictis
2003 3202 2308 3293 balneiS‚
2345 3201 2524 3278 obiit
2549 3208 2794 3277 autem
2823 3201 2896 3275 in
2927 3203 3220 3278 civitate
3244 3195 3372 3273 Cal-

745 3328 985 3416 vensi3
1025 3328 1193 3401 inde
1229 3337 1558 3426 portatus
1590 3337 1699 3404 est
1730 3329 1824 3404 ad
1853 3328 2216 3404 civitatem
2247 3330 2685 3402 Suessanam
2719 3351 2762 3402 a
2796 3327 3122 3424 quinque
3149 3324 3372 3402 millia-
3511 3325 3513 3410 i

744 3451 855 3524 ria
883 3476 927 3524 a
954 3451 1282 3527 Calvensi
1312 3454 1701 3530 distantem
1730 3461 1803 3529 et
1832 3453 2105 3530 ibidem
2135 3452 2210 3527 in
2241 3458 2600 3528 conventu
2630 3452 2742 3526 sui
2773 3452 3054 3528 ordinis
3085 3450 3365 3550 sepultus
3511 3425 3513 3446 ἶ

746 3577 891 3650 sive
924 3576 1323 3676 depositus,

842 3701 1053 3776 Feria
1079 3708 1359 3797 quarta,
1394 3707 1478 3776 19
1511 3702 1683 3778 dicti
1712 3704 1987 3778 mensis
2016 3702 2452 3794 decembris,
2484 3703 2786 3778 recessit
2808 3693 2900 3777 ex
2927 3701 3126 3777 Urbe
3153 3705 3362 3774 Rmus.

742 3829 829 3900 D.
882 3826 1265 3900 cardinalis
1323 3829 1591 3925 Borgia
1653 3852 1820 3903 cum
1870 3827 2486 3927 gentibusPape,
2541 3831 2772 3905 iturus
2817 3830 3222 3906 viterbium
3263 3846 3364 3922 pro

738 3952 1259 4049 componendis
1299 3952 1721 4028 differentiis
1751 3953 1941 4029 inter
1980 3952 2172 4027 cives
2213 3954 2602 4031 existentes
2643 3962 2718 4030 et
2751 3955 3090 4031 exulibus
3121 3955 3194 4028 in
3227 3947 3364 4024 civi-

740 4083 887 4152 tate
918 4078 1355 4176 reponendis
1385 4085 1459 4155 et
1489 4080 1977 4154 restituendis,

842 4203 1111 4276 Eadem
1153 4203 1270 4278 die
1313 4204 1530 4302 hujus
1568 4202 2078 4296 hebdomadiS‚
2121 4213 2476 4280 venerunt
2519 4207 2611 4280 ad
2655 4204 2926 4280 Urbem
2969 4203 3360 4303 magnificus

743 4328 1028 4400 Enecus
1077 4327 1166 4402 de
1216 4329 1583 4418 Corduba,
1634 4329 1854 4404 frater
1904 4331 2190 4405 comitis
2247 4331 2338 4406 de
2385 4331 2610 4408 Cubla
2660 4337 2736 4404 et
2777 4329 3358 4428 prestantissimus

743 4451 1131 4558 utriusque·
1136 4453 1321 4552 juris
1353 4454 1608 4528 doctor
1637 4454 2008 4553 Philippus
2033 4456 2328 4530 Pontius
2363 4456 2450 4530 de
2473 4456 2750 4547 Xativa,
2775 4455 3142 4532 Valentini
3165 4453 3362 4530 diece-

744 4577 871 4668 siS‚
905 4577 1067 4652 laici
1108 4586 1429 4654 oratores
1468 4578 1914 4655 serenissimi
1965 4580 2154 4678 regis
2197 4587 2270 4656 et
2317 4579 2569 4677 regine
2609 4579 3124 4677 Hispaniarum
3161 4576 3268 4676 qui
3301 4573 3358 4646 in

741 4727 993 4780 eorum
1018 4703 1311 4780 introitu
1340 4729 1385 4779 a
1408 4706 1562 4779 sola
1584 4703 1858 4779 familia
1887 4707 2014 4779 SS.
2051 4709 2139 4778 D.
2169 4707 2257 4779 N.
2291 4728 2478 4802 pape
2503 4703 2846 4780 associati
2875 4716 3045 4780 sunt
3075 4704 3193 4805 (1).

806 4968 855 5024 1.
898 4965 1109 5023 Sanuto
1148 4967 1328 5022 donne
1366 4965 1434 5021 de
1472 4969 1584 5020 tres
1618 4963 1844 5021 curieux
1877 4963 2074 5021 details
2113 4981 2209 5021 sur
2245 4963 2544 5022 l'entrevue
2580 4963 2656 5020 du
2697 4963 2851 5039 Pape
2887 4970 2942 5021 et
2977 4964 3080 5020 des
3105 4961 3330 5021 ambassa

728 5051 893 5114 deurs
919 5055 1252 5130 d'Espagne.
1289 5076 1317 5106 «
1349 5053 1513 5110 Come
1540 5052 1767 5110 l‘ultime
1798 5071 1898 5110 sue
1927 5055 1984 5110 fu
2015 5055 2084 5112 de
2112 5057 2200 5125 18,
2231 5054 2324 5128 poi
2361 5053 2536 5110 introe
2563 5053 2637 5110 do
2665 5052 2868 5110 oratori
2897 5051 3098 5128 yspani
3123 5047 3286 5107 intrati
3309 5045 3350 5099 in

726 5141 904 5202 Roma
931 5163 963 5202 a
991 5145 1123 5202 hore
1156 5145 1221 5200 14
1252 5147 1285 5198 a
1324 5141 1375 5198 la
1407 5142 1569 5199 sorda
1604 5159 1639 5198 a
1665 5142 1717 5199 la
1746 5150 1914 5213 muta,
1947 5147 2002 5200 et
2037 5161 2126 5201 mo
2161 5151 2308 5202 terzo
2337 5162 2502 5203 zorno
2531 5150 2748 5202 steteno
2775 5141 2860 5199 col
2886 5143 3142 5216 pontifice
3167 5142 3282 5198 horo
3305 5135 3346 5188 ⁴·

724 5229 911 5291 Prima
936 5233 1167 5290 referino
1197 5229 1249 5288 la
1273 5230 1418 5287 bona
1446 5227 1772 5312 disposition
1798 5231 1883 5288 de’
1915 5230 1997 5290 soi
2016 5230 2146 5290 reali
2175 5249 2337 5291 verso
2363 5231 2419 5292 la
2445 5231 2688 5306 Cbiesia,
2713 5237 2772 5290 et
2795 5231 2911 5290 fata
2939 5249 3054 5290 una
3077 5223 3346 5306 exposition
