3625 6059
752 496 855 552 148
1022 461 1027 467 ’
1660 493 2010 586 ,ιοΗᾼΝΝιε
2060 475 2505 564 nunculiam,
3111 496 3223 558 [aas
3253 499 3362 558 usi}

752 649 1009 737 latere,
1056 646 1149 721 ad
1188 647 1315 721 Dei
1354 647 1645 722 laudem
1684 655 1757 722 et
1794 648 2076 746 prefate
2119 647 2442 722 Ecclesie
2479 650 2744 720 statum
2780 651 2854 720 et
2889 645 3253 735 honorem,
3293 647 3362 720 de

751 773 1055 848 fratrum
1080 782 1495 848 nostrorum
1527 774 1830 849 consilio
1857 773 2274 847 duxerimus
2300 771 2833 861 destinandum,
2862 771 2988 845 tibi
3011 771 3366 869 predictum

751 919 1001 994 regem
1022 895 1416 997 inungendi
1446 907 1515 974 et
1542 899 1818 997 regiam
1841 921 2186 973 coronam
2209 899 2424 997 capiti
2449 921 2577 971 suo
2600 896 3046 994 imponendi,
3073 903 3142 972 et
3161 897 3364 970 Sicilie

751 1021 949 1096 citra·
974 1024 1289 1100 Pharum
1333 1048 1585 1122 regem
1626 1021 2062 1099 catholicum
2101 1022 2497 1098 coronandi
2538 1023 2960 1097 facultatem
2999 1020 3364 1095 conceden-

748 1151 881 1234 teS,
917 1157 1131 1245 prout
1162 1151 1234 1223 in
1267 1151 1423 1224 aliis
1463 1151 1731 1224 nostris
1772 1151 2088 1248 desuper
2125 1149 2474 1224 confectis
2502 1148 2728 1222 literis
2759 1147 3206 1234 continetur;
3248 1150 3363 1219 Nos

746 1274 1150 1370 cupientem,
1199 1285 1274 1349 ut
1318 1277 1571 1374 spiritu
1616 1277 1921 1351 aliarum
1964 1276 2429 1373 largitionum
2473 1281 2545 1350 et
2579 1297 2974 1358 ,munerum
3014 1272 3272 1346 incolas
3310 1279 3364 1346 et

743 1396 1184 1475 habitatores
1210 1402 1520 1499 partium
1547 1402 1833 1476 illarum
1863 1400 2124 1476 reddas
2150 1405 2331 1492 De0,
2369 1407 2439 1474 et
2471 1399 2624 1473 sedi
2655 1398 2980 1497 predicte
3009 1398 3162 1495 plus
3187 1397 3368 1472 devo-

744 1531 882 1612 tos,
921 1525 1010 1600 de
1050 1528 1571 1624 omnipotentis
1614 1530 1745 1602 Dei
1787 1526 2282 1602 misericordia
2319 1549 2404 1600 ac
2447 1526 2828 1600 beatorum
2871 1523 3065 1598 Petri
3095 1529 3180 1598 et.
3203 1523 3364 1596 Pauli

742 1652 1235 1746 apostolorum
1280 1655 1705 1729 auctoritate
1749 1653 2034 1743 confisi,
2085 1649 2714 1748 circumspectioni
2763 1657 2912 1738 tue,
2953 1656 3035 1721 ut
3080 1647 3216 1738 die,
3257 1671 3369 1742 qua

739 1801 872 1874 pro
899 1780 1367 1853 coronatione
1396 1778 1811 1878 hujusmodi
1843 1777 2175 1852 facienda
2201 1777 2499 1850 missam
2527 1773 2960 1864 celebrabiS,
2991 1782 3155 1872 post
3182 1773 3368 1870 ipsius

740 1903 962 1977 misse
1012 1903 1547 1978 solemnitatem
1597 1903 1932 1979 omnibus
1983 1909 2054 1979 et
2098 1902 2402 2000 singulis
2451 1901 2822 1997 utriusque
2879 1923 3098 1973 sexus
3151 1894 3370 2000 Christi

740 2025 1075 2102 fidelibus
1120 2028 1626 2126 undecumque
1668 2029 2122 2104 venientibus
2165 2029 2286 2125 qui
2333 2027 2573 2102 eidem
2619 2024 2844 2098 misse
2893 2031 3017 2099 aut
3067 2021 3372 2099 benedic-

739 2149 919 2223 tioni
959 2159 1081 2227 tue
1127 2178 1344 2249 quam
1392 2160 1555 2252 post
1596 2155 1829 2252 ipsam
1873 2155 2171 2229 missam
2214 2153 2485 2252 populo
2522 2152 2701 2226 inibi
2741 2150 3077 2227 existenti
3115 2147 3373 2246 largitus

739 2275 985 2368 fueris,
1021 2277 1501 2368 interfuerint,
1537 2276 1938 2374 plenariam
1969 2278 2296 2352 omnium
2325 2283 2792 2376 peccatorum
2819 2300 3124 2352 suorum
3154 2273 3372 2349 remis-

735 2405 1016 2482 sionem
1070 2411 1141 2480 et
1194 2405 1716 2503 indulgentiam
1774 2405 1847 2477 in
1902 2404 2133 2478 forma
2188 2403 2508 2478 Ecclesie
2566 2410 2916 2478 consueta
2970 2399 3368 2476 auctoritate

730 2530 1128 2629 apostolica
1145 2530 1495 2628 largiendi
1518 2554 1601 2604 ac
1623 2529 1842 2624 etiam
1876 2537 1999 2604 tua
2016 2528 2433 2627 hujusmodi
2450 2529 2836 2627 largitione
2855 2528 3192 2616 durante,
3217 2524 3376 2598 infra

727 2655 921 2729 illius
945 2655 1241 2746 limiteS,
1272 2677 1489 2750 quem
1515 2655 2116 2751 quotiescumque
2141 2662 2214 2728 et
2241 2654 2679 2750 ubicumque
2705 2651 3134 2728 solemniter
3157 2671 3370 2724 coram

733 2785 802 2853 te
842 2778 1193 2854 celebrari
1240 2777 1528 2869 feceris,
1581 2789 1889 2875 septem,
1939 2803 2103 2852 cum
2145 2779 2294 2852 no'n
2337 2785 2726 2874 antequam
2765 2777 2998 2874 ipsam
3039 2775 3370 2850 civitatem

728 2928 858 2978 seu
888 2905 1130 2980 locum
1159 2904 1521 3002 insignem
1551 2927 1681 3001 pro
1710 2904 1945 3002 primo
1983 2904 2317 3002 ingressu
2347 2901 2770 2978 solemniter
2801 2901 3207 2991 intraveris,
3237 2922 3372 2974 om·

724 3031 938 3104 nibus
965 3054 1132 3105 vere
1168 3028 1661 3127 penitentibus
1694 3036 1765 3104 et
1800 3030 2154 3104 confessis
2197 3029 2465 3104 ibidem
2495 3026 2955 3126 presentibus
2985 3033 3142 3102 tres
3172 3047 3372 3100 annos

724 3155 814 3229 de
854 3155 1193 3252 injunctis
1235 3157 1337 3229 eis
1376 3154 1836 3253 presentibus
1877 3155 1949 3228 in
1991 3145 2301 3228 Domino
2343 3153 2738 3244 relaxandi,
2778 3152 3074 3250 plenam
3111 3159 3182 3226 et
3215 3149 3372 3224 libe-

726 3300 879 3350 ram
925 3276 1427 3351 auctoritatem
1474 3279 1829 3377 prefatam
1872 3285 2123 3353 tenore
2163 3278 2611 3375 presentium
2659 3278 3136 3352 concedimus
3185 3272 3378 3350 facul-

727 3408 976 3475 tatem.
1032 3406 1295 3475 Datum
1349 3407 1605 3492 Rome,
1640 3403 1835 3502 apud
1894 3410 2223 3478 sanctum
2273 3407 2594 3494 Petrum,
2629 3426 2821 3477 anno
2876 3381 3374 3477 incarnationis

727 3527 1089 3602 dominice
1119 3531 1890 3620 MCCCCLXXXXIIII,
1929 3535 2188 3628 quarto
2224 3528 2507 3603 decimo
2545 3528 2889 3604 kalendas
2917 3529 3124 3620 maii,
3160 3524 3374 3625 ponti-

724 3653 979 3727 ficatus
1010 3655 1237 3728 nostri
1268 3677 1459 3730 anno
1492 3657 1839 3731 secundo.
1888 3686 1923 3723 »

814 3778 948 3852 Die
977 3779 1253 3871 martis,
1294 3787 1337 3854 6
1370 3781 1641 3855 mensis
1671 3781 1871 3872 maii,
1917 3780 2372 3879 supradictus
2405 3785 2490 3854 D.
2521 3779 2858 3879 Aloysius
2879 3781 2967 3855 de
2989 3778 3365 3882 Aragonia‚

711 3903 1036 3977 marchio
1087 3905 1520 3996 Giracensis,
1573 3906 1696 4004 qui
1744 3907 1924 3980 alias
1974 3915 2301 4004 tempore
2347 3905 2586 3996 felicis
2613 3905 3143 3982 recordationis
3175 3911 3372 3980 Inno-

712 4031 931 4104 centii
988 4054 1175 4130 pape
1230 4031 1461 4108 octavi
1520 4057 1687 4108 cum
1748 4035 2234 4109 illustrissimo
2291 4033 2615 4131 principe
2670 4035 3013 4131 Capuano
3069 4037 3146 4108 in
3205 4034 3374 4110 Urbc

715 4155 1060 4249 existenS,
1095 4157 1211 4234 die
1264 4165 1304 4234 3
1357 4162 1629 4235 mensis
1654 4160 1840 4260 junii
1889 4161 2601 4246 MCCCCLXXXXII,
2635 4158 3190 4234 matrimonium
3219 4181 3376 4234 con-

714 4281 928 4355 traxit
971 4305 1102 4379 per
1134 4284 1322 4358 viam
1368 4285 1577 4361 litere
1624 4286 1712 4361 de
1756 4285 2107 4385 presenti,
2149 4285 2226 4358 in
2265 4285 2522 4382 prefati
2566 4307 2751 4382 pape
2791 4292 2865 4358 et
2903 4283 3372 4382 plurimorum

713 4406 1188 4482 cardinalium
1242 4417 1313 4484 et
1360 4411 1805 4508 prelatorum
1854 4437 1940 4486 ac
1976 4411 2280 4485 aliorum
2316 4410 2707 4509 presentia,
2755 4433 2920 4489 cum
2971 4413 3063 4484 D.
3117 4410 3378 4507 Baptis-

719 4531 1205 4628 tistina-Cibo,
1262 4534 1587 4634 ejusdem
1625 4560 1808 4635 pape
1855 4543 2121 4634 nepote
2163 4536 2285 4635 (l),
2340 4542 2413 4610 et
2447 4534 2712 4608 deinde
2753 4559 2985 4632 nuper
3024 4535 3106 4608 in
3143 4543 3377 4610 sancte

714 4678 1014 4734 romane
1062 4661 1383 4736 Ecclesie
1432 4663 1875 4738 cardinalem
1923 4663 2051 4737 fuit
2108 4669 2520 4760 assumptus
2569 4669 2642 4738 et
2673 4669 3000 4753 ‚crea-tus,
3062 4663 3380 4737 nondum

710 4786 954 4856 tamen
1007 4785 1454 4879 publicatus;
1517 4787 1757 4862 Sicilie
1802 4795 2190 4886 propterea
2236 4789 2554 4864 clericali
2607 4787 2870 4862 ascribi
2925 4787 3376 4876 desideranS,

706 4927 953 4980 coram
996 4905 1219 4982 fratre
1269 4915 1355 4983 D.
1405 4913 1814 4987 Alexandro
1861 4915 2139 4988 Caraffa
2180 4915 2734 5012 archiepiscopo
2779 4911 3379 5024 Neapolitanopin

775 5095 825 5152 1.
870 5095 985 5242 {37
982 5094 1225 5172 mariage
1259 5115 1292 5155 a
1330 5101 1414 5157 ete
1455 5105 1675 5158 raconte
1712 5121 1844 5160 avec
1883 5100 2048 5160 detail
2085 5119 2183 5178 par
2224 5103 2527 5174 Burchard,
2559 5102 2700 5160 dans
2741 5099 2790 5159 le
2827 5107 2864 5159 t.
2901 5099 3019 5156 lde
3063 5107 3214 5158 cet-te
3255 5095 3376 5157 edit.

706 5201 848 5258 page
991 5229 1004 5246 ·
