3625 6059
635 562 707 619 72
1554 549 1583 606 J
1587 545 1830 605 OHANN
1838 544 1902 601 IS
1950 542 2394 613 BURCHARDI,
2771 584 2777 590 .
3004 538 3130 601 [Mai
3163 540 3309 601 im]

633 718 1070 815 imperatore
1111 708 1417 801 vivente,
1458 703 1844 801 imperium
1886 701 2365 777 administrat.
2396 702 2579 774 Nam
2620 724 2787 775 cum
2830 702 3305 777 manifestum

637 846 728 920 sit
758 865 906 917 non
949 839 1090 915 alia
1131 836 1411 911 ratione
1455 853 1706 929 regem
1756 827 1926 924 eligi
1976 831 2469 901 Romanorum
2514 825 2656 899 alio
2706 825 2949 901 adhuc
3000 827 3307 918 vivente,

634 969 770 1044 nisi
816 973 892 1040 ut
929 966 1154 1063 ipsius
1198 957 1620 1058 imperantis
1657 956 1808 1052 jam
1857 952 2113 1027 debilis
2157 950 2579 1047 impotentis
2618 951 2907 1025 labores
2952 952 3303 1050 suscipiat

635 1084 1352 1193 gravesqueimperii
1390 1106 1602 1157 curas
1639 1086 1712 1153 et
1752 1101 2013 1154 oneras
2061 1076 2383 1174 gerenda
2420 1082 2817 1173 pertractet
2854 1084 2929 1153 et
2970 1078 3315 1161 adminis-

637 1225 804 1307 tret,
830 1211 1256 1293 rationabile
1285 1209 1612 1308 profecto
1641 1212 1714 1281 et
1747 1226 2015 1300 equum
2049 1208 2157 1276 est
2182 1225 2348 1277 eum
2372 1225 2539 1277 cum
2570 1202 2727 1300 ipso
2760 1202 3203 1300 imperatore
3229 1228 3313 1280 ac

636 1346 695 1419 si
730 1343 988 1427 eadem
1017 1359 1331 1437 persona
1359 1339 1552 1409 esset
1587 1329 1865 1405 eisdem
1898 1327 2123 1402 titulis
2170 1333 2242 1425 et
2271 1326 2670 1401 honoribus
2710 1327 3042 1403 decorari
3087 1356 3103 1401 ε
3140 1328 3311 1401 hinc

637 1491 890 1545 eorum
948 1472 1336 1559 utrumque
1387 1466 1461 1533 et
1511 1461 1851 1533 Cesarem
1901 1460 1973 1529 et
2021 1476 2315 1551 semper
2374 1457 2761 1549 augustum
2811 1452 3320 1527 communibus

639 1568 870 1669 titulis
897 1587 1246 1688 appellari
1277 1584 1629 1672 videmuS‚
1666 1588 1742 1655 ut
1784 1602 1953 1653 eum
1994 1577 2328 1652 eamdem
2359 1582 2433 1651 et
2470 1576 2929 1674 imperatoris
2961 1583 3032 1649 et
3062 1581 3323 1651 Roma-

638 1741 906 1794 norum
957 1713 1152 1811 regis
1200 1709 1672 1808 provinciam,
1722 1705 2063 1801 idemque
2112 1702 2479 1799 utriusque
2526 1726 2835 1799 regnum
2878 1722 3040 1775 esse
3089 1700 3321 1775 fatea-
3380 1730 3395 1735 -

641 1868 830 1933 mur,
869 1842 1038 1939 ipso
1059 1837 1355 1912 nomine
1380 1841 1659 1909 tantum
1687 1854 1814 1906 eos
1849 1828 2139 1903 differre
2174 1827 2580 1902 concedere
2614 1828 3036 1903 debeamus,

751 1998 786 2035 a
840 1971 1156 2040 Demum
1199 1961 1410 2036 sicuti
1460 1963 1710 2032 sancta
1757 1961 1992 2029 mater
2044 1952 2395 2047 Ecclesia,
2454 1977 2538 2028 ac
2588 1977 2876 2027 sacrum
2939 1975 3324 2027 romanum

647 2090 1065 2190 imperium,
1104 2087 1163 2160 si
1194 2086 1434 2183 aliquo
1468 2083 1661 2181 gravi
1694 2080 2021 2179 periculo
2055 2079 2472 2153 laborarent
2502 2101 2651 2154 non
2677 2078 2880 2152 senio
2914 2078 3317 2171 confectuS‚

651 2224 772 2292 ant
794 2216 1060 2291 viribus
1084 2215 1237 2311 jam
1268 2212 1571 2287 effectus
1587 2211 1741 2309 jam
1774 2209 2195 2305 imperator,
2235 2205 2365 2280 sed
2388 2205 2544 2303 ipse
2574 2227 2699 2279 rex
2730 2209 3221 2281 Romanorum
3252 2206 3319 2278 ei

650 2341 908 2415 viventi
947 2340 1292 2414 suffectus
1341 2337 1481 2411 illis
1531 2355 1949 2409 succurrere
1995 2338 2391 2419 teneretur,
2437 2330 2539 2404 ita
2580 2330 2835 2428 procul
2878 2330 3098 2405 dubio
3144 2352 3325 2404 con-

651 2475 1076 2541 sentaneum
1116 2474 1187 2539 et
1231 2463 1638 2560 legitimum
1685 2466 1825 2549 est,
1864 2464 1939 2532 et
1976 2458 2098 2554 qui
2132 2455 2419 2531 labores
2463 2448 2535 2529 et
2577 2456 2897 2553 pericula
2927 2457 3226 2554 prefert,
3261 2457 3323 2529 is

650 2592 968 2665 vicissim
1007 2590 1328 2665 honores
1369 2587 1793 2685 premiaque
1836 2583 2205 2680 suscipiat,
2248 2580 2533 2679 Περαία
2578 2580 2808 2672 duris,
2842 2583 2966 2679 qui
3002 2584 3217 2655 sentit
3238 2580 3327 2654 de

653 2717 918 2814 reguli-5
949 2716 1122 2789 libro
1168 2713 1298 2789 VI.
1330 2712 1506 2787 etL.
1527 2710 1915 2785 secundum
1944 2720 2281 2781 naturam
2303 2707 2395 2807 ff.
2432 2707 2671 2793 eodem
2704 2707 2927 2782 titulo.

665 2918 677 2929 ‚
756 2871 792 2909 «
838 2842 1102 2915 Contra
1149 2838 1347 2913 enim
1392 2860 1638 2912 rerum
1693 2842 2055 2925 naturam,
2115 2831 2385 2907 nedum
2420 2833 2802 2923 rationem,
2834 2833 2992 2909 fieri
3036 2835 3325 2909 videre-

654 2972 794 3057 tur,
839 2965 899 3038 si
945 2963 1098 3062 regi
1149 2968 1642 3039 Romanorum
1689 2984 1941 3059 graves
1988 2957 2275 3057 imperii
2323 2960 2611 3033 labores
2672 2966 2744 3033 et
2798 2960 3047 3034 anxias
3110 2982 3325 3034 curas

653 3090 1074 3185 demandari
1111 3096 1182 3163 et
1224 3088 1553 3187 ejusdem
1583 3086 1905 3163 honores
1941 3095 2015 3162 et
2046 3085 2291 3162 titulos
2324 3086 2390 3160 ei
2436 3084 2782 3181 denegari
2815 3083 3084 3159 debere
3122 3084 3326 3159 dixe-

653 3221 906 3293 rimuS.
3306 3294 3311 3297 ,

759 3374 793 3410 «
835 3345 990 3427 Quo
1022 3338 1104 3413 fit
1129 3346 1208 3412 ut
1239 3340 1654 3414 necessario
1697 3337 2245 3428 concludamuS,
2276 3338 2519 3434 ipsum
2552 3340 3043 3411 Romanorum
3076 3360 3324 3433 regem

654 3467 1000 3543 canonice
1043 3465 1383 3553 electum,
1417 3468 1490 3541 et
1528 3486 1572 3537 a
1608 3468 1863 3537 sancta
1900 3485 2202 3537 romana
2241 3461 2567 3536 Ecclesia
2609 3485 2741 3558 pro
2788 3485 2961 3559 rege
2999 3462 3325 3559 agnitum

655 3598 868 3689 atque
913 3597 1359 3688 susceptum,
1401 3587 1665 3663 ceteris
1707 3588 2045 3678 omnibus
2085 3586 2497 3661 christianis
2542 3586 2831 3684 regibus
2874 3587 3029 3660 sine
3071 3610 3328 3662 eorum

655 3718 917 3816 injuria
947 3716 1244 3790 omnino
1283 3711 1827 3811 preferendum.
1870 3744 1905 3779 υ

670 3916 677 3929 ,
755 3841 982 3916 Hodie
1015 3840 1188 3914 dum
1229 3839 1455 3913 missa
1486 3840 1560 3911 in
1595 3839 1895 3915 basilica
1936 3842 2167 3915 sancti
2211 3838 2404 3911 Petri
2440 3838 2957 3928 celebraretur,
2986 3839 3329 3914 vexillum

656 3966 803 4041 sive
831 3963 1299 4041 standardum
1328 3963 1400 4037 in
1437 3964 1812 4058 superiore
1839 3974 2043 4061 parte
2075 3966 2291 4041 turris
2324 3964 2543 4040 castri
2577 3965 2808 4038 sancti
2838 3964 3093 4061 Angeli
3126 3965 3328 4061 posi-

657 4096 809 4162 tum
838 4090 1040 4187 juxta
1073 4088 1382 4185 figuram
1431 4087 1669 4184 angeli
1702 4086 2046 4163 deorsum
2076 4113 2357 4165 versam
2391 4114 2522 4189 per
2560 4112 2849 4164 murum
2884 4087 3325 4184 pendentem

654 4212 1079 4307 permansit,
1110 4211 1307 4308 quod
1344 4211 1433 4285 ab
1480 4214 1843 4303 omnibuS,
1880 4212 2223 4309 pontifice
2253 4213 2329 4285 in
2356 4212 2518 4289 loco
2550 4214 2838 4313 publice
2874 4213 3330 4288 benedictio·—

657 4335 770 4410 nis
798 4335 1068 4432 populo
1103 4336 1606 4429 benedicente,
1642 4338 1877 4411 visum
1910 4346 2045 4429 est.

757 4459 928 4535 Heri
963 4482 1127 4535 sero
1166 4463 1488 4557 vesperis
1527 4462 1768 4536 nullus
1801 4462 2309 4560 episcoporum
2355 4462 2829 4537 cardinalium
2868 4464 3221 4555 interfuit,
3258 4474 3333 4538 et

653 4585 794 4661 hoc
829 4610 1042 4662 mane
1079 4586 1302 4661 misse
1344 4610 1531 4661 unus
1568 4592 1877 4680 tantum,
1917 4586 2248 4661 videlicet
2290 4591 2539 4662 Rmus,
2581 4590 2668 4661 D.
2708 4588 3095 4663 cardinalis
3124 4589 3329 4664 Ulix-

655 4710 1026 4787 bonensis,

751 4834 961 4909 Feria
1007 4839 1244 4932 tertia,
1275 4844 1317 4913 2
1369 4840 1542 4914 dicti
1589 4840 1865 4915 mensis
1894 4838 2095 4931 maii,
2146 4842 2227 4913 R.
2265 4837 2338 4912 in
2370 4839 2653 4915 Christo
2690 4844 2770 4915 P.
2820 4846 2907 4915 D.
2952 4842 3323 4941 AloysiuS,

651 4959 1034 5059 episcopus
1094 4963 1568 5057 PisaurensiS,
1613 4963 2046 5056 constitutus
2104 4987 2366 5062 regens
2414 4967 2847 5041 cancellarie
2886 4966 3319 5065 apostolice,

648 5093 725 5161 ut
761 5086 922 5163 talis
965 5112 1007 5163 a
1047 5087 1577 5185 presidentibus
1626 5090 1714 5163 de
1762 5114 1983 5187 parco
2028 5090 2281 5187 majori
2327 5100 2662 5189 receptus
2714 5098 2825 5165 est
2868 5119 2882 5163 ε
2940 5092 3324 5189 signatura

651 5237 820 5289 vero
863 5211 1296 5311 simplicium
1337 5214 1932 5289 commissionum
1970 5222 2045 5291 et
2084 5215 2387 5291 aliarum
2426 5242 2557 5315 per
2588 5218 2837 5315 placet
2870 5217 3329 5314 signatarum
