3625 6059
320 569 464 633 [Mui
500 570 641 629 1498]
1006 566 1260 624 RERUM
1311 565 1763 625 URBANARUM
1812 569 2338 630 COMMENTARH.
2907 581 3016 638 469

329 724 569 798 homo
610 720 863 794 mundi
912 742 1207 818 prorsus
1236 720 1465 818 possit
1510 721 1811 795 inveniri
1855 723 1976 820 qui
2015 725 2362 802 audiverit
2403 753 2721 825 unquam
2761 732 2852 804 ab
2883 757 3008 808 ore

325 873 507 924 meo
547 855 697 922 tam
736 869 1083 943 arrogans
1117 845 1443 934 verbum,
1480 855 1557 922 ut
1588 846 1889 922 dixerim
1931 875 2042 922 me
2089 875 2233 925 esse
2266 855 2726 951 prophetam;
2757 882 3006 932 verum

324 997 370 1045 e
408 969 777 1045 contrario
808 968 1033 1042 multa
1063 969 1281 1042 etiam
1306 969 1533 1042 millia
1562 979 1898 1068 poterunt
1931 976 2176 1049 testari
2207 1001 2326 1051 me
2359 1003 2532 1075 sepe
2563 981 2828 1055 dixisse
2859 1007 3000 1056 non

321 1123 483 1170 esse
512 1122 621 1170 me
640 1096 1063 1192 prophetam
1089 1117 1353 1191 meque
1386 1095 1614 1168 filium
1640 1098 2020 1194 prophete.
2053 1103 2257 1187 Quod
2287 1104 2504 1178 etiam
2537 1105 2596 1178 si
2629 1105 2994 1196 dixissem,

324 1247 483 1296 non
525 1223 733 1294 video
779 1244 1001 1317 quare
1047 1243 1285 1294 essem
1331 1221 1765 1318 punienduS,
1812 1225 2008 1298 nulla
2055 1227 2262 1304 enim,
2292 1229 2482 1302 facta
2519 1239 2630 1303 est
2677 1240 2798 1306 aut
2842 1229 2997 1307 fieri

320 1356 578 1444 potest
606 1349 721 1422 lex
750 1370 892 1443 que
911 1346 1209 1421 damnet
1236 1348 1610 1420 hominem
1642 1372 2110 1446 quemquam,
2139 1355 2288 1448 qui,
2316 1355 2373 1427 si
2406 1355 2598 1430 dicat
2630 1381 2717 1429 ex
2746 1359 2996 1454 spiritu

324 1473 577 1546 divino
618 1473 859 1545 futura
902 1471 1315 1570 predicare,
1344 1470 1479 1544 nisi
1526 1473 1659 1544 sub
1704 1473 1845 1546 hoc
1880 1475 2232 1551 velamine
2275 1479 2622 1575 populum
2661 1481 2999 1558 sollicitet

320 1598 427 1670 ad
477 1598 749 1670 malum
793 1596 905 1670 vel
954 1597 1289 1685 hereseS,
1327 1603 1447 1670 aut
1496 1596 1693 1669 aliud
1742 1599 2110 1696 quidpiam
2156 1608 2406 1698 preter
2450 1604 2587 1679 hec
2633 1605 2887 1695 faciat,
2920 1614 2998 1681 ut

318 1723 671 1798 scribitur
701 1727 1095 1798 Deuteron.
1136 1721 1261 1795 ult.
1292 1746 1307 1810 ;
1342 1720 1535 1818 quod
1568 1722 1655 1796 de
1686 1746 1805 1797 me
1832 1725 2068 1798 nullus
2094 1733 2332 1822 potest
2361 1728 2631 1818 dicere,
2668 1737 2746 1805 ut
2773 1732 2997 1805 notis-

324 1853 603 1922 simum
637 1855 771 1938 est,
810 1848 983 1922 alias
1016 1848 1255 1922 nullus
1282 1871 1579 1944 surgere
1611 1856 1858 1946 posset
1886 1852 2242 1946 propheta
2276 1852 2348 1926 in
2371 1854 2690 1928 Ecclesia
2721 1856 2850 1931 Dei
2879 1883 2896 1948 ;
2924 1865 2998 1930 et

323 1977 391 2048 si
422 1975 567 2049 hoc
596 1975 865 2049 donum
898 1972 1278 2070 prophetie
1310 1972 1400 2044 de
1432 1972 1756 2046 Ecclesia
1787 1972 1918 2046 Dei
1945 1973 2360 2071 pelleretur,
2387 1978 2583 2073 quod
2615 1986 2722 2054 est
2745 1961 2998 2056 contra

328 2099 513 2174 illud
560 2101 785 2172 Amos
837 2100 1049 2173 tertio
1098 2098 1427 2194 superius
1474 2097 1864 2192 allegatum
1913 2126 1926 2170 :
1975 2124 2119 2171 non
2162 2102 2384 2199 faciet
2428 2103 2752 2177 dominus
2794 2105 2996 2178 Deus

323 2225 647 2313 verbum,
680 2235 839 2311 etc„
881 2229 953 2297 et
982 2221 1323 2295 Proverb.
1367 2245 1517 2310 xix,
1562 2245 1719 2292 cum
1755 2222 2102 2317 propheta
2141 2223 2500 2321 defecerit,
2547 2227 2998 2324 &minabitur

310 2350 655 2446 populus,
698 2349 907 2435 Quod
945 2347 1002 2420 si
1049 2346 1332 2420 dicatur
1371 2347 1672 2420 Denter.
1708 2371 1854 2420 xlv,
1898 2346 2240 2444 scriptum
2283 2355 2394 2422 est
2433 2350 2628 2444 quod
2655 2351 2996 2448 propheta

322 2473 459 2570 qui
480 2475 891 2569 arroqantia
931 2473 1357 2568 depracatus
1390 2473 1686 2544 voluerit
1710 2473 1904 2568 loqui
1932 2473 2006 2543 in
2040 2472 2324 2544 nomine
2357 2499 2507 2548 meo
2533 2501 2670 2572 que
2691 2501 2821 2572 eqo
2851 2501 2994 2550 non

316 2599 610 2692 precepi
636 2597 739 2670 illi
768 2611 847 2670 ut
872 2598 1153 2688 diceret,
1192 2609 1320 2670 aut
1350 2622 1439 2670 ex·
1470 2600 1755 2671 nomine
1792 2599 2095 2671 aliorum
2130 2598 2444 2688 deorum,
2483 2599 2942 2696 interficietur
2968 2627 2994 2673 .·

326 2723 528 2820 quod
560 2724 624 2796 si
664 2725 973 2797 evenerit
1006 2724 1200 2820 quod
1238 2725 1506 2796 locutus
1542 2737 1667 2814 est,
1710 2725 1934 2796 bonus
1961 2723 2306 2818 propheta
2341 2725 2535 2822 fuit,·
2577 2726 2686 2796 sin
2727 2739 2988 2816 autem,

322 2848 596 2948 salsus.
637 2848 845 2934 Quod
882 2872 1031 2922 non
1070 2856 1181 2923 est
1222 2848 1771 2944 intelligendum
1810 2849 1939 2937 sic,
1977 2847 2306 2922 videlicet
2341 2848 2478 2921 nisi
2517 2848 2757 2922 statim
2803 2851 2996 2945 quod

321 2971 638 3070 predixit
670 2974 977 3063 eveniat,
1013 2973 1522 3063 interficiatur-3
1560 2973 1876 3069 alioquin
1909 2974 2142 3048 fuerat
2174 2974 2714 3048 interficiendus
2746 2975 2994 3049 Esaias

327 3105 403 3172 et
431 3097 787 3172 Jeremias
828 3105 903 3172 et
944 3098 1064 3172 alii
1108 3097 1312 3171 multi
1354 3099 1731 3195 prophete,
1769 3097 1938 3194 quia
1965 3097 2232 3170 'multos
2263 3121 2492 3170 annos
2515 3099 2888 3188 vixerunt;
2925 3105 2994 3171 et

330 3221 563 3294 multa
591 3223 685 3295 ab
724 3221 831 3294 eis
871 3222 1160 3297 fuerunt
1190 3221 1517 3319 predicta
1559 3244 1697 3318 que
1731 3243 1864 3296 nec
1895 3221 1969 3294 in
1999 3245 2253 3294 eorum
2283 3223 2427 3295 vita
2457 3229 2891 3312 evenerunt3
2925 3229 2994 3297 et

329 3347 499 3420 ideo
533 3347 930 3444 intelligere
964 3353 1248 3444 oportet
1278 3347 1472 3443 quod
1504 3346 1563 3420 si
1595 3346 1850 3442 aliquis
1877 3345 2053 3420 dixit
2084 3370 2162 3420 se
2195 3371 2282 3420 ex
2315 3347 2564 3445 spiritu
2599 3347 2726 3422 Dei
2758 3349 2996 3422 futura

326 3473 739 3570 predicare,
776 3480 847 3548 et
896 3497 981 3547 ea
1030 3497 1169 3568 que
1215 3473 1522 3570 predicit
1573 3495 1719 3546 non
1774 3480 1941 3544 sunt
1988 3479 2240 3546 contra
2291 3472 2512 3546 fidem
2564 3497 2700 3547 nec
2744 3480 2997 3547 contra

329 3600 725 3673 canonicas
785 3600 1175 3695 scripturas
1236 3621 1373 3672 nec
1443 3603 1693 3670 contra
1754 3597 2111 3670 catholice
2178 3597 2498 3673 Ecclesie
2557 3597 2990 3689 doctrinam,

330 3723 827 3823 expectandus
860 3732 972 3798 est
1000 3724 1315 3798 maxime
1344 3723 1465 3796 ubi
1496 3723 1639 3796 vita
1677 3721 1868 3796 bona
1898 3745 2147 3796 comes
2177 3723 2308 3796 fuit
2337 3751 2352 3811 3
2389 3723 2556 3819 quia
2586 3729 2778 3799 Deus
2807 3725 2996 3798 mul-

334 3858 445 3925 tos
496 3873 741 3925 servos
787 3850 1007 3924 hahet
1056 3849 1410 3940 occultOS,
1456 3848 1616 3921 ideo
1666 3848 1763 3920 ait
1812 3847 2278 3944 apostolicus,
2321 3849 2745 3945 Proplcetz'as
2784 3852 2998 3925 nolite

326 4001 681 4072 spemzere.
715 3977 839 4050 Sin
870 3981 1114 4049 autem
1148 3980 1472 4070 tempore
1516 3997 1555 4045 a
1586 3971 1941 4068 propheta
1965 3971 2246 4070 prefixo
2275 3997 2419 4046 non
2455 3976 2824 4049 evenerint
2853 3999 2992 4071 que

330 4101 671 4197 predixit,
701 4109 873 4176 tunc
917 4101 1133 4175 debet
1173 4100 1435 4174 acriter
1464 4099 1693 4194 argui,
1730 4104 1801 4171 et
1843 4097 1948 4170 sic
1976 4097 2090 4170 lex
2124 4098 2283 4193 ipsa
2313 4097 2779 4195 intelligatur.
2813 4103 2992 4174 Cum

330 4249 511 4322 ergo
535 4227 690 4323 Jam
720 4227 947 4300 multa
980 4250 1119 4322 que
1151 4223 1593 4323 prediximus
1625 4221 2018 4312 evenerint,
2055 4221 2292 4295 adhuc
2323 4245 2468 4294 non
2500 4247 2660 4296 sum
2691 4247 2996 4322 arguen-

328 4351 469 4424 dus
502 4376 637 4426 nec
667 4352 1102 4448 punienduS‚
1130 4352 1302 4447 quia
1326 4350 1446 4423 illa
1476 4348 1715 4422 sutura
1738 4371 1886 4422 non
1917 4347 2581 4445 pronunciaverim3
2615 4349 2723 4422 sin
2749 4356 2992 4424 autem

330 4485 579 4552 cetera
621 4501 754 4551 suo
795 4484 1123 4576 tempore
1170 4500 1314 4550 non
1357 4473 1755 4561 evenerint,
1791 4473 2052 4545 merito
2092 4471 2503 4569 arguendus
2544 4496 2694 4546 ero.
2741 4477 2994 4548 Certus

334 4625 499 4675 sum
532 4610 777 4677 autem
808 4604 998 4699 quod
1029 4601 1388 4690 evenient,
1424 4622 1560 4672 nec
1606 4622 1695 4672 ex
1734 4598 1840 4671 eis
1884 4623 2068 4670 unus
2100 4621 2285 4694 apex
2319 4597 2716 4695 preteribit.
2753 4600 2990 4684 Certe,

330 4725 755 4800 beatissime
786 4734 1021 4824 pater,
1058 4725 1514 4799 notissimum
1547 4730 1657 4797 est
1686 4747 1834 4796 non
1869 4722 2100 4796 solum
2128 4722 2489 4797 Florentia
2521 4722 2651 4796 sed
2675 4721 2896 4796 etiam
2926 4722 3000 4794 in

334 4853 638 4928 diversis
686 4851 887 4924 Italie
925 4851 1279 4948 partibuS,
1314 4849 1509 4946 quod
1536 4849 1719 4922 meis
1758 4846 1991 4921 verbis
2028 4857 2278 4922 secuta
2316 4854 2426 4922 est
2454 4871 2589 4945 pax
2618 4849 2688 4922 in
2717 4847 3000 4923 civitate

334 4977 733 5064 Florentie,
774 4999 915 5072 que
947 4976 1005 5048 si
1036 4999 1185 5048 non
1214 4974 1469 5048 fuisset
1502 4977 1775 5060 secuta,
1811 4970 2014 5044 ltalia
2059 4971 2317 5047 fuisset
2354 4970 2761 5069 pertubata.
2799 4973 3007 5060 Quod

338 5103 395 5174 si
440 5100 679 5175 verbis
724 5099 1047 5174 adhibita
1084 5099 1337 5173 fuisset
1375 5098 1586 5188 fides,
1620 5097 1824 5170 Italia
1865 5081 2083 5171 hodie
2123 5121 2268 5172 non
2312 5098 2453 5174 hoc
2498 5098 2712 5172 modo
2752 5105 3003 5194 quate-

334 5236 585 5314 retur3
622 5247 793 5298 nam
837 5225 1023 5297 illius
1054 5222 1443 5322 previdens
1475 5221 1930 5314 afflictioneS,
1966 5221 2136 5296 licet
2172 5245 2215 5294 a
2252 5221 2494 5295 multis
2527 5245 2815 5320 semper
2844 5223 3004 5296 fue-
