3625 6059
737 583 844 638 580
1648 573 2001 630 JOHANNIS
2050 571 2494 640 suncufflm,
2920 575 3261 636 [Decembre
3298 578 3449 637 1⁴⁹⁹:
3542 572 3544 664 l

729 733 910 832 ipsis
965 729 1300 805 fidelibus
1357 751 1524 801 cum
1571 727 1814 801 debita
1866 735 1941 800 et
1990 725 2333 823 singulari
2386 725 2767 802 devotione
2826 727 3297 824 frequentari
3354 752 3443 802 ac

733 856 986 933 fideles
1037 856 1232 954 ipsos
1279 851 1372 927 ad
1409 852 1678 926 dictam
1727 851 1994 926 Urbem
2036 875 2169 950 pro
2214 852 2623 925 reverentia
2672 852 3055 926 beatorum
3107 855 3319 928 Petri
3366 864 3442 928 et

733 982 931 1058 Pauli
977 979 1471 1076 apostolorum
1519 978 1927 1076 principum
1970 977 2091 1075 qui
2142 1000 2305 1052 eam
2354 978 2701 1076 martyrio
2745 1001 2879 1052 suo
2924 1001 3437 1055 consecrave-
3544 979 3546 1002 '

737 1115 937 1196 runt,
993 1114 1066 1180 et
1121 1105 1195 1178 in
1250 1126 1562 1200 quorum
1619 1103 1971 1192 basiliciS,
2033 1103 2169 1177 sub
2224 1103 2505 1177 illarum
2558 1103 2956 1201 majoribus
3012 1104 3431 1185 altaribus,

734 1233 1022 1308 illorum
1069 1229 1387 1328 gloriosa
1429 1251 1736 1325 corpora
1777 1233 1849 1303 et
1890 1229 1968 1301 in
2010 1228 2213 1302 altari
2256 1228 2563 1303 ecclesie
2616 1229 3123 1303 Lateranensis
3172 1231 3437 1327 capita

734 1359 1108 1435 recondita
1138 1361 1514 1430 servantur
1551 1378 1635 1428 ac
1676 1353 2143 1452 indulgentiis
2185 1353 2354 1428 dicti
2390 1354 2647 1452 jubilei
2691 1354 3237 1451 consequendis
3286 1379 3435 1427 un-

733 1486 950 1583 dique
992 1479 1472 1581 personaliter
1517 1477 1868 1554 accedere
1920 1503 1936 1552 :
1986 1482 2131 1554 Nos
2178 1480 2299 1576 qui
2346 1478 2680 1576 ejusdcm
2726 1478 2803 1550 b.
2854 1479 3045 1553 Petri
3094 1479 3428 1552 meritis.

735 1611 906 1685 licet
953 1607 1376 1706 imparibuS,
1431 1627 1896 1678 successores
1942 1628 2193 1678 sumus
2238 1612 2310 1678 et
2356 1627 2489 1702 per
2532 1604 2708 1678 alias
2755 1603 3073 1677 diversas
3120 1611 3431 1678 nostras

635 1711 644 1722 Ι
737 1735 1236 1836 plenissimam
1268 1731 1437 1806 dicti
1468 1728 1638 1803 anni
1657 1728 1909 1825 jubilei
1954 1729 2479 1826 indulgentiam
2518 1728 2937 1826 litterasque
2978 1729 3429 1802 eorumdem

739 1861 1342 1960 predecessorum
1390 1861 1806 1930 nostrorum
1858 1855 2172 1953 desuper
2216 1861 2590 1930 emanatas
2638 1856 2729 1929 de
2772 1855 3073 1930 fratrum
3120 1865 3429 1930 nostro-

741 2009 900 2061 rum
945 1983 1245 2058 consilio
1291 1982 1845 2080 approbavimus
1884 1989 1957 2056 et
1994 1982 2485 2056 innovavimus
2510 1981 2623 2079 [ne
2668 1982 3043 2078 contingat
3086 1983 3420 2081 aliquem

742 2112 1073 2208 ignorare
1114 2132 1244 2184 seu
1283 2107 1612 2182 dubitare
1656 2130 1802 2205 quo
1844 2115 2171 2204 tempore
2212 2131 2443 2182 annus
2491 2107 2629 2182 iste
2662 2107 2918 2204 jubilei
2956 2109 3295 2207 incipiat.
3348 2119 3419 2184 et

743 2237 883 2334 que
928 2259 1014 2310 ac
1057 2240 1232 2334 quot
1269 2230 1604 2325 ecclesie,
1655 2255 1787 2330 pro
1838 2232 2029 2307 dicta
2072 2231 2587 2330 consequenda
2633 2232 3081 2330 indulgentia
3128 2235 3415 2332 plenis-

741 2362 946 2453 sima,
983 2385 1068 2436 ac
1097 2367 1275 2458 quot
1303 2358 1556 2434 diebus
1586 2357 1704 2433 ille
1742 2358 2011 2433 visitari
2054 2358 2395 2450 debeant,
2429 2383 2563 2457 per
2598 2366 2846 2434 nostre
2882 2357 3407 2434 declarationis

742 2485 1114 2560 oraculum
1167 2484 1407 2559 debite
1451 2484 1825 2582 providere
1868 2485 2218 2577 volentes,
2267 2487 2693 2560 auctoritate
2742 2483 3141 2581 apostolica
3190 2491 3269 2557 et
3318 2508 3405 2558 ex

743 2617 939 2686 certa
984 2609 1312 2698 scientia,
1356 2617 1610 2685 tenore
1653 2611 2133 2708 presentium,
2187 2609 2523 2684 omnibus
2562 2617 2633 2686 et
2676 2605 2975 2709 singulis
3020 2613 3407 2709 utriusque

743 2759 958 2810 sexus
1005 2734 1268 2810 Christi
1324 2735 1656 2812 fidelibus
1702 2759 1837 2833 per
1888 2736 2300 2811 universum
2350 2738 2601 2811 orbem
2652 2739 3065 2813 constitutis
3116 2762 3407 2814 annun-

741 2860 1018 2936 ciamus
1069 2867 1143 2935 et
1195 2860 1644 2936 declaramus
1695 2861 1937 2959 ipsum
1989 2885 2257 2936 annum
2303 2862 2559 2960 jubilei
2612 2862 2685 2935 in
2736 2863 2979 2960 vigilia
3023 2870 3097 2938 et
3150 2864 3401 2962 primis

739 2989 1058 3086 vesperis
1105 2986 1500 3062 Nativitatis
1549 2991 1634 3062 D.
1691 2991 1776 3062 N.
1829 2992 1894 3061 J.
1950 2991 2025 3062 C.
2075 2987 2402 3085 proxime
2445 2990 2763 3063 venturis
2810 2988 3202 3083 inchoare3
3256 3015 3399 3088 quo

735 3120 1064 3210 tempore
1114 3117 1396 3210 portam
1448 3111 1634 3185 dicte
1687 3111 1984 3187 basilice
2038 3112 2111 3187 b.
2170 3113 2363 3187 Petri
2416 3115 2815 3189 centesimo
2864 3138 3159 3213 quoque
3206 3138 3399 3191 anno

727 3236 982 3336 jubilei
1011 3262 1143 3336 pro
1184 3239 1460 3338 majore
1507 3238 1831 3313 fidelium
1877 3239 2253 3315 dovotione
2288 3239 2549 3338 aperiri
2591 3240 2902 3331 solitam,
2944 3240 3397 3314 adstantibus

730 3365 1246 3441 venerabilium
1283 3366 1585 3440 fratrum
1624 3371 2039 3440 nostrorum
2072 3373 2319 3442 sancte
2354 3370 2677 3441 Romane
2712 3365 3021 3441 ecclesie
3062 3366 3397 3439 cardina-

728 3491 906 3564 lium
953 3489 1262 3584 collegio
1307 3511 1391 3562 ac
1439 3490 1755 3563 maxima
1795 3489 2239 3587 prelatorum
2282 3491 2455 3566 cleri
2497 3499 2571 3566 et
2608 3491 2852 3590 populi
2896 3491 3389 3571 multitudine.

729 3613 1038 3714 propriis
1090 3613 1424 3687 manibus
1467 3614 1905 3711 aperiemuS,
1954 3616 2447 3713 faciemusque
2504 3617 2783 3714 aperire
2828 3617 3005 3690 alias
3059 3617 3397 3691 basilicas

735 3765 794 3814 a.
840 3738 1041 3815 Pauli
1074 3763 1158 3814 ac
1197 3740 1700 3814 Lateranensis
1741 3747 1817 3815 et
1854 3741 1924 3814 b.
1961 3741 2183 3815 Marie
2227 3742 2521 3840 majoris
2560 3742 2651 3816 de
2694 3742 2885 3817 dicta
2924 3742 3121 3817 Urbe
3160 3743 3395 3816 eccle-

735 3866 1004 3941 siarum
1049 3874 1322 3964 portaS,
1377 3867 1596 3942 etiam
1638 3865 1728 3941 de
1775 3887 1981 3939 more
2024 3887 2215 3938 anno
2255 3865 2510 3962 jubilei
2560 3866 2822 3964 aperiri
2862 3871 3277 3954 consuetas,
3324 3874 3393 3940 et

730 4018 861 4092 pro
900 3992 1410 4090 consequenda
1461 3993 1618 4089 ipsa
1654 3990 2075 4088 plenissima
2114 3990 2563 4088 indulgentia
2605 3992 3065 4066 basilicarum
3104 4013 3395 4067 eorum-

731 4118 898 4195 dem
937 4118 1432 4216 apostolorum
1478 4115 1664 4191 Petri
1703 4123 1776 4191 et
1818 4115 2043 4209 Pauli,
2090 4138 2173 4190 ac
2216 4117 2717 4192 Lateranensis
2762 4125 2832 4190 et
2862 4117 2937 4189 b.
2982 4117 3211 4192 Mario
3240 4141 3393 4191 ma-

717 4245 902 4342 joris
933 4244 1278 4318 ecclesias
1310 4242 1740 4339 illarumque
1771 4243 2050 4339 majora
2087 4242 2339 4316 altaria
2367 4242 2585 4340 hujus
2626 4243 2820 4316 modi
2862 4265 2995 4340 per
3028 4247 3393 4318 Romanos

731 4375 804 4444 et
851 4369 927 4441 in
967 4368 1158 4441 dicta
1201 4369 1390 4444 Urbe
1439 4374 1979 4442 commorantes
2030 4374 2103 4441 et
2150 4368 2578 4458 residentes,
2628 4368 2947 4465 triginta,
3002 4392 3139 4466 per
3184 4393 3391 4466 pere·

731 4493 976 4592 grinos
1015 4516 1186 4569 vero
1229 4498 1302 4568 et
1345 4493 1696 4582 forenseS,
1748 4491 2159 4588 quindecim
2203 4491 2457 4567 diebus
2500 4493 2859 4568 continuis
2900 4517 3029 4568 seu
3072 4495 3393 4593 interpo-

725 4618 920 4710 latis,
969 4619 1194 4694 semel
1234 4619 1306 4690 in
1351 4618 1466 4692 die
1511 4617 1783 4690 visitari
1829 4617 2122 4707 debere,
2170 4641 2423 4692 omnes
2464 4625 2535 4692 et
2576 4621 2894 4716 singulas
2932 4620 3391 4718 plenissimas

728 4744 1208 4840 indulgentias
1228 4767 1361 4842 per
1383 4742 1714 4818 dominos
1746 4742 2306 4840 predecessores
2336 4743 2531 4818 dicto
2562 4769 2755 4818 anno
2775 4745 3036 4843 jubilei
3060 4747 3391 4820 basilicas

727 4876 801 4946 et
847 4869 1191 4944 ecclesias
1242 4868 1602 4966 predictas
1649 4867 2095 4943 visitantibus
2146 4891 2559 4961 concessas,
2616 4872 2705 4946 de
2754 4893 2942 4945 novo
2990 4894 3127 4968 pro
3178 4895 3389 4946 cons-

730 4995 1161 5070 cientiarum
1205 4993 1630 5068 eorumdem
1673 4993 1997 5068 fidelium
2038 4995 2299 5093 majori
2340 4994 2748 5076 securitate,
2794 5019 2878 5070 ac
2919 4997 3186 5094 potiori
3226 5021 3387 5071 cau-

737 5120 903 5210 tela,
941 5119 1380 5194 authoritate
1417 5127 1493 5192 et
1521 5119 1849 5209 scientia,
1890 5125 1961 5193 et
2001 5120 2333 5194 similiter
2358 5121 2865 5218 approbanteS,
2906 5121 3385 5196 concedentes

733 5251 804 5316 et
837 5243 1294 5330 innovantes,
1329 5243 1750 5340 adjicientes
1777 5267 2096 5341 quoque,
2130 5254 2207 5318 ut
2235 5246 2283 5317 ii
2316 5246 2437 5342 qui
2462 5269 2595 5342 pro
2626 5247 3143 5340 consequenda
3170 5246 3385 5318 indul-
