3625 6059
687 565 793 628 182
835 646 842 652 ·
1359 609 1374 624 .
1619 563 1975 621 JOHANNIS
2022 561 2469 630 eunomiam,
2978 561 3183 628 [suntet
3216 565 3359 628 xm]

690 740 886 791 mam
918 726 1248 816 quartam
1279 719 1538 792 horam
1573 716 1714 791 hec
1744 723 1909 790 acta
1938 725 2131 791 sunt.
2174 716 2483 804 Quidam
2516 716 2829 792 rusticus
2856 713 3227 812 magnifici
3259 719 3353 788 D.

568 883 578 890 -
695 843 996 917 Gentilis
1039 841 1278 918 Ursini
1333 839 1698 918 Vicovarii
1744 840 2003 915 obtulit
2048 845 2243 938 Pape
2296 843 2531 918 claves
2581 842 2803 918 etiam
2846 840 3005 916 sine
3059 839 3272 915 bacili
3326 869 3341 911 :

693 973 1066 1066 processio
1109 969 1402 1043 circiter
1453 973 1619 1042 octo
1673 967 1782 1041 vel
1835 967 2095 1042 decem
2136 969 2727 1066 presbyterorum
2771 966 3048 1064 recepit
3087 969 3363 1062 Papam

692 1097 883 1170 intra
944 1100 1230 1193 portam
1297 1092 1728 1190 predictam,
1801 1091 2145 1166 conduxit
2216 1091 2729 1166 baldachinum
2806 1113 3024 1188 supra
3092 1109 3361 1186 corpus

695 1220 986 1313 Christi,
1021 1227 1094 1294 et
1123 1218 1320 1292 aliud
1356 1241 1574 1314 supra
1605 1221 1901 1314 Papam,
1939 1219 2187 1292 rustici
2232 1217 2559 1292 ordinate
2597 1222 3063 1316 portaverunt
3106 1215 3363 1290 balda-

693 1345 994 1418 chinum
1024 1343 1219 1440 quod
1244 1342 1718 1441 parafrenarii
1753 1346 1945 1440 Pape
1976 1350 2233 1439 postea
2266 1353 2704 1440 rapuerunt:
2742 1340 3107 1416 intorticia
3154 1341 3366 1437 quin-

689 1470 1036 1568 quaginta
1083 1468 1228 1543 duo
1263 1473 1430 1543 ante
1471 1491 1736 1566 corpus
1775 1468 2037 1541 Christi
2079 1491 2209 1565 per
2253 1469 2433 1542 alios
2473 1468 2781 1541 rusticos
2818 1469 2999 1540 ‘sunt
3042 1469 3363 1561 portata,

693 1613 834 1692 que
867 1594 1146 1692 recepit
1194 1594 1504 1670 clericus
1546 1593 1901 1683 sacristie‚
1936 1617 2271 1667 asserens
2300 1593 2424 1668 illa
2456 1598 2623 1667 ante
2656 1597 3195 1668 sacramentum
3250 1589 3367 1664 die

699 1728 1062 1817 noctuque
1111 1719 1444 1794 comburi
1489 1727 1875 1818 oportere;
1926 1719 2056 1794 sed
2097 1743 2314 1792 unam
2349 1741 2441 1794 ex
2482 1719 2589 1792 eis
2635 1718 2709 1792 in
2762 1725 3071 1815 quatuor
3116 1723 3366 1813 partes

699 1845 960 1937 divisit,
987 1868 1295 1942 quarum
1321 1867 1542 1918 unam
1571 1845 1905 1919 accendit
1934 1851 2101 1919 ante
2134 1851 2667 1920 sacramentum
2700 1852 2799 1934 et,
2830 1867 2921 1918 ea
2950 1841 3363 1932 combusta,

699 1971 968 2044 mansit
997 1969 1152 2044 sine
1185 1969 1458 2043 lumine
1493 1978 2024 2045 sacramentum
2058 1993 2228 2044 cum
2254 1993 2519 2068 magno
2566 1969 2921 2046 dedecore
2952 1966 3369 2042 :osculatus

701 2096 923 2170 etiam
950 2103 1062 2170 est
1092 2117 1388 2170 crucem
1415 2094 1743 2193 pontifex
1779 2095 1971 2169 intra
2009 2104 2295 2194 portam
2334 2095 2739 2194 predictam
2780 2117 2821 2170 e
2860 2093 3197 2168 manibus
3234 2094 3369 2166 Se-

699 2220 948 2295 nensis
977 2249 994 2311 ;
1029 2221 1104 2294 in
1135 2216 1448 2294 ecclesia
1473 2220 1800 2319 predicta
1837 2221 2061 2295 oravit
2100 2224 2297 2319 Papa
2332 2227 2500 2296 ante
2538 2220 2764 2295 altare
2796 2219 3261 2317 genuflexus»,
3298 2224 3369 2293 et

699 2346 1110 2444 prepositus
1167 2346 1357 2420 illius
1405 2345 1713 2421 ecclesie
1766 2345 1947 2420 dixit
1992 2370 2215 2444 super
2266 2369 2431 2421 eum
2478 2345 2917 2421 versiculum
2963 2349 3245 2420 tantum
3298 2352 3367 2418 et

701 2472 1134 2564 orationem,
1176 2475 1367 2568 Papa
1405 2473 1512 2545 sic
1554 2471 1877 2560 volente3
1912 2494 2055 2568 qua
2098 2471 2330 2562 finita,
2382 2472 2695 2547 surrexit
2734 2477 2807 2546 et
2851 2469 3050 2545 dedit
3090 2468 3365 2567 populo

699 2596 1321 2686 benedictionem,
1379 2596 1632 2670 dicens
1684 2621 1702 2670 z
1747 2596 1865 2670 Sit
1912 2621 2172 2670 nomen
2228 2597 2532 2672 Domini
2592 2595 3053 2684 benedictum,
3110 2605 3244 2668 etc.
3298 2601 3369 2668 et

700 2720 1192 2818 indulgentias
1245 2727 1524 2820 septem
1583 2744 1941 2795 annorum
1994 2728 2069 2798 et
2124 2721 2428 2798 totidem
2466 2720 3123 2819 quadragenarum,
3184 2741 3366 2816 quas

696 2844 1206 2942 pronunciavit
1229 2846 1614 2922 cardinalis
1642 2871 1706 2920 s.
1746 2846 2063 2944 Georgii.
2092 2846 2268 2924 Inde
2296 2853 2621 2946 portatus
2654 2851 2765 2920 est
2795 2848 2987 2942 Papa
3020 2845 3095 2917 in
3126 2847 3365 2943 prima

699 2967 874 3043 sede
917 2992 1047 3043 sua
1091 2969 1184 3044 ad
1224 2976 1543 3044 castrum
1583 2969 1888 3067 predicti
1928 2970 2173 3068 oppidi
2202 2969 2275 3044 in
2306 2992 2449 3067 quo
2486 2968 2895 3068 hospitatus
2926 2975 3038 3044 est
3072 2995 3089 3045 :
3126 2969 3365 3045 cardi-

700 3091 928 3180 naleS,
963 3092 1220 3188 prelati
1251 3098 1323 3167 et
1349 3091 1471 3166 alii
1500 3092 1812 3168 curiales
1842 3100 1915 3170 et
1942 3119 2077 3169 nos
2105 3095 2452 3194 hospitati
2485 3119 2735 3170 sumus
2764 3093 2839 3168 in
2864 3095 3201 3172 domibus
3232 3121 3368 3194 per

700 3217 884 3291 duos
925 3217 1312 3291 scutiferos
1353 3221 1545 3315 Pape
1591 3219 1686 3292 ad
1729 3219 2002 3296 dictum
2057 3225 2373 3296 castrum
2420 3224 2842 3320 premissos,
2877 3222 3048 3297 hinc
3090 3227 3166 3296 et
3194 3220 3365 3295 inde

699 3339 909 3415 nobis
940 3341 1322 3438 assignatis
1353 3369 1368 3413 :
1405 3365 1762 3439 expensas
1793 3345 2129 3420 omnibus
2167 3351 2314 3420 tam
2347 3351 2539 3446 Pape
2578 3372 2797 3446 quam
2840 3347 3359 3437 cardinalibuS,

699 3465 994 3564 prelatis
1044 3471 1118 3538 et
1164 3465 1322 3540 aliis
1367 3467 1758 3540 curialibus
1803 3467 1975 3543 fecit
2020 3470 2451 3568 magnificus
2493 3476 2582 3546 D.
2636 3471 2943 3548 Gentilis
2988 3472 3363 3570 Virginius

702 3591 1032 3682 U'rsinUS,
1069 3590 1404 3667 similiter
1445 3615 1530 3666 ac
1569 3594 1995 3690 equitaturis
2036 3597 2329 3671 nostris.
2369 3601 2589 3672 Erant
2629 3598 2824 3672 enim
2857 3597 3141 3672 diversa
3168 3597 3358 3688 loca,

699 3716 770 3788 in
813 3714 1006 3789 dicto
1041 3722 1281 3791 castro
1317 3717 1675 3807 ordinata,
1719 3719 1794 3792 in
1836 3742 2147 3816 quorum
2196 3744 2340 3797 uno
2384 3723 2656 3812 vinum,
2696 3723 2769 3796 in
2808 3722 2950 3798 alio
2998 3745 3257 3821 panes,
3296 3723 3363 3796 in

700 3839 840 3914 alio
879 3863 1162 3932 carnes,
1197 3839 1268 3914 in
1311 3841 1452 3917 alio
1493 3842 1817 3935 bladum,
1853 3843 1925 3918 in
1970 3845 2111 3920 alio
2160 3846 2405 3920 fenum
2443 3854 2519 3923 et
2558 3847 2771 3946 palea
2814 3848 3175 3923 dabantur
3216 3849 3365 3922 sin-

699 3963 886 4061 gulis
963 3988 1093 4061 pro
1161 3989 1468 4041 numero
1529 3973 1603 4043 et
1681 3970 2029 4065 qualitate
2096 3994 2578 4069 personarum
2636 3981 2709 4049 et
2758 3973 3359 4070 equitaturarum.

701 4093 932 4166 Causa
960 4096 1204 4164 autem
1233 4091 1582 4166 adventus
1615 4096 1806 4190 Pape
1838 4094 1932 4169 ad
1960 4096 2421 4172 Vicovarium
2454 4099 2586 4173 suit
2624 4098 2819 4195 quod
2856 4098 3051 4172 idem
3080 4098 3365 4172 volebat

699 4239 844 4288 una
873 4238 1037 4288 cum
1069 4215 1537 4291 serenissimo
1568 4218 1941 4316 Alphonso
1975 4221 2297 4296 secundo
2334 4223 2423 4298 de
2454 4224 2843 4322 Aragonia‚
2880 4245 3053 4320 rege
3080 4226 3366 4321 Neapo-

696 4338 949 4428 litano,
986 4345 1058 4414 et
1088 4339 1258 4415 illuc
1292 4349 1591 4418 venturo
1622 4344 1897 4420 ibidem
1928 4352 2239 4422 tractare
2272 4348 2362 4425 de
2393 4351 2627 4424 modis
2658 4359 2733 4426 et
2760 4348 2890 4423 viis
2925 4348 3365 4424 defendendi

701 4479 1008 4562 regnum
1062 4467 1616 4564 Neapolitanum
1679 4479 1937 4547 contra
1992 4495 2243 4570 regem
2312 4476 2643 4566 Francia,
2700 4481 2776 4550 et
2838 4475 2982 4550 alia
3040 4475 3243 4551 circa
3294 4481 3363 4548 et

705 4596 1114 4687 opportuna
1145 4597 1272 4696 (1).

800 4716 1010 4790 Feria
1038 4719 1382 4811 secunda,
1427 4725 1512 4794 14
1529 4721 1716 4818 julii,
1747 4723 2169 4798 nunciatum
2190 4725 2323 4799 fuit
2344 4725 2891 4800 serenissimum
2914 4724 3363 4822 Alphonsum

703 4841 1099 4914 secundum
1152 4842 1242 4916 de
1289 4847 1654 4943 Aragonia
1701 4847 1940 4926 Sicilie
1988 4874 2241 4950 regem
2281 4874 2529 4925 versus
2577 4850 3037 4927 Vicovarium
3090 4853 3363 4927 venire.

697 4964 1202 5042 Ascenderunt
1233 4970 1673 5066 equitaturas
1705 4975 1956 5049 RRmi.
1993 4980 2146 5051 DD.
2183 4976 2697 5074 Neapolitanus
2742 4983 2815 5050 et
2860 4977 3367 5054 Ulixbonensis

763 5147 998 5294 ¹}-V0Y'
1042 5149 1426 5222 Cruicciardini,
1469 5173 1558 5214 an.
1595 5160 1750 5229 1494,
1785 5160 1877 5234 qui
1922 5179 2128 5234 exposa
2172 5178 2241 5218 au
2285 5161 2419 5234 long
2454 5179 2517 5218 ce
2562 5161 2655 5234 qui
2698 5162 2782 5219 fut
2821 5161 3005 5219 resolu
3042 5163 3188 5221 dans
3226 5169 3364 5220 cette

694 5253 798 5295 con
819 5255 1034 5302 erence.
