3625 6059
705 580 813 636 200
1624 571 1972 631 JOHANNIS
2025 570 2464 641 BURCHARDI,
2886 569 3186 633 [Decembre
3211 573 3330 637 ¹⁸⁹4]

709 732 1136 828 procurator
1178 725 1452 801 ordinis
1494 725 1856 800 Minorum
1895 753 1910 800 ι
1947 725 2192 801 omnia
2231 726 2372 801 alia
2413 746 2618 799 more
2659 722 2870 799 solito
2915 731 3080 801 sunt
3121 724 3332 801 obser-

704 861 887 929 vata.

805 982 1012 1056 Feria
1064 979 1299 1066 tertia,
1350 984 1392 1051 9
1442 976 1611 1052 dicti
1661 977 1930 1053 mensis
1983 977 2417 1068 decembris,
2469 984 2820 1053 venerunt
2869 978 2960 1052 ad
3011 976 3328 1074 palatium

703 1107 1179 1206 apostolicum
1235 1104 1613 1193 Ascanius,
1672 1130 1731 1178 s,
1793 1104 2136 1196 Severini,
2185 1105 2276 1177 de
2343 1106 2647 1194 Lunate,
2701 1102 3104 1178 cardinales
3147 1126 3330 1201 pres-

701 1233 960 1332 hyteri,
1001 1231 1382 1328 episcopus
1414 1220 1945 1318 Cesenatensi'S,
1985 1230 2271 1304 auditor
2299 1250 2614 1319 camere,
2661 1232 2972 1327 Prosper
3011 1228 3332 1303 Columna

706 1364 778 1433 et
818 1358 1294 1457 Hieronymus
1348 1356 1759 1443 Tuttavilla;
1808 1362 1881 1430 et
1933 1355 2192 1431 eodem
2237 1380 2430 1448 sere,
2477 1380 2732 1434 omnes
2777 1357 3050 1431 detenti
3100 1356 3336 1434 ibidem

710 1490 1135 1559 manserunt
1163 1480 1287 1573 (1).
1663 1572 1669 1581 ι

802 1614 878 1685 ln
909 1631 1123 1684 mane
1150 1608 1506 1707 sequenti,
1543 1607 1906 1683 relaxatus
1937 1606 2068 1681 fuit
2119 1606 2503 1705 episcopus
2529 1607 3041 1683 Cesenatensis
3088 1605 3342 1681 auditor

707 1757 1035 1825 camere3
1083 1734 1345 1809 deinde
1399 1732 1533 1808 fuit
1581 1732 2093 1808 consistorium
2137 1739 2500 1809 secretum
2551 1733 2664 1807 cui
2723 1734 2944 1808 etiam
2999 1731 3167 1807 dicti
3216 1738 3340 1805 tres

710 1860 1113 1936 cardinales
1138 1858 1644 1949 interfuerunt,
1680 1865 1779 1949 et,
1817 1881 1904 1933 eo
1949 1857 2180 1950 finito,
2215 1858 2604 1934 cardinalis
2639 1860 3000 1933 Ascanius
3045 1866 3206 1934 ets.
3237 1860 3346 1933 Se·

710 1986 933 2063 verini
976 1986 1179 2061 missi
1218 1984 1509 2060 fuerunt
1548 1986 1641 2060 ad
1680 2006 2010 2060 cameras
2047 1986 2463 2083 superiores
2493 1984 2665 2060 dicti
2695 1984 2940 2084 palatii
2989 2006 3204 2084 supra
3227 1986 3342 2059 Pa-

708 2137 905 2212 pam,
944 2112 1213 2187 ibidem
1242 2111 1507 2187 reclusi
1532 2118 1603 2188 et
1626 2110 1965 2187 custoditi
1990 2109 2109 2211 (2).
2141 2115 2450 2211 Prosper
2471 2116 2542 2186 et
2569 2110 3058 2211 Hieronymus
3089 2110 3346 2186 fuerunt

710 2238 911 2312 missi
956 2260 1086 2335 per
1126 2261 1414 2312 murum
1455 2236 1600 2311 sive
1642 2237 2300 2312 deambulatorium
2340 2237 2432 2312 ad
2483 2236 2801 2312 castruni
2847 2235 3084 2312 sancti
3121 2234 3346 2332 Angeli

710 2372 781 2439 et
825 2364 1094 2441 ibidem
1124 2364 1429 2457 detenti,
1467 2363 1856 2438 cardinalis
1887 2386 2057 2438 vero
2100 2363 2188 2438 de
2225 2368 2502 2439 Lunate
2539 2363 2804 2437 missus
2843 2362 2938 2437 ad
2978 2362 3242 2440 Ostiam
3273 2358 3348 2435 ad

712 2490 1171 2568 tractandum
1202 2490 1471 2564 ibidem
1502 2488 1817 2585 quedam
1849 2490 2328 2564 occurrentia.

813 2616 1087 2689 Eodem
1127 2614 1244 2688 die
1276 2613 1466 2686 venit
1504 2612 1595 2687 ad
1636 2614 1905 2688 Urbem
1947 2614 2475 2690 illustrissimus
2515 2615 3020 2691 Ferdinandus
3066 2615 3154 2691 de
3197 2616 3352 2689 Ara-

719 2740 961 2837 gonia,
1012 2738 1153 2812 dux
1193 2738 1545 2829 calabrie,
1595 2739 1746 2835 qui,
1792 2739 1985 2813 facto
2029 2740 2335 2835 prandio
2382 2740 2453 2816 in
2499 2740 2708 2815 vinea
2747 2740 2962 2815 lllmi.
3011 2745 3100 2817 D.
3145 2737 3352 2815 cardi-

714 2866 897 2939 nalis
929 2864 1019 2939 de
1053 2863 1327 2938 Ursinis
1358 2887 1584 2963 prope
1617 2863 2003 2939 ecclesiam
2049 2871 2294 2940 sancte
2325 2864 2694 2957 Severine,
2733 2865 2927 2938 circa
2953 2864 3352 2964 vigesimam

716 2991 1027 3090 primam
1056 2990 1315 3065 horam
1344 2989 1836 3065 mediusinter
1855 2994 2162 3065 RRmos.
2199 2992 2348 3065 DD.
2383 3016 2442 3065 S.
2471 2990 2850 3067 Anastasia
2883 2996 2957 3066 et
2985 2990 3083 3067 de
3113 2986 3354 3066 Ursinis

717 3117 1116 3192 cardinales
1139 3116 1472 3214 equitans
1485 3115 1888 3190 associatus
1910 3140 1952 3190 a
1971 3116 2235 3191 comite
2258 3115 2597 3208 Pitiliani,
2617 3118 3002 3216 capitaneo
3021 3116 3346 3203 Ecclesie‚

715 3248 803 3318 D.
838 3248 873 3316 J
884 3243 1025 3316 ulio
1058 3242 1145 3316 de
1182 3242 1461 3321 Ursinis
1492 3248 1565 3317 et
1595 3264 1858 3339 magna
1887 3240 2027 3317 alia
2054 3243 2364 3318 honesta
2393 3242 2753 3337 comitiva,
2781 3242 2980 3319 venit
3007 3244 3103 3319 ad
3133 3244 3252 3317 SS.
3278 3244 3348 3313 D.

714 3374 1043 3441 nostrum
1080 3392 1094 3441 :
1134 3390 1277 3463 non
1326 3368 1459 3443 fuit
1504 3392 1547 3441 a
1579 3366 1867 3442 familiis
1909 3368 2383 3443 cardinalium
2420 3369 2533 3444 vel
2563 3368 2747 3459 aliis,
2783 3375 2864 3443 ut
2903 3367 3352 3467 permittitur,

717 3493 1141 3569 associatus.
1190 3493 1462 3568 Eodem
1505 3493 1650 3586 die,
1697 3515 1864 3568 cum
1905 3498 2230 3568 oratores
2275 3495 2468 3593 regis
2513 3494 2814 3571 Francie
2864 3494 2966 3587 (3)
3003 3494 3128 3593 qui
3165 3516 3210 3567 a
3243 3492 3348 3567 SS.

714 3624 800 3694 D.
831 3627 1080 3696 nostro
1111 3620 1225 3693 his
1266 3619 1518 3694 diebus
1542 3619 1811 3717 pluries
1839 3618 2206 3717 petierunt
2235 3626 2567 3718 patentes
2603 3622 2850 3698 literas
2887 3644 3022 3718 pro
3065 3642 3272 3719 passu
3294 3622 3356 3690 et

713 3744 1141 3824 victualibus
1180 3769 1434 3821 eorum
1484 3744 1675 3844 regis
1724 3745 1799 3818 in
1840 3745 2052 3822 terris
2093 3770 2152 3819 s.
2203 3770 2264 3820 r.
2313 3750 2393 3821 E.
2451 3745 3071 3836 administrandis,
3118 3747 3352 3821 iterum

718 3872 1094 3948 Sanctitati
1122 3895 1251 3947 sue
1280 3896 1413 3969 pro
1443 3870 1865 3968 hujusmodi
1896 3871 2420 3971 supplicassent
2446 3897 2461 3964 ;
2498 3872 2868 3972 respondit
2889 3871 2996 3949 eis
3023 3868 3354 3948 Sanctitas

716 4021 870 4090 sua,
898 3998 1087 4073 dicto
1111 3996 1541 4073 consistorio
1568 3996 1799 4089 finite,
1832 3997 2027 4094 quod
2046 3998 2244 4073 nullo
2271 3999 2490 4074 modo
2511 3998 2726 4075 vellet
2745 3998 2883 4099 ipsi
2907 3999 3060 4097 regi
3082 4015 3352 4096 passum

713 4132 783 4200 et
813 4123 1148 4200 victualia
1172 4122 1591 4224 hujusmodi
1624 4122 1825 4214 dare,
1862 4124 2056 4222 quod
2088 4132 2384 4222 possent
2421 4125 2659 4201 eidem
2689 4126 2844 4224 regi
2875 4125 2970 4200 ad
3004 4144 3254 4201 eorum
3279 4118 3352 4193 li-

714 4250 942 4327 bitum
975 4248 1385 4347 significare
1416 4248 1537 4349 (4).

786 4477 837 4533 1.
880 4500 909 4529 ιι
939 4475 1162 4533 Aucuns
1190 4474 1370 4532 dirent
1396 4491 1503 4547 que
1532 4491 1592 4530 ce
1620 4474 1702 4531 fut
1728 4475 1797 4531 de
1828 4474 1946 4531 leur
1973 4472 2208 4532 volonte.
2227 4495 2256 4525 »
2287 4472 2619 4543 Commines,
2643 4472 2870 4545 liv.V11,
2903 4473 2994 4533 ch.
3025 4489 3122 4543 111,
3153 4488 3208 4547 p.
3241 4468 3350 4528 461.

782 4568 835 4623 2.
878 4566 1115 4622 Informe
1134 4565 1201 4620 de
1227 4563 1587 4621 l'arrestation
1610 4562 1676 4619 de
1699 4580 1799 4621 son
1819 4564 1976 4635 frere,
1993 4562 2234 4620 Ludovic
2261 4570 2418 4620 entra
2437 4580 2505 4620 en
2525 4564 2712 4619 fureur
2733 4570 2922 4621 contre
2943 4561 2994 4620 le
3013 4562 3164 4637 Pape
3187 4568 3240 4619 et
3255 4572 3357 4633 par·

712 4654 810 4711 lait
836 4654 903 4710 de
926 4654 1189 4711 seconder
1213 4652 1262 4710 le
1290 4653 1371 4710 roi
1401 4652 1470 4711 de
1492 4654 1698 4711 France
1719 4662 1773 4712 et
1790 4654 1860 4711 de
1883 4660 2104 4711 tourner
2121 4652 2444 4728 l'empereur
2463 4651 2838 4727 d'Allemagne
2865 4659 3053 4711 contre
3071 4646 3354 4708 Alexandra

714 4748 859 4816 (roy.
884 4744 939 4799 la
966 4742 1121 4802 lettre
1151 4744 1219 4799 de
1250 4744 1679 4802 l'ambassadeur
1706 4743 1946 4803 venitien
1976 4749 2010 4803 a
2029 4744 2216 4813 Milan,
2235 4744 2378 4816 Reg.
2403 4750 2582 4800 secret
2605 4742 2680 4799 du
2699 4746 2902 4815 senat),
2925 4745 3208 4817 rapportee
3231 4738 3354 4795 dans

712 4831 1006 4902 Romanin,
1040 4834 1226 4889 Storia
1267 4834 1649 4890 dot-amentata
1686 4834 1747 4890 di
1780 4835 2026 4896 Venetia,
2060 4840 2102 4890 t.
2135 4833 2200 4903 V,
2223 4851 2276 4907 p.
2307 4834 2400 4889 56.
2433 4830 2710 4906 Quelques
2743 4833 2901 4907 jours
2930 4836 3110 4907 apreS,
3141 4826 3356 4887 Ascanio

713 4921 795 4978 fut
821 4920 924 4976 mis
954 4936 1021 4976 en
1049 4920 1259 4979 liberte.
1274 4922 1413 4996 Voy.
1440 4922 1488 4979 le
1518 4922 1640 4980 bref
1653 4923 1728 4979 du
1750 4922 1900 4997 Pape
1921 4939 1984 4978 en
2018 4921 2142 4979 date
2170 4923 2244 4979 du
2267 4924 2334 4980 10
2354 4922 2640 4979 decembre
2660 4921 2885 4979 adresse
2905 4940 2978 4979 au
2997 4921 3100 4977 duc
3117 4920 3186 4977 de
3205 4916 3354 4976 Milan

715 5010 987 5085 (Sanud0,
1018 5028 1074 5083 p.
1107 5011 1252 5082 150),
1277 5016 1332 5068 et
1354 5009 1406 5066 la
1434 5016 1665 5085 reponse
1677 5012 1744 5069 de
1763 5011 2006 5071 Ludovic
2021 5030 2092 5069 au
2111 5012 2402 5070 souverain
2431 5010 2646 5069 Pontit'e
2675 5012 2761 5083 (21
2793 5011 3123 5082 decembre).
3153 5026 3208 5083 p.
3243 5006 3352 5064 15¹.

780 5101 835 5157 3.
878 5098 1143 5156 C’etaient
1171 5097 1219 5155 le
1248 5098 1507 5172 seigneur
1534 5102 1601 5156 de
1630 5100 1683 5159 la
1710 5100 2055 5173 Tremouille,
2077 5101 2306 5159 messire
2334 5102 2469 5160 Jean
2486 5102 2554 5158 de
2571 5101 2820 5176 Gannay,
2843 5100 3076 5175 premier
3091 5095 3354 5175 president

712 5208 780 5247 au
811 5190 1121 5246 Partement
1146 5190 1216 5245 de
1242 5186 1419 5258 PariS,
1450 5195 1506 5245 et
1532 5188 1583 5245 le
1612 5190 1836 5263 general
1867 5191 1963 5249 des
1993 5191 2236 5249 ssnances
2267 5192 2489 5252 Bidaut.

786 5280 834 5335 4.
882 5300 910 5329 «
951 5276 1025 5334 Ce
1065 5276 1159 5352 qui
1198 5284 1329 5351 peut
1365 5276 1648 5352 expliquer
1685 5298 1758 5335 un
1800 5280 1872 5337 tel
1911 5282 2276 5355 changement
2309 5290 2365 5341 et
2402 5282 2482 5339 les
2519 5298 2768 5339 mesures
2803 5280 3068 5339 violentes
3103 5294 3210 5351 que
3251 5272 3356 5330 rien
