<?xml version="1.0" encoding="UTF-8"?>
<!DOCTYPE html PUBLIC "-//W3C//DTD XHTML 1.0 Transitional//EN"
    "http://www.w3.org/TR/xhtml1/DTD/xhtml1-transitional.dtd">
<html xmlns="http://www.w3.org/1999/xhtml" xml:lang="en" lang="en">
 <head>
  <title>
</title>
<meta http-equiv="Content-Type" content="text/html;charset=utf-8" />
  <meta name='ocr-system' content='tesseract 3.04.00' />
  <meta name='ocr-capabilities' content='ocr_page ocr_carea ocr_par ocr_line ocrx_word'/>
</head>
<body>
  <div class='ocr_page' id='page_1' title='image "./johannisburchar00unkngoog_0313.png"; bbox 0 0 3625 6059; ppageno 0'>
   <div class='ocr_carea' id='block_1_1' title="bbox 274 572 2926 651">
    <p class='ocr_par' dir='ltr' id='par_1_1' title="bbox 274 572 2926 651">
     <span class='ocr_line' id='line_1_1' title="bbox 274 572 2926 651; baseline 0.01 -26"><span class='ocrx_word' id='word_1_1' title='bbox 274 576 601 637; x_wconf 74' lang='lat' dir='ltr'><strong>[Aout1496]</strong></span> <span class='ocrx_word' id='word_1_2' title='bbox 926 572 1177 631; x_wconf 81' lang='lat' dir='ltr'>RERUM</span> <span class='ocrx_word' id='word_1_3' title='bbox 1218 572 1669 634; x_wconf 73' lang='lat' dir='ltr'><strong>URBANARUM</strong></span> <span class='ocrx_word' id='word_1_4' title='bbox 1721 578 2246 643; x_wconf 80' lang='lat' dir='ltr'><strong>COMMENTARII.</strong></span> <span class='ocrx_word' id='word_1_5' title='bbox 2823 596 2926 651; x_wconf 81' lang='lat'><strong>301</strong></span> 
     </span>
    </p>
   </div>
   <div class='ocr_carea' id='block_1_2' title="bbox 264 730 2925 5334">
    <p class='ocr_par' dir='ltr' id='par_1_2' title="bbox 264 730 2925 5334">
     <span class='ocr_line' id='line_1_2' title="bbox 272 730 2922 839; baseline 0.005 -32"><span class='ocrx_word' id='word_1_6' title='bbox 272 734 399 822; x_wconf 77' lang='lat' dir='ltr'><strong>tic,</strong></span> <span class='ocrx_word' id='word_1_7' title='bbox 433 730 775 828; x_wconf 82' lang='lat' dir='ltr'>equitavit</span> <span class='ocrx_word' id='word_1_8' title='bbox 814 754 949 827; x_wconf 89' lang='lat' dir='ltr'><strong>per</strong></span> <span class='ocrx_word' id='word_1_9' title='bbox 982 733 1282 806; x_wconf 90' lang='lat' dir='ltr'><strong>Imolam</strong></span> <span class='ocrx_word' id='word_1_10' title='bbox 1324 733 1413 805; x_wconf 91' lang='lat' dir='ltr'><strong>ad</strong></span> <span class='ocrx_word' id='word_1_11' title='bbox 1450 742 1769 807; x_wconf 86' lang='lat' dir='ltr'><strong>castrum</strong></span> <span class='ocrx_word' id='word_1_12' title='bbox 1821 758 1880 808; x_wconf 83' lang='lat' dir='ltr'><strong>s,</strong></span> <span class='ocrx_word' id='word_1_13' title='bbox 1919 738 2110 809; x_wconf 86' lang='lat' dir='ltr'><strong>Petri</strong></span> <span class='ocrx_word' id='word_1_14' title='bbox 2157 738 2279 811; x_wconf 90' lang='lat' dir='ltr'><strong>ubi</strong></span> <span class='ocrx_word' id='word_1_15' title='bbox 2318 738 2492 813; x_wconf 81' lang='lat' dir='ltr'><strong>fecit</strong></span> <span class='ocrx_word' id='word_1_16' title='bbox 2537 745 2922 839; x_wconf 87' lang='lat' dir='ltr'><strong>prandium</strong></span> 
     </span>
     <span class='ocr_line' id='line_1_3' title="bbox 276 855 2925 965; baseline 0.004 -35"><span class='ocrx_word' id='word_1_17' title='bbox 276 857 337 931; x_wconf 90' lang='lat' dir='ltr'><strong>in</strong></span> <span class='ocrx_word' id='word_1_18' title='bbox 364 856 593 953; x_wconf 91' lang='lat' dir='ltr'><strong>primo</strong></span> <span class='ocrx_word' id='word_1_19' title='bbox 632 855 947 953; x_wconf 86' lang='lat' dir='ltr'><strong>hospitio</strong></span> <span class='ocrx_word' id='word_1_20' title='bbox 978 866 1053 931; x_wconf 92' lang='lat' dir='ltr'><strong>et</strong></span> <span class='ocrx_word' id='word_1_21' title='bbox 1080 880 1213 931; x_wconf 92' lang='lat' dir='ltr'><strong>nos</strong></span> <span class='ocrx_word' id='word_1_22' title='bbox 1256 859 1331 931; x_wconf 90' lang='lat' dir='ltr'><strong>in</strong></span> <span class='ocrx_word' id='word_1_23' title='bbox 1372 858 1529 930; x_wconf 90' lang='lat' dir='ltr'><strong>aliis</strong></span> <span class='ocrx_word' id='word_1_24' title='bbox 1570 865 1774 931; x_wconf 85' lang='lat' dir='ltr'><strong>extra</strong></span> <span class='ocrx_word' id='word_1_25' title='bbox 1810 860 2082 934; x_wconf 85' lang='lat' dir='ltr'><strong>dictum</strong></span> <span class='ocrx_word' id='word_1_26' title='bbox 2117 870 2460 937; x_wconf 79' lang='lat' dir='ltr'><strong>castrum.</strong></span> <span class='ocrx_word' id='word_1_27' title='bbox 2511 866 2686 943; x_wconf 91' lang='lat' dir='ltr'><strong>Inde</strong></span> <span class='ocrx_word' id='word_1_28' title='bbox 2720 869 2925 965; x_wconf 89' lang='lat' dir='ltr'><strong>equi-</strong></span> 
     </span>
     <span class='ocr_line' id='line_1_4' title="bbox 271 981 2920 1082; baseline 0.004 -26"><span class='ocrx_word' id='word_1_29' title='bbox 271 984 552 1056; x_wconf 89' lang='lat' dir='ltr'><strong>tavimus</strong></span> <span class='ocrx_word' id='word_1_30' title='bbox 602 981 1003 1055; x_wconf 81' lang='lat' dir='ltr'>Bononiam</span> <span class='ocrx_word' id='word_1_31' title='bbox 1042 1004 1059 1055; x_wconf 90' lang='lat'>:</span> <span class='ocrx_word' id='word_1_32' title='bbox 1095 984 1630 1079; x_wconf 75' lang='lat' dir='ltr'><strong>protonotarius</strong></span> <span class='ocrx_word' id='word_1_33' title='bbox 1689 984 1880 1057; x_wconf 88' lang='lat' dir='ltr'><strong>della</strong></span> <span class='ocrx_word' id='word_1_34' title='bbox 1930 988 2148 1082; x_wconf 85' lang='lat' dir='ltr'><strong>Lega,</strong></span> <span class='ocrx_word' id='word_1_35' title='bbox 2195 987 2525 1063; x_wconf 85' lang='lat' dir='ltr'><strong>videlicet</strong></span> <span class='ocrx_word' id='word_1_36' title='bbox 2567 994 2651 1063; x_wconf 93' lang='lat' dir='ltr'><strong>D.</strong></span> <span class='ocrx_word' id='word_1_37' title='bbox 2690 996 2920 1067; x_wconf 90' lang='lat' dir='ltr'><strong>Anto-</strong></span> 
     </span>
     <span class='ocr_line' id='line_1_5' title="bbox 272 1106 2918 1207; baseline 0.004 -26"><span class='ocrx_word' id='word_1_38' title='bbox 272 1110 418 1181; x_wconf 88' lang='lat' dir='ltr'><strong>nius</strong></span> <span class='ocrx_word' id='word_1_39' title='bbox 472 1107 841 1181; x_wconf 88' lang='lat' dir='ltr'><strong>Galeatius</strong></span> <span class='ocrx_word' id='word_1_40' title='bbox 900 1106 989 1181; x_wconf 90' lang='lat' dir='ltr'><strong>de</strong></span> <span class='ocrx_word' id='word_1_41' title='bbox 1041 1108 1459 1197; x_wconf 75' lang='lat' dir='ltr'><strong>BentivoliS‚</strong></span> <span class='ocrx_word' id='word_1_42' title='bbox 1518 1108 1741 1183; x_wconf 88' lang='lat' dir='ltr'><strong>frater</strong></span> <span class='ocrx_word' id='word_1_43' title='bbox 1800 1112 1884 1182; x_wconf 92' lang='lat' dir='ltr'><strong>D.</strong></span> <span class='ocrx_word' id='word_1_44' title='bbox 1947 1112 2298 1185; x_wconf 85' lang='lat' dir='ltr'><strong>Johannis</strong></span> <span class='ocrx_word' id='word_1_45' title='bbox 2354 1114 2444 1187; x_wconf 91' lang='lat' dir='ltr'><strong>de</strong></span> <span class='ocrx_word' id='word_1_46' title='bbox 2501 1117 2918 1207; x_wconf 80' lang='lat' dir='ltr'><strong>BentivoliS‚</strong></span> 
     </span>
     <span class='ocr_line' id='line_1_6' title="bbox 272 1232 2916 1341; baseline 0.004 -34"><span class='ocrx_word' id='word_1_47' title='bbox 272 1232 535 1330; x_wconf 81' lang='lat' dir='ltr'><strong>tyranni</strong></span> <span class='ocrx_word' id='word_1_48' title='bbox 569 1232 1079 1321; x_wconf 87' lang='lat' dir='ltr'><strong>Bononiensis,</strong></span> <span class='ocrx_word' id='word_1_49' title='bbox 1130 1232 1319 1307; x_wconf 89' lang='lat' dir='ltr'><strong>venit</strong></span> <span class='ocrx_word' id='word_1_50' title='bbox 1352 1232 1485 1305; x_wconf 90' lang='lat' dir='ltr'><strong>sibi</strong></span> <span class='ocrx_word' id='word_1_51' title='bbox 1521 1233 1805 1308; x_wconf 89' lang='lat' dir='ltr'><strong>obviam</strong></span> <span class='ocrx_word' id='word_1_52' title='bbox 1838 1258 2065 1331; x_wconf 88' lang='lat' dir='ltr'><strong>usque</strong></span> <span class='ocrx_word' id='word_1_53' title='bbox 2105 1237 2194 1309; x_wconf 91' lang='lat' dir='ltr'><strong>ad</strong></span> <span class='ocrx_word' id='word_1_54' title='bbox 2235 1238 2507 1313; x_wconf 84' lang='lat' dir='ltr'><strong>flumen</strong></span> <span class='ocrx_word' id='word_1_55' title='bbox 2547 1242 2758 1315; x_wconf 88' lang='lat' dir='ltr'><strong>Idicis</strong></span> <span class='ocrx_word' id='word_1_56' title='bbox 2797 1247 2916 1341; x_wconf 91' lang='lat' dir='ltr'><strong>qui</strong></span> 
     </span>
     <span class='ocr_line' id='line_1_7' title="bbox 272 1356 2923 1456; baseline 0.005 -25"><span class='ocrx_word' id='word_1_57' title='bbox 272 1357 575 1432; x_wconf 84' lang='lat' dir='ltr'><strong>estcitra</strong></span> <span class='ocrx_word' id='word_1_58' title='bbox 604 1358 1008 1432; x_wconf 82' lang='lat' dir='ltr'><strong>Bononiam</strong></span> <span class='ocrx_word' id='word_1_59' title='bbox 1041 1356 1130 1430; x_wconf 88' lang='lat' dir='ltr'><strong>ad</strong></span> <span class='ocrx_word' id='word_1_60' title='bbox 1161 1357 1480 1454; x_wconf 91' lang='lat' dir='ltr'><strong>quinque</strong></span> <span class='ocrx_word' id='word_1_61' title='bbox 1509 1358 1877 1451; x_wconf 89' lang='lat' dir='ltr'><strong>milliaria;</strong></span> <span class='ocrx_word' id='word_1_62' title='bbox 1913 1366 2076 1456; x_wconf 85' lang='lat' dir='ltr'><strong>post</strong></span> <span class='ocrx_word' id='word_1_63' title='bbox 2106 1384 2274 1435; x_wconf 91' lang='lat' dir='ltr'><strong>eum</strong></span> <span class='ocrx_word' id='word_1_64' title='bbox 2305 1365 2395 1437; x_wconf 89' lang='lat' dir='ltr'><strong>ad</strong></span> <span class='ocrx_word' id='word_1_65' title='bbox 2427 1365 2570 1441; x_wconf 93' lang='lat' dir='ltr'><strong>duo</strong></span> <span class='ocrx_word' id='word_1_66' title='bbox 2592 1369 2923 1443; x_wconf 84' lang='lat' dir='ltr'><strong>milliaria</strong></span> 
     </span>
     <span class='ocr_line' id='line_1_8' title="bbox 270 1483 2920 1582; baseline 0.005 -25"><span class='ocrx_word' id='word_1_67' title='bbox 270 1486 367 1558; x_wconf 91' lang='lat' dir='ltr'><strong>vel</strong></span> <span class='ocrx_word' id='word_1_68' title='bbox 392 1486 604 1575; x_wconf 87' lang='lat' dir='ltr'><strong>circa,</strong></span> <span class='ocrx_word' id='word_1_69' title='bbox 636 1486 832 1560; x_wconf 90' lang='lat' dir='ltr'><strong>venit</strong></span> <span class='ocrx_word' id='word_1_70' title='bbox 864 1490 949 1559; x_wconf 91' lang='lat' dir='ltr'><strong>D.</strong></span> <span class='ocrx_word' id='word_1_71' title='bbox 983 1485 1351 1560; x_wconf 85' lang='lat' dir='ltr'><strong>Johannes</strong></span> <span class='ocrx_word' id='word_1_72' title='bbox 1384 1483 1472 1557; x_wconf 91' lang='lat' dir='ltr'><strong>de</strong></span> <span class='ocrx_word' id='word_1_73' title='bbox 1501 1484 1894 1575; x_wconf 51' lang='lat' dir='ltr'><strong>‚Bentivolis</strong></span> <span class='ocrx_word' id='word_1_74' title='bbox 1915 1486 2280 1582; x_wconf 87' lang='lat' dir='ltr'><strong>predictus</strong></span> <span class='ocrx_word' id='word_1_75' title='bbox 2297 1512 2465 1563; x_wconf 87' lang='lat' dir='ltr'><strong>cum</strong></span> <span class='ocrx_word' id='word_1_76' title='bbox 2499 1493 2726 1568; x_wconf 90' lang='lat' dir='ltr'><strong>tribus</strong></span> <span class='ocrx_word' id='word_1_77' title='bbox 2756 1496 2920 1569; x_wconf 82' lang='lat' dir='ltr'><strong>filiis</strong></span> 
     </span>
     <span class='ocr_line' id='line_1_9' title="bbox 272 1609 2920 1705; baseline 0.003 -20"><span class='ocrx_word' id='word_1_78' title='bbox 272 1612 403 1685; x_wconf 88' lang='lat' dir='ltr'><strong>suis</strong></span> <span class='ocrx_word' id='word_1_79' title='bbox 432 1610 906 1700; x_wconf 78' lang='lat' dir='ltr'><strong>secularibus„</strong></span> <span class='ocrx_word' id='word_1_80' title='bbox 935 1609 1267 1685; x_wconf 87' lang='lat' dir='ltr'><strong>videlicet</strong></span> <span class='ocrx_word' id='word_1_81' title='bbox 1296 1610 1676 1697; x_wconf 84' lang='lat' dir='ltr'><strong>Annibale,</strong></span> <span class='ocrx_word' id='word_1_82' title='bbox 1697 1609 2108 1684; x_wconf 85' lang='lat' dir='ltr'><strong>Alexandro</strong></span> <span class='ocrx_word' id='word_1_83' title='bbox 2133 1618 2205 1685; x_wconf 92' lang='lat' dir='ltr'><strong>et</strong></span> <span class='ocrx_word' id='word_1_84' title='bbox 2238 1616 2606 1705; x_wconf 88' lang='lat' dir='ltr'><strong>Hermete,</strong></span> <span class='ocrx_word' id='word_1_85' title='bbox 2643 1625 2715 1689; x_wconf 90' lang='lat' dir='ltr'><strong>et</strong></span> <span class='ocrx_word' id='word_1_86' title='bbox 2747 1619 2920 1694; x_wconf 92' lang='lat' dir='ltr'><strong>duo-</strong></span> 
     </span>
     <span class='ocr_line' id='line_1_10' title="bbox 268 1734 2912 1823; baseline 0.004 -15"><span class='ocrx_word' id='word_1_87' title='bbox 268 1737 384 1809; x_wconf 88' lang='lat' dir='ltr'><strong>bus</strong></span> <span class='ocrx_word' id='word_1_88' title='bbox 423 1736 859 1823; x_wconf 81' lang='lat' dir='ltr'><strong>oratoribus,</strong></span> <span class='ocrx_word' id='word_1_89' title='bbox 892 1735 1229 1811; x_wconf 89' lang='lat' dir='ltr'><strong>videlicet</strong></span> <span class='ocrx_word' id='word_1_90' title='bbox 1268 1758 1412 1808; x_wconf 89' lang='lat' dir='ltr'><strong>uno</strong></span> <span class='ocrx_word' id='word_1_91' title='bbox 1458 1734 1755 1809; x_wconf 90' lang='lat' dir='ltr'><strong>dominii</strong></span> <span class='ocrx_word' id='word_1_92' title='bbox 1806 1739 2253 1811; x_wconf 80' lang='lat' dir='ltr'><strong>Venetorum</strong></span> <span class='ocrx_word' id='word_1_93' title='bbox 2295 1750 2366 1812; x_wconf 88' lang='lat' dir='ltr'><strong>et</strong></span> <span class='ocrx_word' id='word_1_94' title='bbox 2415 1739 2556 1813; x_wconf 87' lang='lat' dir='ltr'><strong>alio</strong></span> <span class='ocrx_word' id='word_1_95' title='bbox 2607 1740 2912 1818; x_wconf 85' lang='lat' dir='ltr'><strong>ducatus</strong></span> 
     </span>
     <span class='ocr_line' id='line_1_11' title="bbox 271 1861 2915 1963; baseline 0.003 -29"><span class='ocrx_word' id='word_1_96' title='bbox 271 1861 661 1935; x_wconf 78' lang='lat' dir='ltr'><strong>Mediolani.</strong></span> <span class='ocrx_word' id='word_1_97' title='bbox 731 1861 925 1935; x_wconf 88' lang='lat' dir='ltr'><strong>Citra</strong></span> <span class='ocrx_word' id='word_1_98' title='bbox 971 1868 1256 1958; x_wconf 90' lang='lat' dir='ltr'><strong>portam</strong></span> <span class='ocrx_word' id='word_1_99' title='bbox 1303 1865 1643 1957; x_wconf 87' lang='lat' dir='ltr'><strong>receptus</strong></span> <span class='ocrx_word' id='word_1_100' title='bbox 1688 1864 1797 1933; x_wconf 86' lang='lat' dir='ltr'><strong>est</strong></span> <span class='ocrx_word' id='word_1_101' title='bbox 1855 1882 1898 1933; x_wconf 92' lang='lat' dir='ltr'><strong>a</strong></span> <span class='ocrx_word' id='word_1_102' title='bbox 1956 1862 2248 1950; x_wconf 89' lang='lat' dir='ltr'><strong>Cesare,</strong></span> <span class='ocrx_word' id='word_1_103' title='bbox 2298 1863 2642 1963; x_wconf 90' lang='lat' dir='ltr'><strong>episcopo</strong></span> <span class='ocrx_word' id='word_1_104' title='bbox 2691 1869 2915 1944; x_wconf 78' lang='lat' dir='ltr'><strong>Ame—</strong></span> 
     </span>
     <span class='ocr_line' id='line_1_12' title="bbox 264 1983 2906 2085; baseline 0.003 -26"><span class='ocrx_word' id='word_1_105' title='bbox 264 1986 475 2075; x_wconf 86' lang='lat' dir='ltr'><strong>liensi,</strong></span> <span class='ocrx_word' id='word_1_106' title='bbox 504 1986 1053 2061; x_wconf 87' lang='lat' dir='ltr'><strong>locumtenente</strong></span> <span class='ocrx_word' id='word_1_107' title='bbox 1076 1986 1263 2059; x_wconf 89' lang='lat' dir='ltr'><strong>Rmi.</strong></span> <span class='ocrx_word' id='word_1_108' title='bbox 1293 1989 1377 2058; x_wconf 91' lang='lat' dir='ltr'><strong>D.</strong></span> <span class='ocrx_word' id='word_1_109' title='bbox 1408 1983 1795 2059; x_wconf 88' lang='lat' dir='ltr'><strong>cardinalis</strong></span> <span class='ocrx_word' id='word_1_110' title='bbox 1818 1986 2138 2077; x_wconf 83' lang='lat' dir='ltr'><strong>Ascanii,</strong></span> <span class='ocrx_word' id='word_1_111' title='bbox 2173 1986 2392 2085; x_wconf 85' lang='lat' dir='ltr'><strong>legati</strong></span> <span class='ocrx_word' id='word_1_112' title='bbox 2425 1991 2906 2067; x_wconf 88' lang='lat' dir='ltr'><strong>Bononiensis</strong></span> 
     </span>
     <span class='ocr_line' id='line_1_13' title="bbox 270 2106 2912 2213; baseline 0.002 -28"><span class='ocrx_word' id='word_1_113' title='bbox 270 2119 332 2185; x_wconf 86' lang='lat' dir='ltr'><strong>et</strong></span> <span class='ocrx_word' id='word_1_114' title='bbox 356 2113 599 2185; x_wconf 86' lang='lat' dir='ltr'><strong>Alexio</strong></span> <span class='ocrx_word' id='word_1_115' title='bbox 632 2115 850 2202; x_wconf 85' lang='lat' dir='ltr'><strong>Urso,</strong></span> <span class='ocrx_word' id='word_1_116' title='bbox 885 2108 1379 2185; x_wconf 83' lang='lat' dir='ltr'><strong>confalonerio</strong></span> <span class='ocrx_word' id='word_1_117' title='bbox 1426 2108 1575 2183; x_wconf 87' lang='lat' dir='ltr'><strong>sive</strong></span> <span class='ocrx_word' id='word_1_118' title='bbox 1609 2106 2005 2183; x_wconf 82' lang='lat' dir='ltr'><strong>vexillifero</strong></span> <span class='ocrx_word' id='word_1_119' title='bbox 2037 2112 2507 2204; x_wconf 90' lang='lat' dir='ltr'><strong>Bononiensi,</strong></span> <span class='ocrx_word' id='word_1_120' title='bbox 2547 2137 2634 2189; x_wconf 90' lang='lat' dir='ltr'><strong>ac</strong></span> <span class='ocrx_word' id='word_1_121' title='bbox 2663 2124 2912 2213; x_wconf 83' lang='lat' dir='ltr'><strong>potes-</strong></span> 
     </span>
     <span class='ocr_line' id='line_1_14' title="bbox 270 2234 2910 2333; baseline 0.003 -26"><span class='ocrx_word' id='word_1_122' title='bbox 270 2242 395 2309; x_wconf 83' lang='lat' dir='ltr'><strong>tate</strong></span> <span class='ocrx_word' id='word_1_123' title='bbox 420 2242 489 2309; x_wconf 90' lang='lat' dir='ltr'><strong>et</strong></span> <span class='ocrx_word' id='word_1_124' title='bbox 516 2234 827 2311; x_wconf 88' lang='lat' dir='ltr'><strong>decano.</strong></span> <span class='ocrx_word' id='word_1_125' title='bbox 858 2236 1133 2310; x_wconf 89' lang='lat' dir='ltr'><strong>Deinde</strong></span> <span class='ocrx_word' id='word_1_126' title='bbox 1149 2236 1357 2333; x_wconf 83' lang='lat' dir='ltr'><strong>juxta</strong></span> <span class='ocrx_word' id='word_1_127' title='bbox 1371 2242 1683 2331; x_wconf 83' lang='lat' dir='ltr'><strong>portam,</strong></span> <span class='ocrx_word' id='word_1_128' title='bbox 1702 2234 1791 2308; x_wconf 91' lang='lat' dir='ltr'><strong>de</strong></span> <span class='ocrx_word' id='word_1_129' title='bbox 1819 2236 2016 2310; x_wconf 89' lang='lat' dir='ltr'><strong>mula</strong></span> <span class='ocrx_word' id='word_1_130' title='bbox 2035 2238 2516 2331; x_wconf 81' lang='lat' dir='ltr'><strong>descendenS,</strong></span> <span class='ocrx_word' id='word_1_131' title='bbox 2543 2242 2910 2317; x_wconf 87' lang='lat' dir='ltr'><strong>osculatus</strong></span> 
     </span>
     <span class='ocr_line' id='line_1_15' title="bbox 270 2361 2910 2463; baseline 0.003 -30"><span class='ocrx_word' id='word_1_132' title='bbox 270 2368 363 2433; x_wconf 85' lang='lat' dir='ltr'><strong>est</strong></span> <span class='ocrx_word' id='word_1_133' title='bbox 394 2367 460 2434; x_wconf 86' lang='lat' dir='ltr'><strong>et</strong></span> <span class='ocrx_word' id='word_1_134' title='bbox 494 2384 791 2435; x_wconf 88' lang='lat' dir='ltr'><strong>crucem</strong></span> <span class='ocrx_word' id='word_1_135' title='bbox 826 2362 915 2434; x_wconf 90' lang='lat' dir='ltr'><strong>de</strong></span> <span class='ocrx_word' id='word_1_136' title='bbox 947 2362 1281 2434; x_wconf 89' lang='lat' dir='ltr'><strong>manibus</strong></span> <span class='ocrx_word' id='word_1_137' title='bbox 1313 2364 1396 2433; x_wconf 82' lang='lat' dir='ltr'><strong>R.</strong></span> <span class='ocrx_word' id='word_1_138' title='bbox 1435 2364 1513 2435; x_wconf 89' lang='lat' dir='ltr'><strong>P.</strong></span> <span class='ocrx_word' id='word_1_139' title='bbox 1547 2364 1635 2433; x_wconf 92' lang='lat' dir='ltr'><strong>D.</strong></span> <span class='ocrx_word' id='word_1_140' title='bbox 1672 2361 2171 2459; x_wconf 74' lang='lat' dir='ltr'><strong>christophori</strong></span> <span class='ocrx_word' id='word_1_141' title='bbox 2205 2364 2525 2461; x_wconf 81' lang='lat' dir='ltr'><strong>episcopi</strong></span> <span class='ocrx_word' id='word_1_142' title='bbox 2559 2368 2910 2463; x_wconf 84' lang='lat' dir='ltr'><strong>Senogal-</strong></span> 
     </span>
     <span class='ocr_line' id='line_1_16' title="bbox 268 2485 2909 2588; baseline 0.004 -31"><span class='ocrx_word' id='word_1_143' title='bbox 268 2485 745 2576; x_wconf 81' lang='lat' dir='ltr'><strong>liensi,vicarii</strong></span> <span class='ocrx_word' id='word_1_144' title='bbox 778 2486 963 2559; x_wconf 86' lang='lat' dir='ltr'><strong>Rmi.</strong></span> <span class='ocrx_word' id='word_1_145' title='bbox 988 2490 1074 2560; x_wconf 91' lang='lat' dir='ltr'><strong>D.</strong></span> <span class='ocrx_word' id='word_1_146' title='bbox 1102 2486 1487 2561; x_wconf 88' lang='lat' dir='ltr'><strong>cardinalis</strong></span> <span class='ocrx_word' id='word_1_147' title='bbox 1509 2510 1571 2559; x_wconf 92' lang='lat' dir='ltr'><strong>s.</strong></span> <span class='ocrx_word' id='word_1_148' title='bbox 1593 2487 1787 2561; x_wconf 89' lang='lat' dir='ltr'><strong>Petri</strong></span> <span class='ocrx_word' id='word_1_149' title='bbox 1818 2486 1906 2561; x_wconf 94' lang='lat' dir='ltr'><strong>ad</strong></span> <span class='ocrx_word' id='word_1_150' title='bbox 1937 2487 2271 2578; x_wconf 90' lang='lat' dir='ltr'><strong>Vincula,</strong></span> <span class='ocrx_word' id='word_1_151' title='bbox 2309 2488 2632 2588; x_wconf 89' lang='lat' dir='ltr'><strong>episcopi</strong></span> <span class='ocrx_word' id='word_1_152' title='bbox 2669 2495 2909 2567; x_wconf 89' lang='lat' dir='ltr'><strong>Bono-</strong></span> 
     </span>
     <span class='ocr_line' id='line_1_17' title="bbox 270 2610 2906 2712; baseline 0.003 -29"><span class='ocrx_word' id='word_1_153' title='bbox 270 2610 537 2703; x_wconf 75' lang='lat' dir='ltr'><strong>niensiS,</strong></span> <span class='ocrx_word' id='word_1_154' title='bbox 572 2612 704 2709; x_wconf 91' lang='lat' dir='ltr'><strong>qui</strong></span> <span class='ocrx_word' id='word_1_155' title='bbox 736 2613 808 2686; x_wconf 91' lang='lat' dir='ltr'><strong>in</strong></span> <span class='ocrx_word' id='word_1_156' title='bbox 842 2612 1106 2686; x_wconf 91' lang='lat' dir='ltr'><strong>mulam</strong></span> <span class='ocrx_word' id='word_1_157' title='bbox 1142 2634 1366 2708; x_wconf 89' lang='lat' dir='ltr'><strong>usque</strong></span> <span class='ocrx_word' id='word_1_158' title='bbox 1398 2612 1488 2685; x_wconf 92' lang='lat' dir='ltr'><strong>ad</strong></span> <span class='ocrx_word' id='word_1_159' title='bbox 1518 2611 1906 2686; x_wconf 87' lang='lat' dir='ltr'><strong>ecclesiam</strong></span> <span class='ocrx_word' id='word_1_160' title='bbox 1935 2635 2160 2709; x_wconf 90' lang='lat' dir='ltr'><strong>prope</strong></span> <span class='ocrx_word' id='word_1_161' title='bbox 2191 2621 2475 2710; x_wconf 88' lang='lat' dir='ltr'><strong>portam</strong></span> <span class='ocrx_word' id='word_1_162' title='bbox 2505 2614 2906 2712; x_wconf 86' lang='lat' dir='ltr'><strong>predictam</strong></span> 
     </span>
     <span class='ocr_line' id='line_1_18' title="bbox 268 2736 2906 2838; baseline 0.004 -32"><span class='ocrx_word' id='word_1_163' title='bbox 268 2742 552 2828; x_wconf 88' lang='lat' dir='ltr'><strong>venerat,</strong></span> <span class='ocrx_word' id='word_1_164' title='bbox 609 2738 692 2811; x_wconf 90' lang='lat' dir='ltr'><strong>in</strong></span> <span class='ocrx_word' id='word_1_165' title='bbox 737 2761 884 2834; x_wconf 88' lang='lat' dir='ltr'><strong>qua</strong></span> <span class='ocrx_word' id='word_1_166' title='bbox 922 2744 1346 2835; x_wconf 87' lang='lat' dir='ltr'><strong>paramenta</strong></span> <span class='ocrx_word' id='word_1_167' title='bbox 1403 2736 1745 2833; x_wconf 81' lang='lat' dir='ltr'><strong>suscepit,</strong></span> <span class='ocrx_word' id='word_1_168' title='bbox 1807 2743 1881 2811; x_wconf 88' lang='lat' dir='ltr'><strong>et</strong></span> <span class='ocrx_word' id='word_1_169' title='bbox 1925 2737 2168 2811; x_wconf 82' lang='lat' dir='ltr'><strong>officio</strong></span> <span class='ocrx_word' id='word_1_170' title='bbox 2227 2738 2556 2835; x_wconf 88' lang='lat' dir='ltr'><strong>predicto</strong></span> <span class='ocrx_word' id='word_1_171' title='bbox 2610 2748 2906 2838; x_wconf 89' lang='lat' dir='ltr'><strong>peracto</strong></span> 
     </span>
     <span class='ocr_line' id='line_1_19' title="bbox 268 2862 2907 2960; baseline 0.003 -28"><span class='ocrx_word' id='word_1_172' title='bbox 268 2882 461 2957; x_wconf 90' lang='lat' dir='ltr'><strong>prope</strong></span> <span class='ocrx_word' id='word_1_173' title='bbox 489 2872 780 2960; x_wconf 89' lang='lat' dir='ltr'><strong>portam</strong></span> <span class='ocrx_word' id='word_1_174' title='bbox 810 2863 1108 2947; x_wconf 88' lang='lat' dir='ltr'><strong>dimisit,</strong></span> <span class='ocrx_word' id='word_1_175' title='bbox 1144 2870 1217 2937; x_wconf 89' lang='lat' dir='ltr'><strong>et</strong></span> <span class='ocrx_word' id='word_1_176' title='bbox 1246 2862 1516 2937; x_wconf 90' lang='lat' dir='ltr'><strong>mulam</strong></span> <span class='ocrx_word' id='word_1_177' title='bbox 1548 2885 1752 2935; x_wconf 89' lang='lat' dir='ltr'><strong>suam</strong></span> <span class='ocrx_word' id='word_1_178' title='bbox 1786 2862 2286 2937; x_wconf 87' lang='lat' dir='ltr'><strong>conscendens</strong></span> <span class='ocrx_word' id='word_1_179' title='bbox 2318 2862 2529 2937; x_wconf 88' lang='lat' dir='ltr'><strong>rediit</strong></span> <span class='ocrx_word' id='word_1_180' title='bbox 2553 2863 2646 2937; x_wconf 89' lang='lat' dir='ltr'><strong>ad</strong></span> <span class='ocrx_word' id='word_1_181' title='bbox 2675 2866 2907 2942; x_wconf 87' lang='lat' dir='ltr'><strong>eccle-</strong></span> 
     </span>
     <span class='ocr_line' id='line_1_20' title="bbox 270 2984 2904 3084; baseline 0.004 -30"><span class='ocrx_word' id='word_1_182' title='bbox 270 2984 420 3058; x_wconf 84' lang='lat' dir='ltr'><strong>siam</strong></span> <span class='ocrx_word' id='word_1_183' title='bbox 484 2986 1006 3060; x_wconf 87' lang='lat' dir='ltr'><strong>cathedralem.</strong></span> <span class='ocrx_word' id='word_1_184' title='bbox 1087 2986 1467 3060; x_wconf 88' lang='lat' dir='ltr'><strong>Processio</strong></span> <span class='ocrx_word' id='word_1_185' title='bbox 1544 2986 1921 3059; x_wconf 87' lang='lat' dir='ltr'><strong>associavit</strong></span> <span class='ocrx_word' id='word_1_186' title='bbox 1992 2986 2310 3084; x_wconf 85' lang='lat' dir='ltr'><strong>legatum</strong></span> <span class='ocrx_word' id='word_1_187' title='bbox 2379 3012 2422 3061; x_wconf 89' lang='lat' dir='ltr'><strong>a</strong></span> <span class='ocrx_word' id='word_1_188' title='bbox 2479 2989 2703 3063; x_wconf 89' lang='lat' dir='ltr'><strong>latere</strong></span> <span class='ocrx_word' id='word_1_189' title='bbox 2772 2990 2904 3065; x_wconf 86' lang='lat' dir='ltr'><strong>sub</strong></span> 
     </span>
     <span class='ocr_line' id='line_1_21' title="bbox 268 3111 2906 3213; baseline 0.003 -32"><span class='ocrx_word' id='word_1_190' title='bbox 268 3111 515 3203; x_wconf 86' lang='lat' dir='ltr'><strong>porticu</strong></span> <span class='ocrx_word' id='word_1_191' title='bbox 542 3112 927 3185; x_wconf 87' lang='lat' dir='ltr'><strong>incedens.</strong></span> <span class='ocrx_word' id='word_1_192' title='bbox 966 3113 1276 3209; x_wconf 85' lang='lat' dir='ltr'><strong>Legatus</strong></span> <span class='ocrx_word' id='word_1_193' title='bbox 1305 3134 1479 3185; x_wconf 92' lang='lat' dir='ltr'><strong>vero</strong></span> <span class='ocrx_word' id='word_1_194' title='bbox 1520 3134 1687 3183; x_wconf 91' lang='lat' dir='ltr'><strong>cum</strong></span> <span class='ocrx_word' id='word_1_195' title='bbox 1731 3112 2093 3186; x_wconf 85' lang='lat' dir='ltr'><strong>scutiferis</strong></span> <span class='ocrx_word' id='word_1_196' title='bbox 2123 3120 2196 3185; x_wconf 89' lang='lat' dir='ltr'><strong>et</strong></span> <span class='ocrx_word' id='word_1_197' title='bbox 2235 3118 2384 3187; x_wconf 91' lang='lat' dir='ltr'><strong>tota</strong></span> <span class='ocrx_word' id='word_1_198' title='bbox 2415 3113 2750 3188; x_wconf 87' lang='lat' dir='ltr'><strong>comitiva</strong></span> <span class='ocrx_word' id='word_1_199' title='bbox 2773 3138 2906 3213; x_wconf 90' lang='lat' dir='ltr'><strong>per</strong></span> 
     </span>
     <span class='ocr_line' id='line_1_22' title="bbox 268 3235 2895 3336; baseline 0.004 -31"><span class='ocrx_word' id='word_1_200' title='bbox 268 3236 549 3310; x_wconf 89' lang='lat' dir='ltr'><strong>mediam</strong></span> <span class='ocrx_word' id='word_1_201' title='bbox 592 3244 900 3311; x_wconf 82' lang='lat' dir='ltr'><strong>stratam</strong></span> <span class='ocrx_word' id='word_1_202' title='bbox 935 3236 1276 3333; x_wconf 87' lang='lat' dir='ltr'><strong>equitavit</strong></span> <span class='ocrx_word' id='word_1_203' title='bbox 1324 3260 1339 3308; x_wconf 77' lang='grc' dir='ltr'>ε</span> <span class='ocrx_word' id='word_1_204' title='bbox 1389 3235 1903 3310; x_wconf 88' lang='lat' dir='ltr'><strong>baldachinum</strong></span> <span class='ocrx_word' id='word_1_205' title='bbox 1948 3258 2120 3311; x_wconf 89' lang='lat' dir='ltr'><strong>vero</strong></span> <span class='ocrx_word' id='word_1_206' title='bbox 2159 3260 2305 3311; x_wconf 89' lang='lat' dir='ltr'><strong>non</strong></span> <span class='ocrx_word' id='word_1_207' title='bbox 2345 3237 2476 3311; x_wconf 81' lang='lat' dir='ltr'><strong>fuit</strong></span> <span class='ocrx_word' id='word_1_208' title='bbox 2504 3235 2895 3336; x_wconf 81' lang='lat' dir='ltr'><strong>portatum.</strong></span> 
     </span>
     <span class='ocr_line' id='line_1_23' title="bbox 350 3359 2902 3459; baseline 0.002 -27"><span class='ocrx_word' id='word_1_209' title='bbox 350 3361 687 3459; x_wconf 82' lang='lat' dir='ltr'><strong>Regimen</strong></span> <span class='ocrx_word' id='word_1_210' title='bbox 718 3362 1021 3436; x_wconf 88' lang='lat' dir='ltr'><strong>civitatis</strong></span> <span class='ocrx_word' id='word_1_211' title='bbox 1052 3361 1368 3459; x_wconf 89' lang='lat' dir='ltr'><strong>capitulo</strong></span> <span class='ocrx_word' id='word_1_212' title='bbox 1405 3361 1874 3435; x_wconf 87' lang='lat' dir='ltr'><strong>commiserat</strong></span> <span class='ocrx_word' id='word_1_213' title='bbox 1901 3386 1994 3435; x_wconf 91' lang='lat' dir='ltr'><strong>ne</strong></span> <span class='ocrx_word' id='word_1_214' title='bbox 2024 3359 2160 3458; x_wconf 90' lang='lat' dir='ltr'><strong>ipsi</strong></span> <span class='ocrx_word' id='word_1_215' title='bbox 2191 3360 2702 3435; x_wconf 88' lang='lat' dir='ltr'><strong>baldachinum</strong></span> <span class='ocrx_word' id='word_1_216' title='bbox 2731 3386 2902 3459; x_wconf 87' lang='lat' dir='ltr'><strong>por-</strong></span> 
     </span>
     <span class='ocr_line' id='line_1_24' title="bbox 270 3486 2900 3585; baseline 0.002 -30"><span class='ocrx_word' id='word_1_217' title='bbox 270 3490 496 3579; x_wconf 83' lang='lat' dir='ltr'><strong>tarent,</strong></span> <span class='ocrx_word' id='word_1_218' title='bbox 551 3512 893 3563; x_wconf 87' lang='lat' dir='ltr'><strong>asserens</strong></span> <span class='ocrx_word' id='word_1_219' title='bbox 944 3488 1017 3561; x_wconf 90' lang='lat' dir='ltr'><strong>id</strong></span> <span class='ocrx_word' id='word_1_220' title='bbox 1070 3487 1201 3561; x_wconf 90' lang='lat' dir='ltr'><strong>soli</strong></span> <span class='ocrx_word' id='word_1_221' title='bbox 1251 3487 1361 3560; x_wconf 90' lang='lat' dir='ltr'><strong>vel</strong></span> <span class='ocrx_word' id='word_1_222' title='bbox 1427 3487 1771 3583; x_wconf 90' lang='lat' dir='ltr'><strong>episcopo</strong></span> <span class='ocrx_word' id='word_1_223' title='bbox 1831 3486 2268 3560; x_wconf 86' lang='lat' dir='ltr'><strong>Bononiensi</strong></span> <span class='ocrx_word' id='word_1_224' title='bbox 2322 3486 2396 3559; x_wconf 92' lang='lat' dir='ltr'><strong>in</strong></span> <span class='ocrx_word' id='word_1_225' title='bbox 2449 3486 2684 3583; x_wconf 87' lang='lat' dir='ltr'><strong>primo</strong></span> <span class='ocrx_word' id='word_1_226' title='bbox 2744 3489 2900 3585; x_wconf 89' lang='lat' dir='ltr'><strong>ejus</strong></span> 
     </span>
     <span class='ocr_line' id='line_1_25' title="bbox 267 3608 2897 3711; baseline 0.002 -30"><span class='ocrx_word' id='word_1_227' title='bbox 267 3608 527 3688; x_wconf 87' lang='lat' dir='ltr'><strong>introitu</strong></span> <span class='ocrx_word' id='word_1_228' title='bbox 558 3614 860 3711; x_wconf 84' lang='lat' dir='ltr'><strong>portari.</strong></span> <span class='ocrx_word' id='word_1_229' title='bbox 892 3618 1043 3711; x_wconf 81' lang='lat' dir='ltr'><strong>Ego</strong></span> <span class='ocrx_word' id='word_1_230' title='bbox 1074 3621 1317 3688; x_wconf 90' lang='lat' dir='ltr'><strong>autem</strong></span> <span class='ocrx_word' id='word_1_231' title='bbox 1344 3613 1565 3686; x_wconf 90' lang='lat' dir='ltr'><strong>credo</strong></span> <span class='ocrx_word' id='word_1_232' title='bbox 1591 3610 1665 3683; x_wconf 91' lang='lat' dir='ltr'><strong>id</strong></span> <span class='ocrx_word' id='word_1_233' title='bbox 1693 3612 1930 3709; x_wconf 90' lang='lat' dir='ltr'><strong>potius</strong></span> <span class='ocrx_word' id='word_1_234' title='bbox 1961 3612 2228 3685; x_wconf 79' lang='lat' dir='ltr'><strong>sactum</strong></span> <span class='ocrx_word' id='word_1_235' title='bbox 2262 3610 2482 3685; x_wconf 85' lang='lat' dir='ltr'><strong>fuisse</strong></span> <span class='ocrx_word' id='word_1_236' title='bbox 2513 3633 2605 3686; x_wconf 91' lang='lat' dir='ltr'><strong>ne</strong></span> <span class='ocrx_word' id='word_1_237' title='bbox 2631 3634 2897 3686; x_wconf 89' lang='lat' dir='ltr'><strong>novum</strong></span> 
     </span>
     <span class='ocr_line' id='line_1_26' title="bbox 269 3732 2898 3835; baseline 0.002 -30"><span class='ocrx_word' id='word_1_238' title='bbox 269 3732 743 3812; x_wconf 87' lang='lat' dir='ltr'><strong>baldachinum</strong></span> <span class='ocrx_word' id='word_1_239' title='bbox 790 3738 1029 3835; x_wconf 86' lang='lat' dir='ltr'><strong>legato</strong></span> <span class='ocrx_word' id='word_1_240' title='bbox 1077 3738 1515 3812; x_wconf 83' lang='lat' dir='ltr'><strong>conveniens</strong></span> <span class='ocrx_word' id='word_1_241' title='bbox 1558 3737 1908 3826; x_wconf 82' lang='lat' dir='ltr'><strong>facerent,</strong></span> <span class='ocrx_word' id='word_1_242' title='bbox 1953 3760 2120 3809; x_wconf 89' lang='lat' dir='ltr'><strong>cum</strong></span> <span class='ocrx_word' id='word_1_243' title='bbox 2175 3737 2502 3833; x_wconf 86' lang='lat' dir='ltr'><strong>regimen</strong></span> <span class='ocrx_word' id='word_1_244' title='bbox 2531 3736 2764 3833; x_wconf 89' lang='lat' dir='ltr'><strong>ipsum</strong></span> <span class='ocrx_word' id='word_1_245' title='bbox 2807 3737 2898 3809; x_wconf 89' lang='lat' dir='ltr'><strong>ad</strong></span> 
     </span>
     <span class='ocr_line' id='line_1_27' title="bbox 268 3860 2898 3960; baseline 0.002 -31"><span class='ocrx_word' id='word_1_246' title='bbox 268 3861 746 3953; x_wconf 88' lang='lat' dir='ltr'><strong>providendum</strong></span> <span class='ocrx_word' id='word_1_247' title='bbox 788 3863 1047 3960; x_wconf 85' lang='lat' dir='ltr'><strong>legatis</strong></span> <span class='ocrx_word' id='word_1_248' title='bbox 1099 3863 1301 3937; x_wconf 88' lang='lat' dir='ltr'><strong>novis</strong></span> <span class='ocrx_word' id='word_1_249' title='bbox 1349 3863 1781 3937; x_wconf 87' lang='lat' dir='ltr'><strong>intrantibus</strong></span> <span class='ocrx_word' id='word_1_250' title='bbox 1822 3862 1910 3934; x_wconf 88' lang='lat' dir='ltr'><strong>de</strong></span> <span class='ocrx_word' id='word_1_251' title='bbox 1953 3860 2398 3934; x_wconf 86' lang='lat' dir='ltr'><strong>baldachinis</strong></span> <span class='ocrx_word' id='word_1_252' title='bbox 2443 3866 2781 3935; x_wconf 89' lang='lat' dir='ltr'><strong>teneatur</strong></span> <span class='ocrx_word' id='word_1_253' title='bbox 2825 3870 2898 3935; x_wconf 92' lang='lat' dir='ltr'><strong>et</strong></span> 
     </span>
     <span class='ocr_line' id='line_1_28' title="bbox 270 3987 2896 4086; baseline 0.001 -31"><span class='ocrx_word' id='word_1_254' title='bbox 270 4006 389 4057; x_wconf 86' lang='lat' dir='ltr'><strong>non</strong></span> <span class='ocrx_word' id='word_1_255' title='bbox 412 3989 828 4086; x_wconf 90' lang='lat' dir='ltr'><strong>capitulum.</strong></span> <span class='ocrx_word' id='word_1_256' title='bbox 875 3992 1027 4085; x_wconf 84' lang='lat' dir='ltr'><strong>Ego</strong></span> <span class='ocrx_word' id='word_1_257' title='bbox 1066 3988 1564 4079; x_wconf 81' lang='lat' dir='ltr'><strong>nihilominuS,</strong></span> <span class='ocrx_word' id='word_1_258' title='bbox 1599 3988 1767 4085; x_wconf 90' lang='lat' dir='ltr'><strong>quia</strong></span> <span class='ocrx_word' id='word_1_259' title='bbox 1813 3993 2099 4084; x_wconf 84' lang='lat' dir='ltr'><strong>tempus</strong></span> <span class='ocrx_word' id='word_1_260' title='bbox 2129 4009 2274 4059; x_wconf 90' lang='lat' dir='ltr'><strong>non</strong></span> <span class='ocrx_word' id='word_1_261' title='bbox 2306 3994 2462 4059; x_wconf 89' lang='lat' dir='ltr'><strong>erat</strong></span> <span class='ocrx_word' id='word_1_262' title='bbox 2503 4009 2672 4059; x_wconf 91' lang='lat' dir='ltr'><strong>cum</strong></span> <span class='ocrx_word' id='word_1_263' title='bbox 2705 3987 2896 4083; x_wconf 85' lang='lat' dir='ltr'><strong>regi-</strong></span> 
     </span>
     <span class='ocr_line' id='line_1_29' title="bbox 272 4109 2891 4210; baseline 0.001 -30"><span class='ocrx_word' id='word_1_264' title='bbox 272 4109 431 4184; x_wconf 90' lang='lat' dir='ltr'><strong>mine</strong></span> <span class='ocrx_word' id='word_1_265' title='bbox 458 4113 869 4209; x_wconf 87' lang='lat' dir='ltr'><strong>providendi</strong></span> <span class='ocrx_word' id='word_1_266' title='bbox 898 4114 987 4188; x_wconf 86' lang='lat' dir='ltr'><strong>de</strong></span> <span class='ocrx_word' id='word_1_267' title='bbox 1012 4112 1441 4188; x_wconf 88' lang='lat' dir='ltr'><strong>baldachino</strong></span> <span class='ocrx_word' id='word_1_268' title='bbox 1468 4135 1599 4210; x_wconf 87' lang='lat' dir='ltr'><strong>pro</strong></span> <span class='ocrx_word' id='word_1_269' title='bbox 1630 4134 1721 4187; x_wconf 93' lang='lat' dir='ltr'><strong>eo</strong></span> <span class='ocrx_word' id='word_1_270' title='bbox 1747 4111 1941 4209; x_wconf 91' lang='lat' dir='ltr'><strong>quod</strong></span> <span class='ocrx_word' id='word_1_271' title='bbox 1969 4111 2123 4184; x_wconf 89' lang='lat' dir='ltr'><strong>vice</strong></span> <span class='ocrx_word' id='word_1_272' title='bbox 2150 4110 2434 4207; x_wconf 83' lang='lat' dir='ltr'><strong>legatus</strong></span> <span class='ocrx_word' id='word_1_273' title='bbox 2465 4117 2538 4185; x_wconf 86' lang='lat' dir='ltr'><strong>et</strong></span> <span class='ocrx_word' id='word_1_274' title='bbox 2569 4111 2891 4207; x_wconf 81' lang='lat' dir='ltr'><strong>regimen</strong></span> 
     </span>
     <span class='ocr_line' id='line_1_30' title="bbox 270 4228 2908 4335; baseline 0.003 -33"><span class='ocrx_word' id='word_1_275' title='bbox 270 4228 471 4328; x_wconf 83' lang='lat' dir='ltr'><strong>legato</strong></span> <span class='ocrx_word' id='word_1_276' title='bbox 498 4246 847 4313; x_wconf 88' lang='lat' dir='ltr'><strong>venerunt</strong></span> <span class='ocrx_word' id='word_1_277' title='bbox 876 4238 1185 4329; x_wconf 88' lang='lat' dir='ltr'><strong>obviam,</strong></span> <span class='ocrx_word' id='word_1_278' title='bbox 1222 4238 1465 4335; x_wconf 85' lang='lat' dir='ltr'><strong>rogavi</strong></span> <span class='ocrx_word' id='word_1_279' title='bbox 1498 4244 1572 4313; x_wconf 91' lang='lat' dir='ltr'><strong>et</strong></span> <span class='ocrx_word' id='word_1_280' title='bbox 1602 4237 1878 4312; x_wconf 89' lang='lat' dir='ltr'><strong>obtinui</strong></span> <span class='ocrx_word' id='word_1_281' title='bbox 1909 4236 2420 4310; x_wconf 88' lang='lat' dir='ltr'><strong>baldachinum</strong></span> <span class='ocrx_word' id='word_1_282' title='bbox 2447 4258 2676 4331; x_wconf 86' lang='lat' dir='ltr'><strong>usque</strong></span> <span class='ocrx_word' id='word_1_283' title='bbox 2707 4234 2908 4333; x_wconf 40' lang='lat' dir='ltr'><strong>intra·</strong></span> 
     </span>
     <span class='ocr_line' id='line_1_31' title="bbox 274 4360 2896 4461; baseline 0.001 -27"><span class='ocrx_word' id='word_1_284' title='bbox 274 4369 513 4449; x_wconf 82' lang='lat' dir='ltr'><strong>portam</strong></span> <span class='ocrx_word' id='word_1_285' title='bbox 542 4387 672 4460; x_wconf 91' lang='lat' dir='ltr'><strong>per</strong></span> <span class='ocrx_word' id='word_1_286' title='bbox 700 4386 919 4461; x_wconf 86' lang='lat' dir='ltr'><strong>quam</strong></span> <span class='ocrx_word' id='word_1_287' title='bbox 948 4364 1229 4461; x_wconf 86' lang='lat' dir='ltr'><strong>legatus</strong></span> <span class='ocrx_word' id='word_1_288' title='bbox 1259 4370 1413 4437; x_wconf 90' lang='lat' dir='ltr'><strong>erat</strong></span> <span class='ocrx_word' id='word_1_289' title='bbox 1437 4370 1805 4454; x_wconf 86' lang='lat' dir='ltr'><strong>venturus,</strong></span> <span class='ocrx_word' id='word_1_290' title='bbox 1838 4384 1970 4459; x_wconf 87' lang='lat' dir='ltr'><strong>per</strong></span> <span class='ocrx_word' id='word_1_291' title='bbox 1993 4361 2298 4435; x_wconf 88' lang='lat' dir='ltr'><strong>clericos</strong></span> <span class='ocrx_word' id='word_1_292' title='bbox 2319 4360 2630 4435; x_wconf 88' lang='lat' dir='ltr'><strong>ecclesie</strong></span> <span class='ocrx_word' id='word_1_293' title='bbox 2651 4360 2896 4437; x_wconf 88' lang='lat' dir='ltr'><strong>cathe-</strong></span> 
     </span>
     <span class='ocr_line' id='line_1_32' title="bbox 274 4476 2893 4585; baseline 0.002 -30"><span class='ocrx_word' id='word_1_294' title='bbox 274 4476 455 4557; x_wconf 83' lang='lat' dir='ltr'><strong>dralis</strong></span> <span class='ocrx_word' id='word_1_295' title='bbox 492 4490 789 4583; x_wconf 87' lang='lat' dir='ltr'><strong>portari,</strong></span> <span class='ocrx_word' id='word_1_296' title='bbox 842 4489 965 4561; x_wconf 94' lang='lat' dir='ltr'><strong>ubi</strong></span> <span class='ocrx_word' id='word_1_297' title='bbox 1009 4494 1381 4585; x_wconf 86' lang='lat' dir='ltr'><strong>comperto</strong></span> <span class='ocrx_word' id='word_1_298' title='bbox 1439 4513 1605 4563; x_wconf 89' lang='lat' dir='ltr'><strong>cum</strong></span> <span class='ocrx_word' id='word_1_299' title='bbox 1672 4489 2018 4585; x_wconf 87' lang='lat' dir='ltr'><strong>episcopo</strong></span> <span class='ocrx_word' id='word_1_300' title='bbox 2061 4486 2480 4575; x_wconf 84' lang='lat' dir='ltr'><strong>Ameliensi,</strong></span> <span class='ocrx_word' id='word_1_301' title='bbox 2535 4485 2893 4561; x_wconf 87' lang='lat' dir='ltr'><strong>locumte-</strong></span> 
     </span>
     <span class='ocr_line' id='line_1_33' title="bbox 274 4610 2889 4711; baseline 0.003 -37"><span class='ocrx_word' id='word_1_302' title='bbox 274 4616 457 4682; x_wconf 86' lang='lat' dir='ltr'><strong>nente</strong></span> <span class='ocrx_word' id='word_1_303' title='bbox 508 4614 690 4686; x_wconf 90' lang='lat' dir='ltr'><strong>Rmi.</strong></span> <span class='ocrx_word' id='word_1_304' title='bbox 748 4618 836 4687; x_wconf 92' lang='lat' dir='ltr'><strong>D.</strong></span> <span class='ocrx_word' id='word_1_305' title='bbox 894 4614 1111 4711; x_wconf 81' lang='lat' dir='ltr'><strong>legati</strong></span> <span class='ocrx_word' id='word_1_306' title='bbox 1163 4614 1487 4687; x_wconf 89' lang='lat' dir='ltr'><strong>Bononie</strong></span> <span class='ocrx_word' id='word_1_307' title='bbox 1546 4611 2038 4686; x_wconf 83' lang='lat' dir='ltr'><strong>confalonerio</strong></span> <span class='ocrx_word' id='word_1_308' title='bbox 2098 4610 2244 4684; x_wconf 87' lang='lat' dir='ltr'><strong>dixi</strong></span> <span class='ocrx_word' id='word_1_309' title='bbox 2293 4610 2578 4705; x_wconf 89' lang='lat' dir='ltr'><strong>utrique</strong></span> <span class='ocrx_word' id='word_1_310' title='bbox 2637 4631 2889 4683; x_wconf 85' lang='lat' dir='ltr'><strong>eorum</strong></span> 
     </span>
     <span class='ocr_line' id='line_1_34' title="bbox 276 4724 2891 4838; baseline 0.002 -37"><span class='ocrx_word' id='word_1_311' title='bbox 276 4724 733 4811; x_wconf 85' lang='lat' dir='ltr'><strong>baldachinum</strong></span> <span class='ocrx_word' id='word_1_312' title='bbox 766 4739 1061 4813; x_wconf 91' lang='lat' dir='ltr'><strong>omnino</strong></span> <span class='ocrx_word' id='word_1_313' title='bbox 1095 4739 1523 4838; x_wconf 88' lang='lat' dir='ltr'><strong>parandum,</strong></span> <span class='ocrx_word' id='word_1_314' title='bbox 1566 4739 1719 4811; x_wconf 89' lang='lat' dir='ltr'><strong>sine</strong></span> <span class='ocrx_word' id='word_1_315' title='bbox 1765 4760 1908 4834; x_wconf 90' lang='lat' dir='ltr'><strong>quo</strong></span> <span class='ocrx_word' id='word_1_316' title='bbox 1957 4736 2328 4833; x_wconf 87' lang='lat' dir='ltr'><strong>processio</strong></span> <span class='ocrx_word' id='word_1_317' title='bbox 2387 4758 2532 4809; x_wconf 90' lang='lat' dir='ltr'><strong>non</strong></span> <span class='ocrx_word' id='word_1_318' title='bbox 2578 4733 2891 4808; x_wconf 87' lang='lat' dir='ltr'><strong>habetur</strong></span> 
     </span>
     <span class='ocr_line' id='line_1_35' title="bbox 273 4860 2888 4961; baseline 0.003 -34"><span class='ocrx_word' id='word_1_319' title='bbox 273 4866 507 4949; x_wconf 83' lang='lat' dir='ltr'><strong>ornata,</strong></span> <span class='ocrx_word' id='word_1_320' title='bbox 538 4873 610 4936; x_wconf 90' lang='lat' dir='ltr'><strong>et</strong></span> <span class='ocrx_word' id='word_1_321' title='bbox 652 4864 888 4939; x_wconf 90' lang='lat' dir='ltr'><strong>verbis</strong></span> <span class='ocrx_word' id='word_1_322' title='bbox 936 4866 1119 4938; x_wconf 92' lang='lat' dir='ltr'><strong>meis</strong></span> <span class='ocrx_word' id='word_1_323' title='bbox 1173 4865 1365 4961; x_wconf 89' lang='lat' dir='ltr'><strong>cepit</strong></span> <span class='ocrx_word' id='word_1_324' title='bbox 1412 4864 1902 4959; x_wconf 87' lang='lat' dir='ltr'><strong>acquiescere,</strong></span> <span class='ocrx_word' id='word_1_325' title='bbox 1941 4871 2014 4936; x_wconf 89' lang='lat' dir='ltr'><strong>et</strong></span> <span class='ocrx_word' id='word_1_326' title='bbox 2059 4862 2422 4935; x_wconf 86' lang='lat' dir='ltr'><strong>commisit</strong></span> <span class='ocrx_word' id='word_1_327' title='bbox 2466 4860 2888 4935; x_wconf 86' lang='lat' dir='ltr'><strong>confalone-</strong></span> 
     </span>
     <span class='ocr_line' id='line_1_36' title="bbox 278 4976 2887 5087; baseline 0.005 -43"><span class='ocrx_word' id='word_1_328' title='bbox 278 4976 396 5051; x_wconf 85' lang='lat' dir='ltr'><strong>rius</strong></span> <span class='ocrx_word' id='word_1_329' title='bbox 436 4985 801 5063; x_wconf 85' lang='lat' dir='ltr'><strong>siniscalco</strong></span> <span class='ocrx_word' id='word_1_330' title='bbox 846 4990 1217 5087; x_wconf 83' lang='lat' dir='ltr'><strong>regiminis</strong></span> <span class='ocrx_word' id='word_1_331' title='bbox 1264 4996 1339 5062; x_wconf 94' lang='lat' dir='ltr'><strong>ut</strong></span> <span class='ocrx_word' id='word_1_332' title='bbox 1378 4988 1467 5062; x_wconf 88' lang='lat' dir='ltr'><strong>de</strong></span> <span class='ocrx_word' id='word_1_333' title='bbox 1506 4986 1996 5084; x_wconf 87' lang='lat' dir='ltr'><strong>portatoribus</strong></span> <span class='ocrx_word' id='word_1_334' title='bbox 2030 4985 2467 5082; x_wconf 88' lang='lat' dir='ltr'><strong>provideret.</strong></span> <span class='ocrx_word' id='word_1_335' title='bbox 2517 4988 2693 5081; x_wconf 83' lang='lat' dir='ltr'><strong>Ego,</strong></span> <span class='ocrx_word' id='word_1_336' title='bbox 2747 4983 2887 5057; x_wconf 90' lang='lat' dir='ltr'><strong>hoc</strong></span> 
     </span>
     <span class='ocr_line' id='line_1_37' title="bbox 275 5096 2883 5212; baseline 0.003 -40"><span class='ocrx_word' id='word_1_337' title='bbox 275 5096 623 5200; x_wconf 80' lang='lat' dir='ltr'><strong>intellecto,</strong></span> <span class='ocrx_word' id='word_1_338' title='bbox 653 5116 828 5189; x_wconf 84' lang='lat' dir='ltr'><strong>exivi</strong></span> <span class='ocrx_word' id='word_1_339' title='bbox 859 5122 1141 5212; x_wconf 89' lang='lat' dir='ltr'><strong>portam</strong></span> <span class='ocrx_word' id='word_1_340' title='bbox 1175 5115 1454 5188; x_wconf 89' lang='lat' dir='ltr'><strong>obviam</strong></span> <span class='ocrx_word' id='word_1_341' title='bbox 1486 5116 1793 5211; x_wconf 82' lang='lat' dir='ltr'><strong>prefate,</strong></span> <span class='ocrx_word' id='word_1_342' title='bbox 1824 5112 1942 5209; x_wconf 89' lang='lat' dir='ltr'><strong>qui</strong></span> <span class='ocrx_word' id='word_1_343' title='bbox 1977 5118 2180 5186; x_wconf 88' lang='lat' dir='ltr'><strong>extra</strong></span> <span class='ocrx_word' id='word_1_344' title='bbox 2207 5134 2370 5184; x_wconf 89' lang='lat' dir='ltr'><strong>eam</strong></span> <span class='ocrx_word' id='word_1_345' title='bbox 2399 5134 2534 5208; x_wconf 91' lang='lat' dir='ltr'><strong>per</strong></span> <span class='ocrx_word' id='word_1_346' title='bbox 2565 5108 2883 5206; x_wconf 86' lang='lat' dir='ltr'><strong>medium</strong></span> 
     </span>
     <span class='ocr_line' id='line_1_38' title="bbox 279 5226 2880 5334; baseline 0 -31"><span class='ocrx_word' id='word_1_347' title='bbox 279 5226 541 5309; x_wconf 84' lang='lat' dir='ltr'><strong>milliare</strong></span> <span class='ocrx_word' id='word_1_348' title='bbox 566 5238 675 5313; x_wconf 88' lang='lat' dir='ltr'><strong>vel</strong></span> <span class='ocrx_word' id='word_1_349' title='bbox 702 5240 923 5331; x_wconf 88' lang='lat' dir='ltr'><strong>circa,</strong></span> <span class='ocrx_word' id='word_1_350' title='bbox 962 5241 1031 5314; x_wconf 90' lang='lat' dir='ltr'><strong>in</strong></span> <span class='ocrx_word' id='word_1_351' title='bbox 1064 5242 1283 5316; x_wconf 89' lang='lat' dir='ltr'><strong>domo</strong></span> <span class='ocrx_word' id='word_1_352' title='bbox 1304 5239 1820 5315; x_wconf 84' lang='lat' dir='ltr'><strong>cruciferorum</strong></span> <span class='ocrx_word' id='word_1_353' title='bbox 1849 5239 1995 5312; x_wconf 91' lang='lat' dir='ltr'><strong>sive</strong></span> <span class='ocrx_word' id='word_1_354' title='bbox 2023 5259 2248 5334; x_wconf 88' lang='lat' dir='ltr'><strong>prope</strong></span> <span class='ocrx_word' id='word_1_355' title='bbox 2273 5258 2462 5324; x_wconf 89' lang='lat' dir='ltr'><strong>eam,</strong></span> <span class='ocrx_word' id='word_1_356' title='bbox 2493 5234 2880 5307; x_wconf 89' lang='lat' dir='ltr'><strong>adventum</strong></span> 
     </span>
    </p>
   </div>
  </div>
 </body>
</html>
