3625 6059
564 587 672 641 580
1475 578 1503 633 J
1510 575 1755 634 OHANN
1762 576 1828 632 lS
1878 573 2322 644 BURCHARm,
2743 572 3062 635 [Decembre
3093 571 3244 632 1499]

666 736 873 811 Feria
908 744 1186 832 quarta,
1226 739 1315 806 27
1362 731 1802 821 novembriS,
1851 731 1986 804 fuit
2027 725 2535 802 consistorium
2576 731 2939 800 secretum
2981 724 3056 796 in
3095 745 3246 817 quo

574 865 657 933 R.
694 863 775 933 P.
812 863 901 932 D.
930 859 1277 932 Martinus
1307 861 1573 955 Zapata
1602 859 1729 931 SS.
1763 857 1851 928 D.
1889 857 1976 927 N.
2009 851 2514 942 cubiculariuS,
2539 849 2848 926 ecclesie
2880 851 3254 921 Suessane

575 987 651 1059 in
704 986 1123 1083 episcopum
1174 983 1537 1080 prefectus
1600 1005 1730 1079 per
1774 981 2051 1056 obitum
2103 980 2294 1054 hone
2359 977 2711 1052 memorie
2774 976 2862 1047 D.
2924 970 3258 1072 episcopi

579 1109 947 1200 Suessam,
984 1108 1105 1205 qui
1150 1107 1267 1181 die
1307 1107 1475 1181 lune
1516 1107 1590 1179 in
1636 1129 1828 1196 sero,
1867 1111 1956 1178 25
1998 1104 2246 1201 hujus,
2280 1103 2355 1176 in
2387 1101 2604 1176 domo
2647 1098 2834 1173 Rmi.
2883 1103 2970 1173 D.
3013 1097 3264 1172 cardi-

576 1233 759 1308 nalis
804 1230 1279 1329 Neapolitani,
1314 1231 1459 1304 vita
1499 1230 1790 1303 functus
1831 1229 1990 1319 fuit,
2027 1234 2101 1301 et
2142 1228 2350 1325 cujus
2389 1227 2752 1302 voluntate
2795 1233 2868 1300 et
2908 1245 3268 1322 expressa

580 1357 1030 1432 ordinatione
1062 1378 1106 1428 a
1134 1362 1445 1451 quatuor
1474 1354 1858 1442 sacchinis,
1887 1357 2198 1451 quatuor
2225 1351 2593 1426 intortitiis
2624 1350 2972 1424 duntaxat
3003 1369 3270 1445 prece-

581 1481 941 1570 dentibuS,
976 1479 1131 1554 sine
1164 1479 1361 1554 omui
1392 1503 1683 1576 pompa,
1720 1478 1814 1552 ad
1845 1477 2232 1552 ecclesiam
2265 1477 2568 1551 fratrum
2599 1501 2659 1548 s.
2687 1474 2882 1549 Petri
2909 1471 3266 1547 Moutorii

584 1607 855 1682 ordinis
880 1605 1185 1680 fratrum
1211 1605 1572 1678 minorum
1601 1605 1689 1678 de
1710 1603 2036 1678 Zoccolis
2067 1602 2484 1699 deportatus
2507 1610 2579 1678 et
2603 1600 2870 1676 ibidem
2899 1597 3266 1696 sepultuS,

587 1733 791 1831 cujus
822 1731 1065 1806 anima
1094 1731 1503 1827 requiescat
1535 1728 1609 1803 in
1638 1753 1846 1828 pace.
1873 1729 2108 1804 Audio
2139 1753 2307 1802 eum
2337 1737 2505 1803 c'um
2531 1749 2796 1824 magna
2819 1721 3272 1799 contritione

590 1855 1019 1936 decessisse.

690 1980 900 2054 Feria
946 1985 1177 2068 sexta,
1230 1983 1321 2051 29
1375 1979 1548 2053 dicti
1591 1979 1866 2053 mensis
1907 1977 2348 2068 novembriS,
2400 1979 2474 2051 in
2522 2001 2737 2052 mane
2785 1980 2874 2050 D.
2927 1975 3282 2048 Lucretia

595 2105 745 2178 filia
772 2107 967 2201 Pape
994 2103 1207 2178 exivit
1230 2113 1397 2201 post
1414 2111 1700 2202 partum
1732 2104 2026 2178 domum
2055 2126 2286 2191 suam,
2313 2101 2599 2179 intravit
2629 2100 2996 2176 basilicam
3031 2125 3091 2173 s,
3132 2104 3280 2174 Pe—

596 2228 731 2318 tri3
788 2231 873 2301 D.
924 2230 1179 2302 Petrus
1224 2227 1605 2324 episcopus
1651 2227 2068 2302 Calenensis
2117 2226 2453 2305 sustinuit
2494 2253 2656 2304 eam
2701 2251 2833 2326 per
2877 2226 3276 2303 brachium

600 2353 966 2427 sinistrum
1006 2351 1245 2428 eundo
1276 2351 1367 2426 ad
1398 2351 1665 2426 dictam
1694 2349 2068 2424 basilicam
2098 2361 2171 2426 et
2199 2351 2366 2426 inde
2393 2354 2486 2428 ad
2509 2354 2810 2428 domum
2841 2351 3215 2428 redeundo
3249 2375 3270 2437 ;

601 2477 901 2551 missam
932 2501 1179 2550 coram
1209 2501 1299 2552 ea
1326 2475 1755 2552 celebravit:
1792 2476 2112 2550 intellexi
2143 2478 2361 2553 etiam
2391 2479 2587 2576 quod
2614 2479 2772 2576 ipsa
2800 2481 2887 2551 D.
2925 2475 3276 2550 Lucretia

604 2601 740 2675 fuit
762 2601 925 2675 heri
954 2624 1119 2676 sero
1150 2625 1316 2675 cum
1348 2603 1725 2694 Pontifice,
1755 2613 1960 2703 patre
1991 2629 2150 2679 suo.

703 2726 1085 2800 Dominica
1120 2727 1351 2823 prima
1396 2726 1762 2805 Adventus
1809 2730 2125 2819 Domini,
2179 2735 2207 2801 l
2255 2729 2690 2819 decembriS,
2735 2735 2817 2802 R.
2859 2729 2934 2802 in
2977 2728 3282 2803 Christo

610 2854 691 2924 P.
748 2856 834 2924 D.
878 2855 1133 2925 Petrus
1182 2851 1564 2951 episcopus
1623 2852 2067 2945 Calenensis,
2113 2852 2526 2952 capellanus
2573 2857 2662 2928 D.
2713 2854 3071 2943 Lucretie,
3121 2851 3280 2926 filie

610 2980 829 3075 Pape,
867 2976 1251 3051 celebravit
1280 2977 1577 3051 missam
1610 2978 2014 3054 solemnem
2043 2979 2117 3052 in
2157 2979 2433 3077 capella
2463 2981 2740 3078 majore
2770 2978 3042 3077 palatii,
3079 2979 3289 3073 Papa

610 3103 907 3176 absente
958 3125 973 3173 :
1030 3124 1444 3176 sermonem
1496 3103 1665 3176 fecit
1712 3111 2140 3200 procurator
2193 3103 2464 3178 ordinis
2509 3103 3072 3200 predicatorum.
3113 3101 3286 3174 Alia

609 3226 855 3300 omnia
884 3227 1262 3302 observata
1290 3233 1457 3301 sunt
1487 3251 1690 3302 more
1723 3228 1962 3303 solito.
2001 3229 2172 3302 Heri
2200 3229 2328 3303 fuit
2357 3229 2625 3302 festum
2657 3253 2719 3300 s.
2746 3228 3036 3302 Andree
3065 3251 3290 3325 apos-

614 3351 765 3440 toli,
818 3359 890 3426 et
950 3355 1141 3450 Papa
1186 3377 1331 3426 non
1380 3355 1575 3429 venit
1631 3355 1723 3428 ad
1778 3353 2134 3450 capellam
2190 3353 2520 3451 ejusdem
2575 3351 2802 3426 sancti
2853 3352 2930 3425 in
2977 3351 3290 3425 basilica

612 3499 671 3548 S.
699 3476 893 3549 Petri
919 3474 1012 3549 ad
1040 3477 1339 3552 missam
1377 3479 1761 3573 majorem,
1800 3485 1874 3551 ut
1909 3477 2321 3576 aliquandiu
2367 3475 2765 3567 consuevit,
2804 3475 2933 3549 sed
2973 3475 3286 3548 missam

608 3745 825 3803 abunde
857 3744 1225 3804 intelleximus
1253 3748 1517 3822 optimum
1548 3748 1709 3806 istius
1739 3749 2002 3806 Excelsee
2032 3750 2356 3825 Reipublice
2386 3751 2444 3808 in
2463 3769 2566 3809 nos
2596 3751 2839 3808 animum
2867 3767 2934 3807 ac
2959 3747 3286 3822 dispositio-

608 3853 734 3892 nem
771 3853 905 3910 erga
931 3835 1332 3910 expeditionem
1358 3856 1524 3912 quam
1554 3838 1796 3896 Dilectus
1825 3839 1973 3897 filius
2001 3839 2209 3898 Nobilis
2239 3841 2320 3898 vir
2359 3841 2530 3900 Cesar
2553 3841 2758 3916 Borgia
2785 3841 2854 3897 de
2893 3838 3126 3896 Francia
3157 3839 3288 3895 Dux

608 3923 1015 3982 valentinensis
1056 3924 1511 3984 Christianissimi
1540 3928 1847 3986 francorum
1891 3929 2066 4002 Regis
2097 3929 2520 4000 Locumtenens,
2543 3936 2733 3988 contra
2760 3929 3085 4004 perditionis
3111 3927 3282 3984 filiam

610 4014 958 4074 Catharinam
986 4013 1205 4073 Forlivii
1234 4016 1509 4090 Imoleque
1538 4018 1875 4076 comitissam
1897 4019 2160 4092 suscepit,
2183 4037 2248 4076 ac
2276 4019 2616 4077 proclamata
2641 4020 2756 4077 sive
2777 4019 3150 4077 Bannimenta
3177 4037 3292 4092 que

610 4104 825 4177 publice
853 4103 909 4160 in
938 4119 1004 4160 ea
1030 4121 1087 4160 re
1117 4104 1263 4162 edita
1291 4105 1415 4163 istic
1446 4107 1686 4177 fuerunt,
1716 4126 1824 4182 que
1855 4107 2016 4165 nobis
2047 4107 2196 4164 fuere
2223 4108 2542 4182 gratissima
2575 4126 2588 4165 :
2628 4107 2960 4183 agimusque
2991 4115 3292 4183 propterea

610 4192 766 4249 vobis
796 4198 852 4249 et
877 4192 1093 4250 excelso
1122 4193 1213 4250 isti
1244 4195 1497 4253 Dominio
1521 4197 1828 4271 condignas
1859 4197 2084 4270 gratias,
2121 4196 2314 4255 Libere
2344 4196 2488 4254 enim
2517 4197 2675 4254 vobis
2704 4197 3060 4272 persuadere,
3091 4216 3158 4254 ac
3187 4215 3294 4272 pro

614 4287 762 4338 certo
785 4287 970 4338 tenere
997 4283 1250 4356 potestiS,
1283 4301 1383 4341 nos
1412 4284 1467 4340 in
1500 4286 1662 4342 rebus
1690 4284 1889 4342 vestris
1918 4303 2080 4359 pares
2121 4285 2271 4342 vices
2307 4285 2598 4357 relaturos,
2629 4303 2694 4342 ac
2722 4284 2851 4341 huic
2877 4291 3060 4342 vestre
3089 4285 3144 4341 in
3181 4303 3292 4342 nos

616 4369 889 4427 affectioni
928 4378 1116 4429 mutuo
1152 4389 1515 4448 responsuros
1561 4382 1725 4449 prout
1762 4375 1928 4432 latius
1961 4375 2063 4432 hec
2101 4375 2304 4444 omnia,
2345 4394 2410 4432 ac
2445 4375 2810 4450 proditionem
2845 4383 2902 4433 et
2941 4374 3292 4432 veneficium

616 4461 764 4535 quod
805 4460 927 4536 ipsa
961 4462 1241 4520 comitissa
1272 4470 1461 4522 contra
1498 4483 1599 4522 nos
1638 4465 1983 4535 moliebatur,
2021 4473 2078 4523 et
2111 4467 2571 4541 quemadmodum
2611 4467 2712 4523 Dei
2745 4465 3032 4535 beneficio,
3065 4466 3292 4522 detecto

618 4551 860 4624 negoti0,
891 4552 1358 4627 deprehensisque
1394 4555 1675 4626 veneficiS,
1706 4555 1920 4612 liberati
1960 4573 2172 4626 sumus,
2202 4573 2271 4612 ex
2300 4554 2478 4630 ipsius
2507 4555 2740 4614 oratoris
2769 4555 2966 4612 litteris
2997 4553 3168 4612 latius
3199 4553 3288 4609 in-

616 4638 897 4714 telligetiS.

687 4751 717 4781 «
757 4730 955 4786 Datum
1001 4731 1174 4788 Rome
1219 4734 1366 4806 apud
1417 4735 1681 4792 Sanctum
1727 4735 1950 4792 Petrum
2001 4735 2106 4792 sub
2151 4735 2352 4792 annulo
2407 4734 2708 4796 Piscatoris
2761 4735 2854 4792 die
2903 4734 3000 4810 xxj
3047 4751 3120 4792 no
3131 4751 3294 4792 vem·

612 4819 729 4877 bris
759 4820 1413 4880 MCCCCLxxxxva
1442 4823 1802 4883 Pontificatus
1831 4824 2005 4882 nostri
2034 4843 2181 4882 anno
2209 4834 2421 4885 oetam.

2351 4957 2381 4988 α
2423 4933 2760 4994 HAmquus.
2803 4957 2834 4988 n

684 5000 771 5056 Au
800 5001 903 5058 dos
931 5019 945 5058 :

616 5145 643 5173 «
674 5126 897 5181 Dilectis
927 5127 1085 5184 viliis
1113 5127 1396 5186 Pm'oribus
1420 5129 1750 5202 Liber-{tatis
1765 5136 1815 5188 et
1837 5132 2148 5201 varillisero
2166 5131 2389 5188 Institi-e
2411 5131 2486 5188 Po
2498 5133 2506 5205 Ι
2510 5135 2639 5205 puli
2655 5133 2908 5190 Civitatis
2939 5131 3237 5188 Florentia.
3265 5151 3298 5180 »ι

1321 5255 1508 5325 (ΑνοΙι.
1542 5255 1830 5328 diplomat.
1863 5257 1926 5314 di
1953 5258 2197 5316 Firenze.
2221 5257 2346 5314 Acti
2373 5259 2609 5329 Publici,
2639 5267 2704 5316 n⁰
2733 5259 2892 5332 223.)
