3625 6059
336 584 479 647 [Mai
506 585 649 646 ¹498]
1007 580 1263 639 RERUM
1310 579 1763 639 URBANARUM
1813 583 2338 644 COMMENTARH.
2906 593 3010 650 ⁴73

338 741 547 814 tione
578 737 999 812 Sanctitatis
1020 743 1255 812 vestre
1274 761 1293 826 ;
1318 745 1651 811 cessante
1672 737 1867 810 euim
1888 760 2136 828 causa,
2161 762 2447 816 cessare
2481 765 2766 841 quoque
2789 746 3006 821 debet

342 865 679 938 effectus.
722 867 900 938 Cum
936 863 1179 960 igitur,
1217 861 1633 936 beatissime
1674 870 1903 959 pater,
1947 872 2228 938 constet
2269 868 2514 941 omnia
2547 892 2684 965 que
2727 872 3012 947 Sancti-

340 989 479 1064 tati
528 995 761 1064 vestre
807 993 1150 1084 suggesta
1195 992 1363 1060 sunt
1406 1009 1567 1061 esse
1609 987 1789 1060 falsa
1828 993 1901 1061 et
1942 1013 1985 1062 a
2023 992 2382 1087 perversis
2429 995 2844 1070 hominibus
2893 998 3012 1093 qui

340 1121 668 1212 querunt
694 1114 1012 1188 animam
1042 1133 1283 1187 meam
1313 1134 1474 1188 esse
1506 1121 1579 1187 et
1602 1113 1827 1188 fuisse
1861 1113 2044 1188 falso
2074 1117 2408 1207 conficta,
2444 1120 2567 1216 qui
2607 1144 2723 1195 me
2755 1145 2842 1195 ex
2872 1123 3012 1198 hac

348 1239 533 1314 urbe
578 1239 859 1313 astutiis
890 1237 1039 1311 suis
1079 1238 1376 1336 cupiunt
1408 1237 1748 1330 educere,
1784 1264 1932 1314 non
1971 1248 2050 1314 ut
2086 1242 2366 1316 veniam
2409 1244 2498 1317 ad
2527 1246 2750 1342 pedes
2792 1249 3016 1321 Sanc-

350 1365 581 1440 titatis
616 1372 880 1456 vestre,
930 1389 1177 1440 coram
1222 1388 1363 1462 qua
1405 1365 1643 1440 sciunt
1683 1388 1801 1440 me
1847 1366 2091 1440 omnia
2132 1374 2379 1442 nostra
2419 1369 2626 1444 facile
2673 1372 3017 1449 defensu-

351 1515 548 1582 rum,
592 1490 722 1566 sed
764 1497 840 1564 ut
876 1514 993 1564 me
1037 1489 1475 1565 interficiant
1516 1491 1591 1562 in
1630 1489 1917 1582 itinere,
1963 1493 2352 1568 ambitione
2394 1519 2524 1568 sua
2562 1499 3016 1595 tyrannidem

352 1618 784 1692 affectantes
818 1641 833 1691 :
870 1639 1016 1690 non
1044 1615 1533 1712 indignabitur
1564 1617 1922 1691 Sanctitas
1950 1622 2186 1690 vestra
2228 1618 2692 1696 defensiones
2731 1631 3017 1699 nostras

346 1743 479 1840 pie
502 1740 889 1815 admittere
921 1747 996 1814 et
1016 1761 1151 1812 nos
1172 1739 1412 1836 potius
1434 1742 1824 1839 prudentes
1855 1764 2070 1837 quam
2092 1742 2161 1815 in
2192 1743 3011 1844 obedientesappellare,

348 1868 536 1940 dum
576 1866 867 1941 interim
908 1866 1495 1964 supersedemus,
1540 1873 1615 1938 ut
1656 1865 2141 1964 intelligamus
2173 1869 2584 1942 Sanctitatis
2625 1877 2859 1946 vestre
2892 1872 3018 1946 be-

348 1993 657 2090 nignam
706 1991 1255 2089 responsionem
1296 1998 1364 2065 et
1399 1991 1491 2064 ab
1522 1990 1938 2090 hujusmodi
1979 1993 2512 2088 gravaminibus
2547 1994 2849 2070 liberam
2889 1998 3017 2071 ab-

352 2115 843 2207 solutionem3
896 2137 1069 2188 nam
1120 2115 1524 2190 doctrinam
1579 2115 1769 2189 hanc
1821 2139 1866 2189 a
1914 2115 2552 2214 predecessoribus
2606 2121 3020 2194 Sanctitatis

352 2249 601 2316 vestre
644 2248 715 2316 et
750 2240 1167 2316 doctoribus
1204 2242 1504 2331 sanctiS,
1540 2241 1875 2316 videlicet
1913 2241 2269 2338 theologis
2305 2247 2377 2315 et
2411 2244 2804 2318 canonistis
2835 2245 3021 2318 didi-

355 2369 623 2443 cimus.
662 2368 865 2443 Unde
897 2368 1086 2441 inter
1127 2365 1267 2441 alia
1300 2366 1526 2440 multa
1554 2388 1696 2462 que
1736 2365 2033 2462 allegari
2075 2373 2401 2462 possent,
2441 2367 2852 2464 specialiter
2879 2369 3021 2443 hoc

356 2500 592 2594 patet,
632 2493 819 2568 sicut
855 2491 1071 2592 plene
1112 2491 1309 2566 novit
1345 2490 1703 2566 Sanctitas
1739 2498 2001 2581 vestra,
2035 2491 2217 2565 utin
2241 2492 2680 2590 preallegato
2711 2494 3023 2591 capitulo

358 2618 797 2710 scribentes,
848 2626 920 2690 et
981 2616 1295 2692 maxime
1352 2639 1483 2713 per
1539 2620 1625 2689 D.
1682 2616 2013 2690 Felinum
2071 2617 2638 2710 Ferrariensem,
2693 2619 3022 2716 ejusdem

362 2744 785 2820 sanctitatis
832 2751 1071 2818 vestre
1109 2742 1644 2817 benemeritum
1688 2742 2094 2817 auditorem
2136 2743 2281 2832 cui,
2311 2743 2447 2816 nisi
2479 2743 2618 2817 hec
2649 2744 3025 2818 notissima

362 2879 643 2963 essent,
674 2871 747 2944 in
776 2869 1008 2942 literis
1036 2867 1499 2966 presentibus
1532 2891 1620 2941 ea
1653 2869 2362 2966 subscripsissemus.

472 2994 681 3082 Quod
708 3001 955 3068 autem
986 2992 1233 3066 omnia
1260 3016 1397 3090 que
1431 2992 1763 3089 superius
1796 2992 2215 3088 scripsimus
2247 3016 2413 3068 vera
2453 2995 2620 3083 sint,
2655 2995 2772 3068 ubi
2813 3017 3028 3092 opor-

366 3127 547 3211 teat,
564 3141 715 3194 non
734 3118 871 3192 erit
887 3116 1183 3192 difficile
1205 3117 1413 3192 uobis
1434 3118 1770 3216 probare.
1805 3119 2160 3193 Sanctitas
2181 3124 2419 3192 vestra
2440 3119 2674 3192 mittat
2693 3142 2917 3192 unum
2941 3144 3028 3192 ex

367 3245 523 3321 suis
554 3243 921 3335 fidelibus,
954 3243 1183 3316 virum
1202 3243 1480 3340 justum
1512 3249 1585 3316 et
1614 3266 1761 3316 non
1794 3251 2241 3341 suspectum,
2270 3249 2341 3317 et
2363 3244 2555 3316 clare
2583 3245 2673 3317 ab
2696 3245 3030 3317 universo

364 3370 642 3470 populo
660 3369 927 3467 poterit
956 3366 1368 3458 certificari,
1390 3375 1464 3442 et
1484 3391 1621 3465 ego
1646 3375 1938 3467 paratus
1969 3390 2130 3442 sum
2165 3368 2238 3442 in
2279 3368 2614 3442 omnibus
2641 3369 3032 3443 emendare

368 3521 493 3574 me
528 3497 793 3594 ipsum,
818 3483 1257 3593 ubicumque
1292 3518 1484 3580 erre,
1514 3502 1588 3569 et
1607 3494 1896 3592 publice
1935 3517 2184 3568 coram
2213 3494 2482 3591 populo
2513 3494 2842 3568 universo
2875 3517 3033 3569 om-

368 3624 497 3698 nia
514 3630 755 3698 errata
782 3645 949 3696 mea
976 3643 1342 3696 revocare.
1378 3621 1727 3716 Dignetur
1757 3619 2114 3694 Sanctitas
2143 3624 2380 3694 vestra
2412 3619 2589 3693 mihi
2621 3619 3032 3716 significare

370 3747 551 3847 quid
570 3769 659 3822 ex
689 3747 1025 3820 omnibus
1056 3769 1195 3843 que
1228 3747 1483 3844 scripsi
1515 3745 1626 3820 vel
1647 3745 1791 3818 dixi
1823 3720 1916 3817 si't
1939 3743 2448 3834 revocandum,
2475 3753 2546 3818 et
2569 3767 2705 3841 ego
2727 3744 3036 3818 idliben-

373 3871 653 3947 tissime
677 3869 936 3944 faciam
956 3894 973 3959 ;
1000 3893 1169 3943 nam
1192 3877 1266 3942 et
1286 3869 1426 3944 hac
1454 3868 1609 3942 vice
1633 3875 1705 3944 et
1730 3891 2044 3965 semper,
2073 3868 2258 3941 sicut
2282 3869 2524 3965 sepius
2544 3867 2688 3940 dixi
2711 3892 2795 3942 ac
2818 3870 3034 3943 etiam

372 3976 661 4095 scripsi,
682 4018 801 4070 me
822 3995 1061 4092 ipsum
1082 4001 1157 4069 et
1184 3995 1431 4069 omnia
1454 4016 1621 4069 mea
1648 3994 1842 4069 dicta
1870 3999 1943 4068 et
1973 3992 2241 4090 scripta
2265 3991 2568 4090 subjicio
2597 3994 3033 4068 correctioni

372 4125 627 4194 sancte
661 4138 957 4193 remane
990 4117 1313 4192 Ecclesie
1344 4124 1417 4192 et
1448 4117 1825 4193 Sanctitati
1854 4123 2116 4209 vestre,
2162 4118 2277 4192 cui
2311 4140 2604 4214 semper
2641 4141 2758 4190 me
2799 4118 3034 4215 ipsum

372 4252 451 4320 et
480 4244 739 4318 fratres
776 4262 981 4318 meos
1013 4242 1345 4340 ejusdem
1371 4241 1675 4339 pedibus
1703 4248 2102 4340 prostratus
2145 4241 2534 4340 plurimum
2571 4240 3030 4314 commende.

376 4369 775 4459 Florentie,
818 4391 907 4442 ex
954 4374 1311 4442 conventu
1359 4369 1585 4440 sancti
1632 4369 1882 4458 Marci,
1920 4368 2038 4442 die
2081 4366 2431 4464 vigesima
2472 4389 2666 4440 nona
2715 4373 3035 4464 septem-

376 4495 531 4569 bris
554 4499 735 4569 1497
770 4497 899 4591 (1).
927 4493 1404 4570 Beatitudinis
1434 4503 1669 4570 vestre
1698 4503 1772 4569 et
1802 4493 1993 4568 filius
2025 4502 2096 4566 et
2118 4516 2391 4584 servuS,
2427 4496 2506 4567 F.
2525 4493 3034 4590 Hieronymus,

477 4621 821 4712 sabbate,
874 4625 965 4694 26
1015 4619 1186 4695 dicti
1240 4620 1512 4694 mensis
1566 4619 1765 4710 maii,
1820 4619 1892 4692 in
1941 4641 2181 4707 mane,
2230 4617 2407 4692 obiit
2450 4618 2640 4691 bone
2687 4617 3038 4690 memorie

378 4754 467 4825 D.
514 4749 827 4824 lacobus
874 4753 1262 4846 Breuquet,
1313 4746 1693 4844 episcopus
1737 4743 2138 4818 Nucerinus
2181 4743 2304 4840 qui
2351 4744 2421 4816 in
2469 4765 2633 4815 sero
2669 4741 2860 4816 illius
2897 4741 3038 4816 diei

378 4879 711 4970 portatus
731 4872 979 4948 fuitad
1003 4872 1374 4947 basilicam
1396 4871 1741 4969 principis
1772 4869 2294 4968 apostolorum,
2323 4874 2393 4942 et
2417 4867 2686 4942 ibidem
2718 4867 3038 4964 sepultus

451 5099 503 5152 1.
544 5092 691 5149 Tous
738 5092 819 5149 les
860 5110 995 5151 mss.
1046 5100 1101 5150 et
1144 5093 1227 5149 les
1282 5093 1560 5168 imprimes
1610 5091 1836 5164 (Eccard
1883 5099 1938 5148 et
1981 5090 2270 5161 Leibnitz),
2317 5091 2562 5146 donnent
2602 5095 2742 5145 cette
2791 5089 2915 5145 date
2962 5089 3036 5144 du

378 5184 451 5238 29
478 5181 789 5256 septembre
828 5183 965 5239 1497
995 5181 1127 5257 qu’il
1164 5181 1415 5239 convient
1450 5183 1519 5238 de
1557 5179 1797 5253 corriger
1834 5197 1900 5234 en
1943 5181 2099 5237 1496.
2141 5179 2280 5252 Voy.
2315 5177 2366 5234 la
2393 5185 2519 5236 note
2553 5179 2626 5232 (le.
2667 5175 2872 5243 Villari,
2915 5185 2953 5236 t.
2997 5179 3038 5240 Ι,

383 5270 475 5328 liv.
512 5271 609 5339 111,
641 5271 728 5328 ch.
765 5269 833 5342 V,
864 5289 919 5344 p.
955 5272 1080 5338 434,
1114 5289 1169 5330 n.
1200 5275 1254 5330 2.
