3625 6059
1427 584 1788 644 APPENDIC
1798 586 1855 643 E.
2868 596 2974 654 673

1597 858 1673 927 31

385 1084 815 1147 Instructions
851 1083 938 1145 du
967 1084 1136 1161 Papc
1163 1084 1198 1143 a
1235 1100 1344 1144 ses
1375 1083 1915 1147 ambassadeurS.

1248 1294 1278 1327 «
1323 1269 1695 1333 Alexander
1712 1290 1895 1349 papa
1932 1276 2025 1335 VI.

384 1452 416 1485 «
465 1424 934 1490 instructiones
956 1422 1106 1485 date
1137 1423 1325 1485 vobis
1355 1424 1716 1487 venerabili
1746 1424 1927 1487 fratri
1952 1426 2187 1488 Joanni
2217 1428 2709 1509 archiepiscopo
2742 1434 2960 1512 Ragu·

299 1527 448 1588 sino
497 1542 572 1587 ac
617 1521 868 1585 dilectis
921 1519 1071 1582 filiis
1125 1520 1450 1585 Hadriano
1499 1523 1885 1585 castellensi
1935 1525 2427 1601 prothonotario
2476 1544 2553 1589 ac
2602 1530 2963 1607 apostolice

296 1638 556 1685 camere
604 1620 832 1684 clerico
880 1624 946 1681 et
989 1622 1338 1681 secretario
1386 1627 1611 1683 nostro
1665 1620 2027 1685 domestico
2076 1628 2141 1685 et
2190 1625 2577 1704 Raymundo
2624 1628 2960 1690 Centellen

293 1720 786 1800 prothonotario
839 1722 902 1779 et
946 1716 1355 1779 thesaurario
1411 1719 1752 1794 PerusinO,
1798 1721 2067 1795 nostris,
2116 1727 2182 1785 et
2238 1724 2599 1802 apostolice
2648 1726 2836 1789 Sedis
2880 1725 2966 1789 ad

293 1819 696 1883 Ludovicum
746 1818 880 1898 le.
934 1818 1329 1878 Francorum
1373 1833 1599 1896 regem
1655 1816 2281 1882 christianissimum
2332 1822 2591 1885 nunciis
2636 1828 2701 1885 et
2748 1826 2967 1886 orato-

293 1919 506 1981 ribus,

378 2039 412 2073 «
456 2018 612 2078 Post
647 2014 870 2077 datam
909 2028 1030 2073 sue
1072 2012 1395 2093 Majestati
1429 2012 1957 2077 benedictionem
1999 2015 2270 2077 nomine
2306 2016 2454 2097 ejus
2498 2016 2871 2079 sanctitatis
2903 2020 2969 2080 et

294 2112 865 2194 presentationem
911 2110 1156 2183 breviS,
1200 2109 1497 2173 referetis
1543 2127 1664 2173 sue
1706 2112 2037 2193 Majestati
2092 2112 2270 2192 quod
2316 2129 2463 2189 noe,
2505 2113 2731 2177 audito
2784 2114 2969 2178 obitu

289 2215 468 2278 clare
496 2210 810 2275 memorie
837 2209 1047 2273 Caroli
1073 2210 1206 2291 Vllj
1243 2209 1442 2289 regie,
1477 2208 1966 2288 predecessoris
1998 2212 2126 2287 sui,
2158 2212 2349 2274 sicuti
2375 2230 2494 2292 per
2514 2214 2680 2276 alias
2702 2217 2968 2276 nostras

289 2312 361 2375 in
387 2310 594 2375 forma
627 2307 846 2373 brevis
871 2307 1124 2370 litteras
1151 2324 1272 2371 sue
1305 2307 1626 2389 Majestati
1665 2307 2207 2389 significavimuS,
2241 2309 2600 2389 plurimum
2632 2310 2967 2374 doluimus

289 2427 370 2473 ac
413 2411 836 2473 vehementer
885 2408 1108 2470 animo
1164 2406 1474 2469 commoti
1516 2422 1775 2480 eumue,
1818 2405 2316 2470 considerantes
2368 2409 2641 2471 eximias
2691 2410 2967 2472 virtutes

291 2524 456 2572 suas
479 2525 554 2571 ac
577 2506 963 2569 catholicum
987 2506 1135 2585 ejus
1155 2504 1454 2568 animum
1478 2505 2019 2586 singularemque
2040 2504 2241 2569 fidem
2270 2511 2333 2570 et
2360 2506 2771 2571 devotionem
2807 2524 2969 2588 erga

293 2623 424 2669 nos
451 2611 518 2669 et
544 2607 712 2668 hanc
743 2608 1042 2667 sanctam
1073 2603 1310 2667 Sedem
1339 2603 1408 2665 in
1437 2604 1662 2666 multis
1693 2605 1960 2683 quidem
1995 2608 2382 2684 spectatam,
2412 2606 2533 2669 sed
2561 2606 2871 2686 precipue
2900 2606 2967 2668 in

293 2706 450 2785 eJus
479 2703 564 2766 ad
595 2703 838 2766 Urbem
872 2701 1162 2764 adventu
1193 2706 1610 2781 perspectam
1650 2706 1716 2764 et
1758 2702 2113 2783 cognitam,
2138 2720 2288 2765 cum
2336 2707 2431 2767 tot
2472 2704 2743 2766 armatis
2772 2703 2969 2766 milli-

293 2804 430 2867 bus
459 2802 790 2880 tantisque
844 2799 1070 2879 copiiS,
1103 2804 1284 2862 tanto
1331 2818 1407 2863 ac
1453 2806 1589 2865 tam
1635 2802 1803 2865 felici
1850 2818 2163 2865 successu
2200 2820 2447 2880 rerum,
2490 2820 2616 2866 nos
2652 2809 2715 2867 et
2754 2805 2969 2884 ipsam

295 2900 537 2964 Sedem
579 2904 712 2962 tam
754 2902 1132 2963 reverenter
1165 2902 1431 2979 tamque
1468 2900 1804 2963 humiliter
1840 2906 2195 2965 veneratus
2233 2908 2356 2979 est,
2392 2902 2968 2983 obedientiamque

291 2999 494 3063 nobis
536 2996 816 3077 supplex
866 2997 1426 3075 personaliterque
1475 2998 1891 3075 exihibuerit‚
1926 3004 1991 3061 et
2034 3016 2157 3061 nos
2205 3003 2341 3062 tam
2387 3003 2769 3063 constanter
2814 3004 2965 3079 post

291 3098 450 3179 ejus
477 3096 546 3158 in
576 3112 856 3176 regnum
884 3096 1170 3159 reditum
1198 3096 1339 3175 pari
1378 3096 1620 3176 pietate
1661 3100 1726 3159 et
1761 3097 2223 3160 benevolentia
2256 3098 2454 3160 fuerit
2488 3102 2962 3178 prosequutus.

290 3194 701 3275 Adde‘tisque
731 3209 855 3256 nos
885 3210 1018 3257 non
1053 3200 1187 3257 tam
1214 3196 1363 3275 ejus
1392 3200 1602 3259 morte
1630 3196 1925 3257 tristatos
1952 3212 2103 3258 esse
2132 3213 2334 3275 quam
2354 3197 2813 3275 assumptione
2844 3212 2967 3258 sua

291 3294 476 3357 cordi
516 3293 812 3356 omnium
852 3293 1042 3372 regni
1076 3293 1468 3374 principum,
1501 3295 1850 3368 baronum,
1886 3310 2231 3373 procerum
2266 3310 2344 3355 ac
2384 3293 2779 3373 populorum
2809 3308 2967 3355 con-

293 3409 505 3455 sensu
533 3396 600 3453 et
635 3392 879 3470 plausu
916 3392 1140 3455 habita
1178 3393 1438 3468 letatOS,
1472 3410 1622 3456 cum
1661 3392 1871 3455 claras
1910 3392 2110 3455 animi
2145 3392 2250 3454 sui
2292 3392 2505 3468 dotes,
2540 3392 2872 3456 excelsum
2902 3397 2968 3455 et

291 3489 607 3554 invictum
627 3490 926 3551 animum
960 3490 1406 3567 attendamuS,
1451 3489 2107 3569 persuadeamusque
2142 3490 2339 3553 nobis
2374 3491 2521 3570 ejus
2558 3491 2966 3571 Maiestatem

293 3605 416 3668 pro
467 3589 607 3650 suis
654 3587 1002 3649 immensis
1046 3587 1466 3669 egregiisque
1512 3593 1746 3650 nature
1797 3588 1989 3651 donis
2026 3605 2103 3650 ac
2150 3589 2649 3669 progenitorum
2692 3604 2966 3651 suorum

291 3685 620 3749 institutis
654 3702 790 3748 non
823 3685 1064 3747 minori
1093 3702 1217 3748 nos
1251 3690 1316 3747 et
1345 3686 1560 3765 ipsam
1603 3686 1842 3749 Sedem
1884 3684 2227 3747 affectione
2257 3690 2321 3747 et
2350 3686 2771 3749 observantia
2818 3702 2969 3764 pro—

298 3789 741 3864 sequuturam
791 3800 992 3862 quam
1039 3782 1236 3845 fuerIt
1283 3783 1425 3862 ipse
1470 3784 1741 3847 Carolus
1787 3788 1856 3845 et
1894 3782 2015 3873 ‘alii
2057 3781 2560 3860 predecessores
2600 3785 2735 3855 sui,
2786 3782 2969 3862 quod

293 3886 476 3944 certe
507 3886 574 3943 et
611 3882 696 3944 ab
728 3880 1038 3943 omnibus
1079 3880 1255 3943 claro
1295 3880 1673 3942 testimonio
1713 3884 1777 3943 et
1826 3896 1957 3942 una
2004 3880 2299 3941 omnium
2335 3898 2495 3943 voce
2537 3881 2621 3943 ita
2668 3880 2966 3943 futurum

297 3979 492 4044 nobis
517 3980 890 4049 nunciatur,
919 3983 984 4041 et
1012 3978 1286 4058 proinde
1317 3977 1514 4040 etiam
1540 3978 1994 4059 significabitis
2023 3998 2149 4044 nos
2184 3979 2375 4043 sicuti
2410 3978 2734 4059 singulari
2761 3977 2965 4040 letitia

295 4077 514 4143 affecti
564 4094 823 4153 sumne,
857 4076 948 4139 ita
995 4076 1077 4139 ad
1117 4077 1752 4157 congratulationem
1802 4078 2185 4161 hujusmodi
2224 4094 2343 4140 vos
2378 4076 2655 4139 nuncios
2700 4079 2965 4138 nostros

295 4176 612 4251 misisse3
654 4174 833 4256 quod
881 4191 1099 4254 neque
1146 4192 1265 4254 per
1307 4173 1812 4253 predecessores
1852 4182 2117 4240 nostros
2154 4191 2373 4256 neque
2410 4191 2527 4254 per
2569 4190 2693 4236 nos
2744 4178 2967 4237 actum

295 4276 533 4339 extitit.

380 4396 414 4429 «
457 4374 758 4435 Preterea
789 4372 942 4452 quia
974 4377 1123 4451 post
1153 4372 1679 4451 assumptionem
1704 4378 2003 4438 nostram
2028 4373 2113 4438 ad
2144 4374 2597 4454 pontificatum
2624 4372 2745 4435 fuit
2770 4372 2965 4436 nobis

294 4487 566 4550 semper
596 4469 799 4547 cordi,
830 4469 996 4532 sicut
1025 4488 1104 4533 ex
1136 4470 1488 4549 pastoralis
1523 4470 1718 4534 officii
1748 4472 1971 4535 debito
1998 4478 2333 4549 tenemur,
2362 4472 2445 4535 ad
2482 4469 2967 4551 expeditionem

291 4568 588 4646 aliquam
608 4566 675 4629 in
698 4570 966 4642 'FurcaS,
985 4566 1138 4631 fidei
1159 4572 1384 4631 nostre
1404 4574 1758 4649 perpetuos
1780 4570 2031 4645 hosteS,
2055 4570 2393 4647 devenire;
2415 4570 2569 4632 etin
2590 4571 2715 4633 hoc
2736 4575 2962 4633 sancte

291 4666 617 4729 memorie
643 4666 982 4729 Callistum
1006 4667 1111 4747 llj,
1132 4666 1531 4729 avunculum
1558 4672 1859 4730 nostrum
1882 4684 1957 4730 ac
1977 4667 2171 4730 Pium·
2183 4670 2202 4729 1
2202 4668 2258 4748 j,
2286 4666 2791 4745 predecessores
2813 4683 2966 4730 nos-

293 4772 460 4839 tros,
490 4764 666 4826 inter
693 4764 860 4826 alios
893 4762 1263 4843 pontificeS,
1292 4766 1406 4845 qui
1441 4765 1644 4828 talem
1674 4765 2162 4846 expeditionem
2200 4764 2502 4845 aggressi
2544 4769 2721 4841 sunt,
2754 4780 2964 4844 quan-

293 4868 440 4927 tum
484 4862 680 4925 nobis
724 4865 896 4925 Deus
925 4863 1332 4938 concederet,
1365 4862 1628 4938 imitari,
1663 4867 1729 4925 et
1747 4879 1869 4925 nos
1900 4863 2075 4926 ultro
2104 4880 2251 4926 eam
2275 4864 2343 4925 in
2370 4863 2517 4940 ipsa
2553 4861 2965 4942 expeditione

297 4961 562 5037 offerre,
584 4960 648 5021 in
667 4960 855 5040 [qua]
880 4961 1146 5040 quidem
1169 4960 1583 5040 expeditione
1612 4961 1928 5024 hactenus
1951 4967 2015 5023 et
2038 4962 2201 5040 ipsis
2220 4960 2805 5041 predecessoribus
2824 4977 2968 5024 nos·

292 5056 418 5120 tris
457 5062 524 5119 et
553 5057 748 5119 nobis
767 5058 974 5119 multa
1003 5058 1474 5137 impedimenta
1495 5060 1935 5139 contigerunt,
1960 5077 2035 5122 ac
2056 5059 2250 5124 nobis
2270 5060 2578 5140 precipue
2597 5061 2721 5123 hoc
2736 5064 2963 5123 nostro

297 5154 633 5219 desiderio
663 5160 958 5235 tempora
982 5157 1174 5219 valde
1203 5155 1470 5219 fuerunt
1499 5158 1778 5221 adversa
1803 5162 1878 5220 ut
1906 5175 2041 5221 non
2058 5158 2311 5221 licuerit
2340 5158 2535 5222 nobis
2564 5158 2745 5222 iliam
2776 5156 2967 5221 sicuti

294 5255 849 5334 concupieramus
867 5255 953 5319 ad
975 5260 1272 5336 optatum
1293 5258 1592 5321 effectum
1610 5256 1989 5337 perducere.
2008 5259 2302 5339 Cumque
2319 5258 2687 5339 assumptio
2707 5274 2825 5323 sue
2842 5260 2967 5321 Ma-

579 5406 630 5445 ·r.
672 5406 728 5443 ιι.
2618 5394 2687 5449 43
