3625 6059
735 583 840 639 472
1667 570 1947 627 ‚tOHANN
1956 570 2019 626 {S
2071 568 2514 637 BURCHARD1‚
3106 578 3127 639 ῐ
3136 578 3235 627 Mat
3266 580 3381 639 1498]

740 758 980 809 eorum
1010 730 1432 827 coquoscetis
1465 750 1618 815 θοὸς
1647 726 1963 824 primum
1997 725 2165 822 quia
2197 727 2697 822 possessiones
2732 728 2977 803 necin
3008 751 3377 805 commune

739 858 1092 932 habemus
1135 877 1271 928 nec
1311 853 1586 927 habere
1636 851 1997 939 volumus3
2041 850 2183 924 hoc
2222 858 2467 924 autem
2506 852 2639 949 ipsi
2671 876 2815 928 non
2850 860 3201 928 servant:
3237 855 3381 929 item

742 984 912 1079 quia
949 982 1022 1054 in
1059 980 1250 1053 victu
1291 983 1364 1051 et
1391 976 1647 1050 vestitu
1676 975 2045 1074 parciores
2078 999 2355 1065 summ,
2390 982 2468 1049 ut
2498 977 2591 1050 ad
2628 977 2921 1052 oculum
2958 980 3388 1077 experientia

744 1114 973 1205 patet3
1021 1113 1173 1179 tum
1217 1102 1382 1199 quia
1427 1104 1678 1174 sumils
1707 1102 1782 1172 in
1822 1099 2124 1173 silentiis
2160 1108 2231 1173 et
2276 1102 2720 1176 orationibus
2760 1102 3293 1201 frequentibus,
3334 1114 3391 1179 ut

747 1234 868 1329 qui
900 1232 1189 1305 fuerunt
1219 1228 1407 1300 inter
1435 1250 1569 1299 nos
1600 1232 1984 1300 testantur.

845 1354 1077 1427 Testis
1104 1358 1211 1427 est
1245 1350 1492 1424 civitas
1517 1356 1669 1423 tota
1698 1350 1892 1446 quod
1920 1373 2188 1447 magna
2213 1359 2321 1425 est
2350 1353 2758 1428 differentia
2798 1355 2989 1429 inter
3022 1356 3247 1431 vitam
3276 1358 3397 1429 fra-

749 1490 940 1555 trum
978 1485 1391 1552 nostrorum
1422 1476 1536 1549 his
1569 1476 2013 1571 temporibus
2044 1483 2116 1549 et
2148 1499 2400 1550 eorum
2431 1479 2648 1552 vitam
2677 1480 2977 1576 quando
3002 1490 3216 1555 erant
3246 1482 3395 1555 uniti

751 1601 1292 1701 congregationi
1326 1600 1790 1689 Lombardie3
1839 1623 2094 1674 omnes
2126 1602 2319 1675 enim
2359 1602 2673 1676 fatentur
2702 1604 2963 1679 fratres
3004 1613 3301 1679 nostros
3324 1608 3397 1677 ad

755 1731 1188 1807 strictiorem
1218 1727 1436 1800 vitam
1472 1725 1865 1799 transiisse.
1905 1728 2133 1824 Hujus
2164 1728 2519 1802 reietiam
2553 1730 2837 1827 signum
2884 1736 2999 1803 est
3030 1731 3231 1828 quod
3256 1754 3397 1805 cum

754 1856 1219 1955 congregatio
1243 1851 1672 1927 Lombardie
1695 1851 2089 1927 obtinuerit
2115 1854 2944 1931 excommunicationem
2968 1854 3397 1953 spiritualem
3517 1838 3518 1845 ἵ

757 1986 1011 2055 contra
1049 2000 1174 2052 eos
1209 1976 1329 2073 qui
1361 1974 1515 2049 sine
1544 1974 1841 2049 licentia
1876 1974 1965 2049 ab
2006 1998 2094 2050 ea
2130 1977 2505 2068 recedunt,
2538 1983 2781 2052 tamen
2824 1981 2938 2055 vix
2976 1988 3225 2079 potest
3254 1980 3401 2054 reti·
3517 2066 3518 2081 ἶ

757 2128 929 2179 nere
959 2125 1126 2177 suos
1156 2102 1387 2176 bonos
1416 2100 1675 2173 fratres
1718 2107 1795 2172 ut
1830 2100 1921 2173 ad
1952 2124 2085 2174 nos
2116 2125 2263 2174 non
2300 2109 2702 2195 transeant;
2738 2111 2812 2176 et
2839 2107 2997 2203 jam
3030 2108 3298 2204 aliquot
3328 2130 3399 2177 ex
3517 2096 3518 2169 ἒ

756 2233 858 2305 eis
892 2228 1170 2327 probati
1197 2227 1323 2299 viri
1354 2226 1448 2301 ad
1472 2250 1604 2299 nos
1639 2226 2078 2299 transierunt
2109 2254 2123 2298 :
2150 2227 2241 2302 de
2272 2234 2515 2302 autem
2546 2230 2810 2303 nostris
2834 2231 2958 2326 qui
2990 2238 3168 2304 sunt
3190 2229 3395 2315 liberi,

759 2356 999 2431 nullus
1058 2354 1148 2427 ad
1210 2376 1336 2427 eos
1393 2353 1738 2449 probatus
1787 2351 2026 2425 adhuc
2082 2352 2404 2426 transivit
2454 2377 2591 2427 nec
2636 2356 2943 2431 transire
2998 2356 3179 2431 vult.
3224 2354 3401 2441 Quod

761 2490 831 2556 et
863 2505 952 2553 ex
985 2480 1124 2553 hoc
1155 2482 1380 2575 patet,
1415 2476 1583 2573 quia
1622 2476 1999 2550 audientes
2030 2476 2189 2574 ejus
2228 2477 2536 2573 predicti
2576 2479 2807 2553 brevis
2850 2488 3189 2555 tenorem
3226 2478 3397 2553 valde
3517 2572 3518 2581 ἶ

649 2664 655 2669 -
766 2605 1028 2681 turbati
1065 2610 1231 2677 sunt
1264 2626 1518 2696 omnes
1551 2607 1622 2674 et
1651 2606 2053 2675 statuerunt
2077 2626 2153 2675 se
2178 2602 2571 2678 defendere
2593 2629 2838 2679 coram
2862 2607 3258 2682 Sanctitate
3278 2627 3403 2677 ves·
3516 2650 3518 2675 <

766 2740 902 2821 tra,
938 2730 1264 2803 dicentes
1295 2725 1733 2800 unanimiter
1763 2750 1925 2800 sese
1957 2726 2137 2801 velle
2172 2750 2456 2804 servare
2489 2732 2683 2826 quod
2713 2735 2866 2805 Deo
2897 2731 3397 2828 promiserunt:
3517 2796 3518 2801 ,

769 2882 904 2933 nec
958 2857 1104 2930 ullo
1152 2861 1366 2952 pacto
1405 2855 1647 2927 volunt
1701 2854 1918 2928 vitam
1969 2855 2318 2946 relaxare,
2369 2855 2497 2928 sed
2544 2856 2620 2927 in
2664 2859 2817 2931 Deo
2860 2856 3159 2946 confisi,
3201 2854 3401 2949 magis

770 2983 1236 3077 restringere.
1273 2984 1615 3053 Preterea
1646 2979 1917 3052 scimus
1948 3002 2093 3051 nou
2124 3001 2284 3053 esse
2317 2980 2719 3053 intentione
2752 2980 3173 3057 Sanctitatis
3200 2984 3401 3052 vestre

769 3106 1433 3182 excommunicatos
1483 3110 1808 3201 pastores
1863 3102 2217 3200 preficere
2267 3104 2555 3190 ovibus;
2610 3106 3002 3179 nonenim
3054 3107 3404 3204 pascerent
3517 3136 3518 3145 2

771 3255 965 3322 oveS‚
1001 3231 1127 3305 sed
1169 3237 1508 3327 raperent
1553 3235 1623 3301 et
1667 3227 2107 3302 occiderent.
2144 3230 2293 3303 Scit
2333 3229 2548 3325 igitur
2577 3230 2933 3305 Sanctitas
2974 3240 3214 3306 vestra
3238 3225 3400 3325 quod

771 3362 1066 3453 propter
1096 3355 1465 3430 molestias
1495 3378 1674 3451 quas
1705 3354 1974 3427 nostris
2006 3353 2345 3428 fratribus
2377 3354 2771 3429 intulerunt
2804 3354 3067 3429 fratres
3102 3354 3406 3429 Lombar-

774 3480 888 3551 die
929 3480 1048 3574 qui
1081 3502 1250 3575 sepe
1290 3501 1547 3576 pacem
1587 3485 1911 3552 nostram
1950 3480 2483 3575 perturbarunt,
2528 3480 2667 3553 hec
2709 3480 2961 3555 reunio
3006 3506 3155 3555 non
3198 3481 3403 3576 potest

775 3628 936 3679 esse
967 3604 1104 3677 nisi
1135 3602 1336 3676 valde
1369 3602 1675 3676 molesta
1711 3602 2052 3677 fratribus
2092 3612 2164 3679 et
2203 3604 2479 3692 odiosa,
2529 3629 2614 3678 ex
2658 3629 2803 3701 qua
2846 3614 3242 3701 sequentur
3266 3624 3404 3701 per-

781 3728 1222 3804 turbationes
1279 3725 1516 3800 ovium
1582 3736 1656 3801 et
1708 3727 2047 3802 scandala
2098 3728 2335 3826 potius
2391 3753 2609 3825 quam
2665 3730 2932 3805 utilitas
2990 3732 3397 3804 animarum.

779 3854 982 3941 Quod
1011 3851 1228 3925 etiam
1253 3856 1452 3947 patet
1479 3872 1568 3923 ex
1596 3850 1765 3941 hoc,
1801 3851 1971 3947 quia
1999 3853 2286 3948 quando
2318 3854 2763 3950 temporibus
2796 3856 3175 3929 retroactis
3202 3857 3397 3931 erant,

780 3978 1120 4052 fratribus
1154 3974 1580 4049 Lombardie
1627 3974 1829 4065 uniti,
1868 4000 2235 4072 nunquam
2267 3987 2509 4050 veram
2548 4001 2803 4075 pacem
2832 3977 3241 4053 habuerunt
3266 3993 3399 4047 cum

782 4104 1066 4192 iisdem,
1101 4100 1271 4197 quia
1308 4124 1454 4173 non
1497 4108 1662 4173 sunt
1705 4101 2119 4175 conformes
2158 4102 2231 4175 in
2270 4101 2593 4177 moribus
2630 4128 2646 4177 :
2686 4103 2876 4177 unde
2910 4104 3136 4178 etiam
3174 4098 3403 4177 consti-

783 4232 1098 4305 tutiones
1150 4234 1397 4302 nostre
1455 4248 1602 4300 non
1658 4225 1812 4299 sine
1863 4249 2082 4299 causa
2129 4225 2263 4300 has
2310 4226 2490 4300 duas
2536 4227 2937 4324 provincias
2990 4228 3081 4301 ab
3134 4226 3397 4302 invicem

785 4356 1200 4427 diviserunt.
1246 4356 1588 4425 Preterea
1627 4352 1683 4423 si
1725 4352 2081 4427 Sanctitas
2124 4361 2358 4426 vestra
2398 4351 2679 4427 reuniat
2717 4359 3115 4426 conventus
3154 4356 3402 4427 nostros

785 4477 1252 4555 conventibus
1311 4476 1778 4566 Lombardie,
1837 4476 1937 4551 ita
1992 4476 2145 4550 sine
2204 4476 2417 4574 culpa
2468 4476 3037 4551 offenderentur.
3104 4480 3402 4551 Preterea

789 4628 952 4678 cum
999 4602 1354 4677 Sanctitas
1396 4607 1634 4674 vestra
1662 4602 1736 4673 in
1763 4600 1993 4674 literis
2038 4601 2181 4674 suis
2222 4602 2413 4677 dicat
2451 4625 2528 4676 se
2572 4602 2709 4676 hos
2752 4608 3151 4677 conventus
3188 4607 3255 4675 ot
3288 4596 3405 4669 fra-

791 4739 935 4803 tres
975 4730 1262 4802 reunire
1304 4725 1847 4822 congregationi
1896 4726 2352 4817 Lombardie,
2394 4751 2485 4801 ne
2526 4734 2910 4825 propterea
2944 4727 3270 4801 libertate
3302 4720 3406 4793 de-

788 4855 1032 4929 lectati
1077 4860 1468 4950 sequantur
1524 4875 1807 4925 errores
1848 4873 2052 4927 meos
2092 4860 2165 4927 et
2205 4854 2435 4927 tribus
2477 4853 2781 4927 fratrum
2823 4858 3236 4927 nostrorum
3272 4866 3405 4945 pre-
3517 4844 3518 4861 ¹

792 4982 1008 5077 cipiat
1048 4986 1124 5050 ut
1171 4977 1246 5049 in
1301 4977 1608 5051 termino
1652 5000 1910 5052 novem
1964 4978 2245 5051 dierum
2292 4977 2696 5052 Bononiam
2737 4976 3311 5075 proficiscantur3
3348 4972 3403 5039 el

792 5128 954 5179 cum
985 5109 1236 5175 notum
1271 5101 1360 5172 sit
1390 5124 1507 5173 me
1550 5102 1620 5173 in
1652 5103 1849 5177 nullo
1890 5126 2143 5177 eorum
2184 5122 2636 5199 errasseque
2666 5101 2844 5176 mihi
2884 5101 2977 5177 ab
3013 5093 3401 5176 adversariis

795 5234 1243 5337 arrogantur,
1293 5227 1745 5303 confidenter
1789 5230 2032 5305 dicere
2072 5251 2459 5328 possumus
2504 5230 2647 5303 hoc
2688 5252 2833 5304 non
2874 5252 3036 5304 esse
3076 5229 3167 5302 de
3202 5228 3400 5301 inten·
3517 5238 3518 5241 ’
