3625 6059
204 584 322 645 [Mai
343 584 484 645 1497]
865 581 1119 638 RERUM
1165 580 1622 641 URBANARUM
1668 582 2192 641 COMMENTARII.
2759 594 2863 647 367

205 734 386 830 quod
411 732 830 830 hujusmodi
875 731 1198 807 officium
1247 758 1470 830 usque
1511 736 1604 809 ad
1646 735 1965 810 futurum
2010 738 2427 833 generalem
2470 740 2862 835 capitulum

205 856 535 932 inclusive
590 880 931 932 exercere
993 856 1316 933 deberet.
1374 861 1573 935 Sedit
1629 862 1853 959 igitur
1900 862 1975 935 in
2023 862 2267 935 locum
2316 886 2526 937 suum
2584 872 2658 940 et
2714 890 2861 940 non

204 982 384 1057 dedit
435 988 716 1071 votum,
770 982 898 1055 sed
955 982 1275 1079 primum
1335 991 1575 1059 votum
1634 985 1833 1060 dedit
1890 986 2138 1061 frater.
2193 990 2277 1063 N.
2337 986 2426 1060 de
2482 990 2859 1087 FulgineO,

203 1106 544 1202 generalis
576 1111 951 1203 protector
993 1106 1162 1181 dicti
1205 1107 1502 1199 ordiniS,
1542 1116 1613 1184 et
1660 1118 1825 1207 post
1867 1134 2033 1185 eum
2082 1136 2179 1185 xv
2218 1113 2477 1186 fratres
2510 1114 2867 1191 electores

199 1258 270 1306 ac
291 1238 426 1305 tres
447 1239 898 1305 scrutatores
912 1232 1252 1328 predicti;
1281 1256 1535 1307 omnes
1561 1236 1999 1311 unanimiter
2024 1260 2151 1311 seu
2175 1238 2414 1333 potius
2454 1242 2858 1316 successive

200 1366 260 1431 et
288 1355 752 1431 concorditer
790 1356 1063 1430 dictum
1105 1358 1400 1434 fratrem
1438 1362 1839 1435 Marianum
1886 1361 2289 1459 elegerunt.
2325 1368 2473 1439 Hec
2515 1375 2621 1440 cst
2665 1368 2859 1441 ordi-

147 1478 154 1489 ’
203 1484 294 1555 nis
336 1482 818 1572 consuetudo,
857 1484 1052 1579 quod
1098 1508 1242 1556 xxv
1289 1486 1826 1582 provinciarum
1872 1512 2049 1584 quas
2091 1488 2269 1561 ordo
2309 1488 2463 1585 ipse
2513 1489 2854 1583 habebat,

208 1607 526 1707 religiosi,
563 1608 908 1683 videlicet
938 1631 1025 1683 ex
1057 1609 1376 1705 qualibet
1405 1611 1774 1707 provincia
1805 1620 1980 1702 treS,
2030 1619 2271 1687 votum
2306 1612 2625 1689 habeant
2662 1617 2857 1691 elec-

207 1736 428 1817 tivum,
466 1743 539 1809 et
583 1737 758 1833 quia
799 1760 944 1808 non
985 1736 1288 1810 aderant
1331 1760 1420 1810 ex
1458 1736 1762 1832 singulis
1807 1737 2228 1834 hujusmodi
2267 1739 2657 1836 provinciis
2689 1742 2859 1815 reli-

205 1862 396 1957 giosi,
451 1884 892 1935 concessum
961 1859 1094 1935 fuit
1159 1886 1292 1958 per
1357 1861 1582 1935 breve
1641 1860 2079 1959 protectoris
2120 1861 2503 1937 cardinalis
2553 1868 2855 1962 predicti

205 1988 522 2087 deputare
561 1990 830 2063 tratres
861 1989 936 2063 in
965 1990 1206 2063 locum
1237 1988 1534 2061 fratrum
1569 1987 2006 2075 absentium,
2040 1992 2202 2060 vota
2243 1988 2559 2085 eligendi
2590 1992 2861 2065 haben-

210 2114 402 2203 tium3
438 2115 556 2212 qui
601 2139 706 2191 ex
739 2115 930 2188 illius
973 2115 1216 2212 vigore
1259 2115 1364 2187 sic
1405 2113 1766 2209 deputavit
1809 2113 1999 2185 unde
2034 2112 2465 2209 eligentium
2511 2140 2857 2191 numerus

211 2240 698 2336 complebitur.
746 2244 967 2313 Facta
1003 2240 1422 2337 hujusmodi
1472 2238 1861 2327 electione,
1902 2238 2271 2311 exiverunt
2316 2240 2741 2332 sacristiam,
2787 2250 2858 2316 et

212 2364 476 2440 tratrem
495 2368 910 2439 Marianum
941 2366 1254 2439 electum
1285 2371 1446 2461 post
1481 2387 1556 2437 se
1579 2368 1949 2460 portantes
1980 2362 2321 2447 brachiiS,
2352 2364 2520 2458 quia
2546 2370 2737 2440 totus
2767 2389 2853 2440 ex

212 2489 592 2567 infirmitate
633 2492 860 2587 longa
894 2496 1310 2564 contractus
1341 2512 1710 2585 nunquam
1743 2493 2026 2585 poterat
2061 2487 2430 2562 ambulare
2476 2512 2493 2562 ε
2528 2490 2856 2565 fecerunt

215 2618 733 2710 processionem
759 2615 952 2689 circa
980 2614 1364 2689 ecclesiam
1383 2621 1455 2688 et
1475 2619 1913 2687 conventum
1944 2612 2351 2710 predictum
2382 2636 2583 2689 more
2612 2616 2849 2690 solito.

297 2742 694 2829 Dominica,
745 2747 832 2813 14
881 2739 1080 2828 maii,
1129 2739 1419 2813 infesto
1453 2743 1952 2827 PentecosteS,
2004 2740 2254 2811 Rmus.
2312 2742 2397 2811 D.
2450 2738 2853 2814 cardinales

219 2865 737 2962 Agrigentinus,
789 2889 938 2938 non
998 2865 1380 2963 episcopus
1449 2864 1578 2937 sed
1635 2863 2050 2960 presbyter,
2104 2861 2493 2935 celebravit
2554 2863 2851 2937 missam

223 2990 578 3067 solemnem
625 2993 712 3065 in
774 2992 1074 3066 basilica
1118 2988 1461 3086 principis
1511 2986 2005 3083 apostolorum
2061 2986 2149 3060 de
2201 2986 2415 3073 Urbe,
2460 3011 2645 3085 papa
2682 3013 2849 3086 pre-

222 3122 430 3187 sente:
471 3137 898 3189 sermonem
929 3114 1098 3187 fecit
1126 3114 1422 3210 quidam
1455 3112 1869 3210 capellanus
1902 3110 2089 3185 Rmi.
2128 3114 2214 3183 D.
2252 3111 2634 3185 cardinalis
2675 3118 2849 3188 Par-

221 3239 450 3311 mensis
505 3263 767 3337 grece,
819 3240 1161 3313 hebraice
1222 3245 1294 3313 et
1348 3238 1596 3312 latine.
1655 3240 1782 3311 SS.
1842 3240 1930 3309 D.
1994 3242 2247 3311 noster
2296 3236 2485 3311 infra
2552 3238 2849 3312 missam

223 3362 451 3459 recepit
498 3366 572 3437 in
623 3365 992 3463 prelatum
1041 3368 1126 3437 R.
1181 3366 1261 3436 T.
1308 3367 1394 3435 D.
1446 3362 1841 3436 Orlandum
1898 3361 1988 3435 de
2053 3360 2367 3451 UrsiniS,
2422 3362 2847 3460 episcopum

225 3485 566 3579 Nolanum,
625 3498 708 3565 et
762 3512 930 3562 eum
982 3488 1172 3561 inter
1232 3486 1410 3560 alios
1475 3487 1899 3561 assistentes
1951 3493 2021 3560 et
2079 3510 2215 3584 per
2272 3509 2399 3559 eos
2454 3488 2729 3586 recepit
2777 3496 2850 3563 et

229 3608 462 3685 admitti
479 3613 724 3711 jussit,
760 3620 976 3710 prout
1003 3612 1299 3685 factum.
1335 3616 1630 3709 Incepta
1659 3611 1906 3700 missa,
1940 3609 2135 3684 venit
2163 3610 2534 3706 processio
2573 3609 2849 3684 ordinis

232 3756 278 3803 s.
305 3738 656 3833 Augustini
691 3737 1013 3835 quinque
1044 3737 1344 3809 fratrum
1374 3736 1486 3809 vel
1519 3736 1712 3809 circa
1738 3760 1905 3809 cum
1947 3758 2201 3809 eorum
2228 3736 2548 3833 generali
2580 3737 2841 3824 electu,

231 3854 287 3927 in
313 3860 437 3936 fine
466 3864 947 3961 processionis
974 3866 1287 3960 portato,
1323 3862 1442 3957 qui
1479 3861 1881 3957 expectavit
1910 3860 2133 3933 finem
2161 3861 2379 3935 misse
2406 3884 2573 3935 cum
2598 3863 2845 3959 paucis

235 3980 518 4061 tratribus
580 3990 907 4087 reliquiS,
965 4011 1095 4062 suo
1158 3988 1412 4061 ordine
1467 3988 2014 4085 processionem
2078 3986 2577 4083 sequentibus.
2626 3988 2846 4060 Missa

236 4103 421 4201 finita,
447 4114 660 4190 frater
693 4114 1058 4188 Marianus
1105 4112 1379 4186 electus
1410 4119 1733 4210 portatus
1775 4118 1885 4186 est
1928 4111 2019 4185 ad
2058 4111 2281 4209 pedes
2326 4116 2547 4209 Pape,
2582 4112 2845 4208 quibus

238 4252 340 4322 per
364 4260 516 4312 eum
556 4240 922 4329 osculatis,
960 4238 1135 4312 dixit
1171 4262 1186 4311 ε
1221 4238 1641 4313 Beatissime
1667 4239 1916 4327 Pater,
1950 4239 2228 4336 factum
2260 4248 2365 4311 est
2405 4238 2599 4335 quod
2632 4238 2852 4311 voluit

238 4352 544 4437 Sanctitas
591 4378 818 4439 vestra
858 4360 1350 4437 commendans
1393 4364 1526 4437 sibi
1568 4364 1910 4451 ordinem,
1957 4369 2030 4437 et
2076 4367 2269 4459 Papa
2305 4361 2617 4436 laudavit
2658 4362 2847 4438 elec-

242 4482 422 4575 tores,
471 4494 539 4562 et
585 4490 856 4565 electus
914 4488 1138 4562 frater
1184 4490 1548 4564 Marianus
1599 4488 1971 4585 subjunxit
2019 4488 2077 4561 si
2128 4491 2323 4584 Papa
2380 4490 2844 4563 confirmaret

242 4602 488 4703 taetum3
513 4615 884 4715 respondit
911 4616 1238 4714 pontifex
1265 4610 1821 4713 {Approbamus
1853 4628 1916 4687 et
1949 4613 2475 4711 confirmamus.
2519 4616 2843 4689 Recessit

246 4724 422 4807 stater
447 4742 794 4817 Marianus
825 4749 898 4817 et
939 4766 1103 4815 cum
1149 4766 1237 4817 eo
1279 4742 1536 4814 fratres
1570 4739 1703 4828 sui,
1737 4736 2041 4837 pedibus
2088 4739 2277 4832 Pape
2308 4735 2506 4833 prius
2536 4760 2669 4833 per
2715 4760 2841 4812 eos

249 4859 558 4939 osculatis.

327 4982 634 5083 Sabbato,
669 4998 758 5066 ΞΟ
789 4990 983 5084 maii,
1028 4991 1268 5090 vigilia
1312 4988 1767 5063 sanctissime
1797 4983 2189 5076 Trinitatis,
2224 4986 2513 5081 fuerunt
2545 5009 2840 5083 vespere

250 5104 491 5196 papales
519 5110 587 5185 in
612 5117 888 5217 capella
915 5116 1198 5215 majori,
1233 5138 1421 5214 papa
1443 5120 1809 5214 presente,
1842 5112 2115 5209 absque
2147 5112 2839 5187 commemoratione

253 5219 556 5311 dominice
587 5244 913 5318 crastine.
