3625 6059
697 571 797 626 134
1608 568 1639 624 J
1644 566 1956 624 OHANNIS
2011 565 2452 634 BURCHARDI,
3053 563 3188 629 [Mat
3217 567 3340 630 1494]

701 746 935 819 neque
968 722 1059 798 de
1098 721 1482 812 Maritima,
1517 720 1782 795 ducatu
1804 719 2234 817 'Spoletan0‚
2271 719 2594 794 Marchia
2623 719 3097 810 Anconitana,
3143 721 3344 818 patri-

701 847 945 922 monio
993 846 1183 922 beati
1232 847 1420 924 Petri
1472 846 1539 920 in
1589 845 1875 936 Tuscia,
1925 849 2164 920 Massa
2205 844 2570 936 Trabaria‘,
2625 843 3125 938 Romandiola,
3177 845 3344 921 alma

704 973 921 1063 Urbe,
970 972 1043 1045 in
1084 971 1489 1046 civitatibus
1545 972 1920 1061 Perusina,
1979 969 2276 1046 Civitate
2317 970 2633 1062 Castelli,
2681 970 3145 1063 Bononiensi,
3191 975 3343 1045 Fer-

704 1097 1031 1190 rariensi‚
1084 1097 1568 1172 Avenionensi
1616 1102 1687 1170 et
1734 1095 2097 1171 Comitatu
2140 1096 2512 1171 Venusino
2559 1119 2686 1172 seu
2736 1095 2892 1170 aliis
2943 1095 3150 1170 terris
3195 1096 3336 1193 qui·-

704 1223 1147 1318 buscumque
1196 1222 1453 1320 prefati
1503 1223 1631 1295 SS.
1688 1225 1836 1295 DD.
1893 1223 1976 1294 N.
2032 1244 2216 1318 pape
2266 1221 2630 1310 dominiiS,
2688 1245 2816 1295 seu
2865 1221 3099 1296 feudis
3145 1222 3343 1318 ipsius

704 1347 1023 1422 Ecclesie
1067 1346 1363 1421 ubilibet
1396 1347 1837 1437 constitutiS,
1883 1369 1968 1420 ex
2007 1346 2500 1436 successione,
2542 1345 2655 1420 vel
2693 1345 2835 1419 alio
2876 1346 3125 1443 quovis
3167 1345 3343 1420 titulo

704 1473 809 1546 vel
852 1479 1221 1547 contractu
1272 1472 1379 1548 vel
1429 1472 1889 1546 matrimonio
1933 1495 2301 1568 nunquam
2347 1470 2524 1545 mihi
2571 1470 2943 1567 acquiram
2987 1469 3100 1544 vel
3142 1470 3346 1544 vindi-

706 1598 885 1673 cabo
936 1623 1067 1672 seu
1116 1602 1362 1696 petam
1416 1597 1792 1694 acquirere
1842 1596 1949 1670 vel
1999 1596 2545 1694 quomodolibet
2589 1595 2950 1671 vindicare
3005 1595 3152 1671 t‘et
3191 1595 3346 1670 nihil

704 1746 1023 1820 unquam
1072 1723 1424 1821 accipiam
1472 1722 1583 1795 vel
1633 1720 1922 1796 habebo
1971 1745 2101 1796 seu
2147 1722 2508 1812 retinebo,
2562 1721 2672 1795 vel
2719 1729 2963 1819 petam
3009 1723 3344 1819 accipere,

700 1851 974 1924 habere
1027 1856 1150 1923 aut
1194 1855 1669 1922 manutenere
1715 1846 1789 1920 in
1837 1847 1976 1921 illis
2015 1870 2253 1945 neque
2291 1846 2513 1920 ullam
2551 1847 3050 1943 potestariam‚
3103 1848 3349 1944 capita-

702 1976 897 2048 niam
921 1974 1033 2049 vel
1059 1973 1469 2064 rectoriam,
1502 1971 1927 2068 nullumque
1953 1972 2146 2048 aliud
2173 1972 2493 2046 officium
2519 1972 2863 2070 recipiam
2891 1997 3024 2047 seu
3053 1973 3347 2071 recipere

700 2108 941 2203 petam
990 2102 1064 2176 in
1114 2100 1390 2176 eisdem
1436 2123 1562 2175 seu
1610 2099 1932 2196 ipsorum
1983 2097 2310 2193 aliquod;
2365 2119 2500 2172 nec
2531 2098 2750 2172 etiam
2785 2100 3204 2196 acceptabo
3245 2106 3346 2172 aut

701 2227 1061 2326 acceptari
1118 2226 1563 2325 permittam,
1624 2247 1752 2298 seu
1812 2223 2074 2297 faciam
2132 2223 2486 2320 premissa
2545 2223 2656 2297 vel
2717 2230 2999 2320 partem
3063 2225 3346 2322 aliquam

700 2354 1157 2444 eorumdem,
1200 2375 1337 2426 nec
1378 2351 1500 2426 illa
1543 2349 1910 2426 offendam
1947 2349 2058 2423 vel
2098 2349 2528 2440 molestabo,
2565 2359 2702 2423 nec
2743 2351 2961 2426 etiam
2993 2373 3346 2427 romanam

701 2480 1101 2556 Ecclesiam
1133 2500 1421 2575 quoque
1462 2478 1598 2550 sub
1636 2475 1966 2550 censuris
1997 2475 2349 2572 penisque
2382 2473 2870 2572 spiritualibus
2901 2481 2974 2550 et
3007 2483 3346 2573 tempora-

698 2605 914 2695 libus,
950 2604 1024 2677 in
1066 2601 1500 2700 supradictis
1540 2600 2075 2676 conditionibus
2117 2605 2190 2672 et
2226 2599 2720 2676 infeudatione
2759 2603 3151 2695 contentis,
3193 2625 3347 2700 quas

700 2732 820 2805 hic
850 2728 1124 2804 habere
1154 2726 1314 2802 volo
1344 2727 1421 2800 in
1452 2725 1753 2823 singulis
1782 2725 1932 2799 suis
1963 2723 2287 2822 partibus
2320 2747 2452 2821 pro
2479 2726 2916 2823 specificatis
2946 2736 3024 2802 et
3056 2727 3348 2826 repetitis

705 2863 778 2931 et
802 2853 1165 2952 expressis
1200 2850 1719 2927 :schismatico
1750 2873 1883 2925 seu
1911 2849 2238 2924 heretico
2266 2850 2726 2948 cuicumque,
2751 2852 2862 2927 vel
2892 2877 2937 2927 a
2961 2853 3110 2928 fide
3139 2851 3344 2938 devio,

701 2987 773 3055 et
815 2979 905 3055 ab
954 2979 1113 3078 ipsa
1159 2977 1487 3052 Ecclesia
1523 2975 1840 3074 preciso,
1889 2978 2194 3074 ejusque
2241 2976 2672 3072 sequacibus
2711 2984 2836 3054 aut
2883 2976 3222 3055 dantibus
3259 2979 3347 3050 eis

701 3103 1113 3191 consilium,
1164 3103 1509 3178 auxilium
1550 3104 1663 3178 vel
1706 3103 2056 3194 favorem,
2105 3127 2254 3178 non
2287 3106 2473 3180 dabo
2523 3103 2772 3202 quovis
2817 3105 3040 3179 modo
3084 3127 3210 3203 per
3249 3125 3346 3177 me

700 3231 809 3305 v·el
841 3239 971 3328 pe‘r
1012 3230 1263 3320 alium,
1300 3253 1429 3304 seu
1472 3229 1679 3319 alioS,
1717 3228 1990 3304 directe
2032 3230 2142 3304 vel
2173 3230 2551 3322 indirecte,
2588 3230 2874 3329 publice
2911 3231 3026 3304 vel
3061 3229 3343 3317 occulte,

698 3353 1070 3445 auxilium,
1094 3354 1477 3428 consilium
1500 3355 1612 3428 vel
1636 3354 1980 3447 favorem,
2012 3379 2146 3430 nec
2173 3357 2264 3429 ab
2289 3357 2475 3448 aliis,
2505 3365 2850 3454 quantum
2877 3356 2949 3430 in
2971 3380 3096 3431 me
3127 3355 3344 3437 fuerit,

702 3481 763 3552 si
812 3477 1162 3575 impedire
1204 3483 1489 3576 potero,
1542 3479 1695 3552 dari
1742 3463 2187 3576 permittam,
2241 3481 2374 3556 sed
2421 3493 2546 3557 e‘os
2585 3484 2794 3580 juxta
2838 3505 3084 3580 posse,
3139 3482 3348 3555 donec

701 3609 1232 3696 convertantur,
1280 3627 1677 3702 persequar
1715 3611 1785 3679 et
1829 3605 2186 3681 invadam.
2233 3607 2349 3681 Sic
2389 3630 2508 3683 me
2551 3611 2750 3682 Deus
2791 3608 3084 3706 adjuvet
3123 3607 3346 3683 etheo

702 3733 951 3802 sancta
985 3727 1113 3802 Dei
1144 3729 1539 3826 evangelia.

812 3885 843 3920 «
887 3856 1148 3927 Datum
1174 3858 1402 3929 Rome
1429 3856 1617 3952 apud
1643 3865 1970 3930 sanctum
1999 3860 2294 3932 Petrum
2321 3881 2513 3931 anno
2541 3857 3062 3934 incarnationis
3088 3857 3346 3933 Domini

703 3981 1470 4072 MCCCCLXXXXIIII,
1542 3989 1797 4078 quarto
1857 3982 2143 4057 decimo
2200 3981 2546 4059 kalendas
2631 3987 2831 4077 maii,
2901 3985 3348 4084 pontificatus

705 4105 929 4178 nostri
962 4129 1153 4180 anno
1186 4106 1531 4180 secundo.
1584 4137 1617 4172 »

804 4235 1024 4305 Lecta
1059 4230 1275 4323 bulla,
1326 4231 1608 4307 accedit
1638 4256 1761 4305 rex
1802 4239 1874 4307 et
1907 4255 2154 4307 coram
2193 4235 2434 4332 legato
2467 4259 2683 4332 super
2722 4239 3098 4311 cussinum
3141 4257 3346 4334 genu-

704 4357 961 4445 flexuS,
996 4379 1084 4429 ex
1108 4355 1292 4431 libro
1324 4357 1471 4432 sive
1497 4357 1669 4431 folio
1700 4358 1792 4432 ad
1820 4358 1962 4433 hoc
1989 4358 2348 4452 ordinatO,
2378 4361 2554 4458 legit
2585 4362 2676 4436 de
2701 4363 2920 4437 verbo
2951 4364 3042 4437 ad
3074 4362 3346 4437 verbum

696 4485 1193 4580 juramentum
1226 4483 1359 4556 sub
1389 4483 1529 4558 hac
1560 4483 1797 4557 forma
1831 4513 1845 4556 ε
3031 4475 3036 4478 ’

806 4639 839 4674 «
885 4612 1035 4706 Ego
1055 4608 1468 4705 Alphonsus
1491 4609 1622 4684 Dei
1643 4610 1878 4706 gratia
1892 4633 2019 4684 rex
2039 4612 2308 4704 Sicilie,
2331 4614 2626 4712 plenum
2641 4615 3094 4715 homagium,
3117 4615 3344 4714 ligium

702 4739 777 4804 et
807 4733 1285 4830 vassalagium
1326 4733 1599 4808 faciens
1642 4736 1769 4808 SS.
1818 4738 1904 4808 D.
1951 4759 2116 4811 meo
2155 4738 2453 4815 domino
2491 4741 2902 4816 Alexandro
2943 4722 3128 4841 pape
3167 4743 3256 4817 Vl
3290 4741 3346 4808 et

706 4854 1026 4930 Ecclesia
1058 4880 1353 4933 romane
1380 4883 1511 4956 pro
1542 4881 1770 4956 regno
1808 4859 2078 4952 Sicilie,
2115 4869 2188 4938 et
2219 4869 2369 4939 tota
2399 4870 2616 4956 terra,
2658 4891 2798 4964 que
2831 4873 2941 4941 est
2971 4866 3153 4940 citra
3184 4862 3350 4938 Pha-

704 5004 891 5073 rum,
919 4983 1129 5079 juxta
1156 4992 1225 5057 et
1256 4987 1655 5062 secundum
1682 4989 1885 5064 illum
1913 4996 2176 5065 statum
2205 5013 2424 5086 quem
2453 4991 2686 5066 tenuit
2711 4999 2786 5065 et
2810 4991 3132 5089 possedit
3161 5007 3350 5061 reco-

698 5110 913 5184 lende
944 5111 1291 5187 momorie
1326 5113 1817 5190 Ferdinandus
1851 5118 2092 5191 Sicilie
2118 5139 2266 5206 rex,
2295 5117 2582 5212 genitor
2599 5139 2832 5207 meuS,
2860 5115 2932 5188 in
2954 5115 3150 5190 dicta
3177 5123 3347 5186 terra

701 5237 879 5311 citra
914 5238 1252 5340 Pharum,
1293 5263 1519 5335 usque
1554 5242 1644 5318 ad
1680 5242 1998 5318 confinia
2029 5251 2384 5316 terrarum
2419 5241 2642 5338 ipsius
2667 5241 3016 5328 Ecclesia,
3056 5241 3342 5334 excepta
