<?xml version="1.0" encoding="UTF-8"?>
<!DOCTYPE html PUBLIC "-//W3C//DTD XHTML 1.0 Transitional//EN"
    "http://www.w3.org/TR/xhtml1/DTD/xhtml1-transitional.dtd">
<html xmlns="http://www.w3.org/1999/xhtml" xml:lang="en" lang="en">
 <head>
  <title>
</title>
<meta http-equiv="Content-Type" content="text/html;charset=utf-8" />
  <meta name='ocr-system' content='tesseract 3.04.00' />
  <meta name='ocr-capabilities' content='ocr_page ocr_carea ocr_par ocr_line ocrx_word'/>
</head>
<body>
  <div class='ocr_page' id='page_1' title='image "./johannisburchar00unkngoog_0140.png"; bbox 0 0 3625 6059; ppageno 0'>
   <div class='ocr_carea' id='block_1_1' title="bbox 736 535 3376 607">
    <p class='ocr_par' dir='ltr' id='par_1_1' title="bbox 736 535 3376 607">
     <span class='ocr_line' id='line_1_1' title="bbox 736 535 3376 607; baseline -0.009 0"><span class='ocrx_word' id='word_1_1' title='bbox 736 550 839 607; x_wconf 85' lang='lat'>128</span> <span class='ocrx_word' id='word_1_2' title='bbox 1637 542 1914 600; x_wconf 75' lang='lat' dir='ltr'><strong>JOHANN</strong></span> <span class='ocrx_word' id='word_1_3' title='bbox 1921 539 1985 598; x_wconf 86' lang='lat' dir='ltr'>IS</span> <span class='ocrx_word' id='word_1_4' title='bbox 2032 538 2473 607; x_wconf 85' lang='lat' dir='ltr'>BURCHARDI,</span> <span class='ocrx_word' id='word_1_5' title='bbox 3095 535 3218 600; x_wconf 74' lang='lat' dir='ltr'>[Mai</span> <span class='ocrx_word' id='word_1_6' title='bbox 3249 535 3376 596; x_wconf 61' lang='lat'><strong>149⁴]</strong></span> 
     </span>
    </p>
   </div>
   <div class='ocr_carea' id='block_1_2' title="bbox 726 695 3394 4798">
    <p class='ocr_par' dir='ltr' id='par_1_2' title="bbox 830 695 2453 801">
     <span class='ocr_line' id='line_1_2' title="bbox 830 695 2453 801; baseline -0.007 -23"><span class='ocrx_word' id='word_1_7' title='bbox 830 708 1065 801; x_wconf 87' lang='lat' dir='ltr'>Prope</span> <span class='ocrx_word' id='word_1_8' title='bbox 1092 701 1313 777; x_wconf 89' lang='lat' dir='ltr'>altare</span> <span class='ocrx_word' id='word_1_9' title='bbox 1344 700 1491 776; x_wconf 88' lang='lat' dir='ltr'>sive</span> <span class='ocrx_word' id='word_1_10' title='bbox 1522 697 1968 773; x_wconf 83' lang='lat' dir='ltr'><strong>credentiam</strong></span> <span class='ocrx_word' id='word_1_11' title='bbox 2000 695 2143 770; x_wconf 85' lang='lat' dir='ltr'>sint</span> <span class='ocrx_word' id='word_1_12' title='bbox 2171 695 2399 793; x_wconf 85' lang='lat' dir='ltr'>parati</span> <span class='ocrx_word' id='word_1_13' title='bbox 2437 717 2453 766; x_wconf 78' lang='lat' dir='ltr'><em>z</em></span> 
     </span>
    </p>

    <p class='ocr_par' dir='ltr' id='par_1_3' title="bbox 830 817 2973 923">
     <span class='ocr_line' id='line_1_3' title="bbox 830 817 2973 923; baseline -0.006 -21"><span class='ocrx_word' id='word_1_14' title='bbox 830 829 1045 903; x_wconf 86' lang='lat' dir='ltr'>Liber</span> <span class='ocrx_word' id='word_1_15' title='bbox 1067 851 1232 901; x_wconf 91' lang='lat' dir='ltr'>cum</span> <span class='ocrx_word' id='word_1_16' title='bbox 1258 825 1553 923; x_wconf 86' lang='lat' dir='ltr'>psalmis</span> <span class='ocrx_word' id='word_1_17' title='bbox 1586 824 1822 911; x_wconf 82' lang='lat' dir='ltr'>Quam</span> <span class='ocrx_word' id='word_1_18' title='bbox 1851 823 2180 896; x_wconf 76' lang='lat' dir='ltr'>dilectum</span> <span class='ocrx_word' id='word_1_19' title='bbox 2208 832 2367 911; x_wconf 64' lang='lat' dir='ltr'>etc„</span> <span class='ocrx_word' id='word_1_20' title='bbox 2400 825 2472 894; x_wconf 89' lang='lat' dir='ltr'>et</span> <span class='ocrx_word' id='word_1_21' title='bbox 2503 817 2973 893; x_wconf 90' lang='lat' dir='ltr'>orationibus.</span> 
     </span>
    </p>

    <p class='ocr_par' dir='ltr' id='par_1_4' title="bbox 828 948 2020 1050">
     <span class='ocr_line' id='line_1_4' title="bbox 828 948 2020 1050; baseline -0.006 -23"><span class='ocrx_word' id='word_1_22' title='bbox 828 958 965 1027; x_wconf 89' lang='lat' dir='ltr'>Pro</span> <span class='ocrx_word' id='word_1_23' title='bbox 993 953 1235 1050; x_wconf 85' lang='lat' dir='ltr'>legato</span> <span class='ocrx_word' id='word_1_24' title='bbox 1260 950 1549 1048; x_wconf 91' lang='lat' dir='ltr'>quando</span> <span class='ocrx_word' id='word_1_25' title='bbox 1578 975 1655 1024; x_wconf 90' lang='lat' dir='ltr'>se</span> <span class='ocrx_word' id='word_1_26' title='bbox 1686 948 1970 1046; x_wconf 88' lang='lat' dir='ltr'>parabit</span> <span class='ocrx_word' id='word_1_27' title='bbox 2004 973 2020 1020; x_wconf 90' lang='lat'>:</span> 
     </span>
    </p>

    <p class='ocr_par' dir='ltr' id='par_1_5' title="bbox 726 1069 3390 3924">
     <span class='ocr_line' id='line_1_5' title="bbox 823 1069 3369 1170; baseline -0.005 -18"><span class='ocrx_word' id='word_1_28' title='bbox 823 1079 1135 1152; x_wconf 84' lang='lat' dir='ltr'>Missale.</span> <span class='ocrx_word' id='word_1_29' title='bbox 1165 1120 1261 1133; x_wconf 92' lang='lat'>·-</span> <span class='ocrx_word' id='word_1_30' title='bbox 1292 1074 1739 1150; x_wconf 79' lang='lat' dir='ltr'>Pontificale.</span> <span class='ocrx_word' id='word_1_31' title='bbox 1776 1117 1874 1130; x_wconf 90' lang='lat'>-—</span> <span class='ocrx_word' id='word_1_32' title='bbox 1905 1073 2118 1149; x_wconf 86' lang='lat' dir='ltr'>Liber</span> <span class='ocrx_word' id='word_1_33' title='bbox 2143 1072 2708 1170; x_wconf 83' lang='lat' dir='ltr'>evangeliorum.</span> <span class='ocrx_word' id='word_1_34' title='bbox 2741 1112 2838 1125; x_wconf 90' lang='lat'>—-</span> <span class='ocrx_word' id='word_1_35' title='bbox 2879 1070 3090 1144; x_wconf 85' lang='lat' dir='ltr'>Liber</span> <span class='ocrx_word' id='word_1_36' title='bbox 3117 1069 3369 1165; x_wconf 89' lang='lat' dir='ltr'>episto-</span> 
     </span>
     <span class='ocr_line' id='line_1_6' title="bbox 726 1192 3366 1300; baseline -0.006 -21"><span class='ocrx_word' id='word_1_37' title='bbox 726 1207 982 1279; x_wconf 88' lang='lat' dir='ltr'>larum.</span> <span class='ocrx_word' id='word_1_38' title='bbox 1026 1247 1122 1259; x_wconf 90' lang='lat'><em>-</em></span> <span class='ocrx_word' id='word_1_39' title='bbox 1175 1207 1458 1278; x_wconf 78' lang='lat' dir='ltr'>Lancea</span> <span class='ocrx_word' id='word_1_40' title='bbox 1502 1224 1634 1300; x_wconf 87' lang='lat' dir='ltr'>pro</span> <span class='ocrx_word' id='word_1_41' title='bbox 1683 1200 1943 1275; x_wconf 82' lang='lat' dir='ltr'>vexillo</span> <span class='ocrx_word' id='word_1_42' title='bbox 1990 1200 2141 1296; x_wconf 84' lang='lat' dir='ltr'>regi</span> <span class='ocrx_word' id='word_1_43' title='bbox 2204 1196 2466 1272; x_wconf 89' lang='lat' dir='ltr'>dando.</span> <span class='ocrx_word' id='word_1_44' title='bbox 2512 1240 2608 1252; x_wconf 93' lang='lat'>-—</span> <span class='ocrx_word' id='word_1_45' title='bbox 2657 1195 2871 1270; x_wconf 90' lang='lat' dir='ltr'>Liber</span> <span class='ocrx_word' id='word_1_46' title='bbox 2921 1192 3366 1280; x_wconf 85' lang='lat' dir='ltr'>letaniarum,</span> 
     </span>
     <span class='ocr_line' id='line_1_7' title="bbox 729 1323 3366 1428; baseline -0.005 -24"><span class='ocrx_word' id='word_1_47' title='bbox 729 1338 947 1428; x_wconf 85' lang='lat' dir='ltr'>quem</span> <span class='ocrx_word' id='word_1_48' title='bbox 993 1335 1236 1403; x_wconf 89' lang='lat' dir='ltr'>tamen</span> <span class='ocrx_word' id='word_1_49' title='bbox 1270 1334 1613 1426; x_wconf 89' lang='lat' dir='ltr'>poterunt</span> <span class='ocrx_word' id='word_1_50' title='bbox 1652 1333 1988 1400; x_wconf 87' lang='lat' dir='ltr'>cantores</span> <span class='ocrx_word' id='word_1_51' title='bbox 2029 1323 2218 1422; x_wconf 90' lang='lat' dir='ltr'>apud</span> <span class='ocrx_word' id='word_1_52' title='bbox 2263 1346 2342 1397; x_wconf 90' lang='lat' dir='ltr'>se</span> <span class='ocrx_word' id='word_1_53' title='bbox 2377 1328 2626 1397; x_wconf 89' lang='lat' dir='ltr'>tenere</span> <span class='ocrx_word' id='word_1_54' title='bbox 2669 1332 2742 1396; x_wconf 90' lang='lat' dir='ltr'>et</span> <span class='ocrx_word' id='word_1_55' title='bbox 2776 1344 3026 1395; x_wconf 88' lang='lat' dir='ltr'>secum</span> <span class='ocrx_word' id='word_1_56' title='bbox 3065 1323 3366 1416; x_wconf 86' lang='lat' dir='ltr'>portare,</span> 
     </span>
     <span class='ocr_line' id='line_1_8' title="bbox 728 1443 3373 1554; baseline -0.008 -22"><span class='ocrx_word' id='word_1_57' title='bbox 728 1456 1013 1554; x_wconf 84' lang='lat' dir='ltr'>quando</span> <span class='ocrx_word' id='word_1_58' title='bbox 1065 1453 1307 1528; x_wconf 87' lang='lat' dir='ltr'>dicent</span> <span class='ocrx_word' id='word_1_59' title='bbox 1352 1452 1721 1527; x_wconf 77' lang='lat' dir='ltr'><strong>letaniam.</strong></span> <span class='ocrx_word' id='word_1_60' title='bbox 1776 1495 1873 1507; x_wconf 89' lang='lat'><strong>—</strong></span> <span class='ocrx_word' id='word_1_61' title='bbox 1931 1449 2138 1524; x_wconf 87' lang='lat' dir='ltr'>Bulla</span> <span class='ocrx_word' id='word_1_62' title='bbox 2187 1447 2637 1544; x_wconf 81' lang='lat' dir='ltr'>indulgentie</span> <span class='ocrx_word' id='word_1_63' title='bbox 2689 1445 3010 1545; x_wconf 81' lang='lat' dir='ltr'>plenarie</span> <span class='ocrx_word' id='word_1_64' title='bbox 3055 1443 3373 1540; x_wconf 83' lang='lat' dir='ltr'>affigatur</span> 
     </span>
     <span class='ocr_line' id='line_1_9' title="bbox 728 1564 3373 1680; baseline -0.007 -25"><span class='ocrx_word' id='word_1_65' title='bbox 728 1581 1234 1680; x_wconf 75' lang='lat' dir='ltr'>prope&#39;altare,</span> <span class='ocrx_word' id='word_1_66' title='bbox 1272 1583 1349 1652; x_wconf 91' lang='lat' dir='ltr'>ut</span> <span class='ocrx_word' id='word_1_67' title='bbox 1382 1578 1472 1651; x_wconf 87' lang='lat' dir='ltr'>ab</span> <span class='ocrx_word' id='word_1_68' title='bbox 1516 1577 1855 1651; x_wconf 91' lang='lat' dir='ltr'>omnibus</span> <span class='ocrx_word' id='word_1_69' title='bbox 1893 1575 2243 1649; x_wconf 89' lang='lat' dir='ltr'>videatur.</span> <span class='ocrx_word' id='word_1_70' title='bbox 2279 1615 2376 1627; x_wconf 89' lang='lat'>—-</span> <span class='ocrx_word' id='word_1_71' title='bbox 2407 1575 2638 1668; x_wconf 88' lang='lat' dir='ltr'>Prope</span> <span class='ocrx_word' id='word_1_72' title='bbox 2683 1571 2907 1646; x_wconf 88' lang='lat' dir='ltr'>altare</span> <span class='ocrx_word' id='word_1_73' title='bbox 2937 1575 3233 1667; x_wconf 87' lang='lat' dir='ltr'>paretur</span> <span class='ocrx_word' id='word_1_74' title='bbox 3258 1564 3373 1638; x_wconf 85' lang='lat' dir='ltr'>fal-</span> 
     </span>
     <span class='ocr_line' id='line_1_10' title="bbox 730 1699 3378 1795; baseline -0.004 -16"><span class='ocrx_word' id='word_1_75' title='bbox 730 1705 1107 1780; x_wconf 87' lang='lat' dir='ltr'>distorium</span> <span class='ocrx_word' id='word_1_76' title='bbox 1144 1729 1312 1779; x_wconf 91' lang='lat' dir='ltr'>cum</span> <span class='ocrx_word' id='word_1_77' title='bbox 1354 1728 1484 1777; x_wconf 88' lang='lat' dir='ltr'>suo</span> <span class='ocrx_word' id='word_1_78' title='bbox 1523 1702 1812 1776; x_wconf 87' lang='lat' dir='ltr'>cussino</span> <span class='ocrx_word' id='word_1_79' title='bbox 1855 1705 1928 1775; x_wconf 89' lang='lat' dir='ltr'>et</span> <span class='ocrx_word' id='word_1_80' title='bbox 1962 1705 2305 1795; x_wconf 88' lang='lat' dir='ltr'>cooperta</span> <span class='ocrx_word' id='word_1_81' title='bbox 2342 1699 2432 1774; x_wconf 92' lang='lat' dir='ltr'>de</span> <span class='ocrx_word' id='word_1_82' title='bbox 2472 1699 2816 1773; x_wconf 89' lang='lat' dir='ltr'>bruccato</span> <span class='ocrx_word' id='word_1_83' title='bbox 2859 1721 3083 1772; x_wconf 88' lang='lat' dir='ltr'>aureo</span> <span class='ocrx_word' id='word_1_84' title='bbox 3127 1718 3378 1770; x_wconf 89' lang='lat' dir='ltr'>creme-</span> 
     </span>
     <span class='ocr_line' id='line_1_11' title="bbox 733 1825 3378 1926; baseline -0.004 -24"><span class='ocrx_word' id='word_1_85' title='bbox 733 1829 890 1903; x_wconf 89' lang='lat' dir='ltr'>sino</span> <span class='ocrx_word' id='word_1_86' title='bbox 914 1853 1046 1926; x_wconf 90' lang='lat' dir='ltr'>pro</span> <span class='ocrx_word' id='word_1_87' title='bbox 1066 1828 1334 1925; x_wconf 78' lang='lat' dir='ltr'>legato,</span> <span class='ocrx_word' id='word_1_88' title='bbox 1361 1870 1458 1881; x_wconf 91' lang='lat'><em>-</em></span> <span class='ocrx_word' id='word_1_89' title='bbox 1477 1825 1984 1899; x_wconf 88' lang='lat' dir='ltr'>Faldistorium</span> <span class='ocrx_word' id='word_1_90' title='bbox 2013 1825 2248 1898; x_wconf 86' lang='lat' dir='ltr'>simile</span> <span class='ocrx_word' id='word_1_91' title='bbox 2280 1849 2448 1898; x_wconf 91' lang='lat' dir='ltr'>cum</span> <span class='ocrx_word' id='word_1_92' title='bbox 2471 1848 2602 1899; x_wconf 92' lang='lat' dir='ltr'>suo</span> <span class='ocrx_word' id='word_1_93' title='bbox 2635 1825 2924 1898; x_wconf 89' lang='lat' dir='ltr'>cussino</span> <span class='ocrx_word' id='word_1_94' title='bbox 2953 1829 3028 1897; x_wconf 90' lang='lat' dir='ltr'>et</span> <span class='ocrx_word' id='word_1_95' title='bbox 3056 1827 3378 1918; x_wconf 88' lang='lat' dir='ltr'>cooperta</span> 
     </span>
     <span class='ocr_line' id='line_1_12' title="bbox 737 1948 3376 2050; baseline -0.004 -20"><span class='ocrx_word' id='word_1_96' title='bbox 737 1957 826 2030; x_wconf 93' lang='lat' dir='ltr'>de</span> <span class='ocrx_word' id='word_1_97' title='bbox 851 1956 1195 2031; x_wconf 90' lang='lat' dir='ltr'>bruccato</span> <span class='ocrx_word' id='word_1_98' title='bbox 1226 1977 1447 2029; x_wconf 86' lang='lat' dir='ltr'>aureo</span> <span class='ocrx_word' id='word_1_99' title='bbox 1488 1953 1653 2027; x_wconf 90' lang='lat' dir='ltr'>albo</span> <span class='ocrx_word' id='word_1_100' title='bbox 1684 1975 1818 2050; x_wconf 90' lang='lat' dir='ltr'>pro</span> <span class='ocrx_word' id='word_1_101' title='bbox 1847 1975 2046 2049; x_wconf 83' lang='lat' dir='ltr'>rege.</span> <span class='ocrx_word' id='word_1_102' title='bbox 2083 1993 2180 2005; x_wconf 89' lang='lat'>—-</span> <span class='ocrx_word' id='word_1_103' title='bbox 2207 1950 2424 2024; x_wconf 88' lang='lat' dir='ltr'>Aliud</span> <span class='ocrx_word' id='word_1_104' title='bbox 2461 1949 2940 2024; x_wconf 81' lang='lat' dir='ltr'>faldistorium</span> <span class='ocrx_word' id='word_1_105' title='bbox 2977 1948 3197 2023; x_wconf 89' lang='lat' dir='ltr'>altius</span> <span class='ocrx_word' id='word_1_106' title='bbox 3235 1969 3376 2020; x_wconf 89' lang='lat' dir='ltr'>cum</span> 
     </span>
     <span class='ocr_line' id='line_1_13' title="bbox 738 2073 3379 2172; baseline -0.003 -18"><span class='ocrx_word' id='word_1_107' title='bbox 738 2105 869 2154; x_wconf 89' lang='lat' dir='ltr'>suo</span> <span class='ocrx_word' id='word_1_108' title='bbox 914 2078 1255 2168; x_wconf 87' lang='lat' dir='ltr'>scabell0‚</span> <span class='ocrx_word' id='word_1_109' title='bbox 1292 2083 1366 2152; x_wconf 88' lang='lat' dir='ltr'>et</span> <span class='ocrx_word' id='word_1_110' title='bbox 1398 2075 1680 2152; x_wconf 90' lang='lat' dir='ltr'>duobus</span> <span class='ocrx_word' id='word_1_111' title='bbox 1720 2074 2028 2149; x_wconf 90' lang='lat' dir='ltr'>cussinis</span> <span class='ocrx_word' id='word_1_112' title='bbox 2071 2099 2156 2149; x_wconf 90' lang='lat' dir='ltr'>ac</span> <span class='ocrx_word' id='word_1_113' title='bbox 2197 2083 2542 2172; x_wconf 90' lang='lat' dir='ltr'>cooperta</span> <span class='ocrx_word' id='word_1_114' title='bbox 2581 2076 2812 2149; x_wconf 84' lang='lat' dir='ltr'>simile</span> <span class='ocrx_word' id='word_1_115' title='bbox 2851 2073 3015 2148; x_wconf 89' lang='lat' dir='ltr'>alba</span> <span class='ocrx_word' id='word_1_116' title='bbox 3055 2097 3190 2172; x_wconf 87' lang='lat' dir='ltr'>pro</span> <span class='ocrx_word' id='word_1_117' title='bbox 3227 2096 3379 2169; x_wconf 86' lang='lat' dir='ltr'>rege</span> 
     </span>
     <span class='ocr_line' id='line_1_14' title="bbox 740 2200 3380 2302; baseline -0.003 -23"><span class='ocrx_word' id='word_1_118' title='bbox 740 2229 955 2302; x_wconf 84' lang='lat' dir='ltr'>super</span> <span class='ocrx_word' id='word_1_119' title='bbox 984 2204 1202 2301; x_wconf 90' lang='lat' dir='ltr'>quod,</span> <span class='ocrx_word' id='word_1_120' title='bbox 1242 2201 1415 2276; x_wconf 91' lang='lat' dir='ltr'>dum</span> <span class='ocrx_word' id='word_1_121' title='bbox 1455 2200 1815 2276; x_wconf 85' lang='lat' dir='ltr'>confessio</span> <span class='ocrx_word' id='word_1_122' title='bbox 1855 2201 1930 2273; x_wconf 88' lang='lat' dir='ltr'>in</span> <span class='ocrx_word' id='word_1_123' title='bbox 1977 2201 2199 2275; x_wconf 85' lang='lat' dir='ltr'>missa</span> <span class='ocrx_word' id='word_1_124' title='bbox 2242 2200 2524 2291; x_wconf 87' lang='lat' dir='ltr'>dicitur,</span> <span class='ocrx_word' id='word_1_125' title='bbox 2565 2201 3034 2298; x_wconf 85' lang='lat' dir='ltr'>genuflectet.</span> <span class='ocrx_word' id='word_1_126' title='bbox 3077 2241 3178 2254; x_wconf 93' lang='lat'><strong>—</strong></span> <span class='ocrx_word' id='word_1_127' title='bbox 3215 2203 3380 2285; x_wconf 86' lang='lat' dir='ltr'>Qua-</span> 
     </span>
     <span class='ocr_line' id='line_1_15' title="bbox 738 2324 3382 2423; baseline -0.001 -25"><span class='ocrx_word' id='word_1_128' title='bbox 738 2334 905 2400; x_wconf 89' lang='lat' dir='ltr'>tuor</span> <span class='ocrx_word' id='word_1_129' title='bbox 932 2327 1051 2400; x_wconf 90' lang='lat' dir='ltr'>alii</span> <span class='ocrx_word' id='word_1_130' title='bbox 1080 2327 1349 2402; x_wconf 87' lang='lat' dir='ltr'>cussini</span> <span class='ocrx_word' id='word_1_131' title='bbox 1384 2325 1709 2400; x_wconf 88' lang='lat' dir='ltr'>bruccati</span> <span class='ocrx_word' id='word_1_132' title='bbox 1739 2324 1882 2399; x_wconf 83' lang='lat' dir='ltr'>albi</span> <span class='ocrx_word' id='word_1_133' title='bbox 1907 2349 2038 2423; x_wconf 91' lang='lat' dir='ltr'>pro</span> <span class='ocrx_word' id='word_1_134' title='bbox 2069 2349 2242 2422; x_wconf 84' lang='lat' dir='ltr'>rege</span> <span class='ocrx_word' id='word_1_135' title='bbox 2283 2325 2571 2422; x_wconf 88' lang='lat' dir='ltr'>quando</span> <span class='ocrx_word' id='word_1_136' title='bbox 2611 2348 2860 2400; x_wconf 89' lang='lat' dir='ltr'>coram</span> <span class='ocrx_word' id='word_1_137' title='bbox 2901 2325 3148 2421; x_wconf 86' lang='lat' dir='ltr'>legato</span> <span class='ocrx_word' id='word_1_138' title='bbox 3181 2348 3382 2421; x_wconf 83' lang='lat' dir='ltr'>genu-</span> 
     </span>
     <span class='ocr_line' id='line_1_16' title="bbox 742 2449 3380 2547; baseline -0.002 -23"><span class='ocrx_word' id='word_1_139' title='bbox 742 2451 1011 2542; x_wconf 85' lang='lat' dir='ltr'>flectet,</span> <span class='ocrx_word' id='word_1_140' title='bbox 1057 2459 1127 2526; x_wconf 89' lang='lat' dir='ltr'>et</span> <span class='ocrx_word' id='word_1_141' title='bbox 1166 2453 1300 2526; x_wconf 86' lang='lat' dir='ltr'>sub</span> <span class='ocrx_word' id='word_1_142' title='bbox 1333 2451 1603 2525; x_wconf 87' lang='lat' dir='ltr'>letania</span> <span class='ocrx_word' id='word_1_143' title='bbox 1640 2450 2242 2547; x_wconf 88' lang='lat' dir='ltr'>prosternabitur.</span> <span class='ocrx_word' id='word_1_144' title='bbox 2281 2493 2379 2506; x_wconf 89' lang='lat'><strong>—</strong></span> <span class='ocrx_word' id='word_1_145' title='bbox 2424 2455 2580 2526; x_wconf 93' lang='lat' dir='ltr'>Duo</span> <span class='ocrx_word' id='word_1_146' title='bbox 2621 2449 2938 2526; x_wconf 82' lang='lat' dir='ltr'>scabella</span> <span class='ocrx_word' id='word_1_147' title='bbox 2975 2450 3234 2523; x_wconf 85' lang='lat' dir='ltr'>viridia</span> <span class='ocrx_word' id='word_1_148' title='bbox 3273 2473 3380 2545; x_wconf 86' lang='lat' dir='ltr'>pro</span> 
     </span>
     <span class='ocr_line' id='line_1_17' title="bbox 744 2573 3384 2674; baseline -0.002 -26"><span class='ocrx_word' id='word_1_149' title='bbox 744 2575 1024 2650; x_wconf 88' lang='lat' dir='ltr'>duobus</span> <span class='ocrx_word' id='word_1_150' title='bbox 1058 2576 1348 2673; x_wconf 88' lang='lat' dir='ltr'>prelatis</span> <span class='ocrx_word' id='word_1_151' title='bbox 1379 2578 1531 2674; x_wconf 85' lang='lat' dir='ltr'>regi</span> <span class='ocrx_word' id='word_1_152' title='bbox 1564 2573 2098 2650; x_wconf 76' lang='lat' dir='ltr'>assistentibus.</span> <span class='ocrx_word' id='word_1_153' title='bbox 2123 2575 2455 2650; x_wconf 88' lang='lat' dir='ltr'>—Aliud</span> <span class='ocrx_word' id='word_1_154' title='bbox 2481 2576 2714 2651; x_wconf 88' lang='lat' dir='ltr'>simile</span> <span class='ocrx_word' id='word_1_155' title='bbox 2734 2599 2864 2673; x_wconf 92' lang='lat' dir='ltr'>pro</span> <span class='ocrx_word' id='word_1_156' title='bbox 2890 2575 3168 2650; x_wconf 86' lang='lat' dir='ltr'>letania</span> <span class='ocrx_word' id='word_1_157' title='bbox 3195 2597 3384 2670; x_wconf 84' lang='lat' dir='ltr'>super</span> 
     </span>
     <span class='ocr_line' id='line_1_18' title="bbox 745 2698 3381 2798; baseline -0.003 -24"><span class='ocrx_word' id='word_1_158' title='bbox 745 2725 887 2796; x_wconf 85' lang='lat' dir='ltr'>quo</span> <span class='ocrx_word' id='word_1_159' title='bbox 944 2707 1277 2775; x_wconf 85' lang='lat' dir='ltr'>cantores</span> <span class='ocrx_word' id='word_1_160' title='bbox 1334 2707 1609 2797; x_wconf 89' lang='lat' dir='ltr'>ponent</span> <span class='ocrx_word' id='word_1_161' title='bbox 1658 2699 1952 2774; x_wconf 87' lang='lat' dir='ltr'>librum.</span> <span class='ocrx_word' id='word_1_162' title='bbox 2015 2743 2111 2755; x_wconf 94' lang='lat'>-—</span> <span class='ocrx_word' id='word_1_163' title='bbox 2165 2705 2479 2776; x_wconf 88' lang='lat' dir='ltr'>Scamna</span> <span class='ocrx_word' id='word_1_164' title='bbox 2536 2725 2666 2798; x_wconf 89' lang='lat' dir='ltr'>pro</span> <span class='ocrx_word' id='word_1_165' title='bbox 2728 2700 3027 2798; x_wconf 89' lang='lat' dir='ltr'>prelatis</span> <span class='ocrx_word' id='word_1_166' title='bbox 3088 2698 3381 2798; x_wconf 83' lang='lat' dir='ltr'>paratis:</span> 
     </span>
     <span class='ocr_line' id='line_1_19' title="bbox 744 2823 3386 2923; baseline -0.002 -26"><span class='ocrx_word' id='word_1_167' title='bbox 744 2823 1110 2920; x_wconf 86' lang='lat' dir='ltr'>digniores</span> <span class='ocrx_word' id='word_1_168' title='bbox 1169 2825 1523 2900; x_wconf 87' lang='lat' dir='ltr'>sedebunt</span> <span class='ocrx_word' id='word_1_169' title='bbox 1571 2826 1646 2898; x_wconf 91' lang='lat' dir='ltr'>in</span> <span class='ocrx_word' id='word_1_170' title='bbox 1705 2826 2214 2918; x_wconf 81' lang='lat' dir='ltr'>anterioribuS‚</span> <span class='ocrx_word' id='word_1_171' title='bbox 2261 2826 2384 2900; x_wconf 89' lang='lat' dir='ltr'>hic</span> <span class='ocrx_word' id='word_1_172' title='bbox 2441 2834 2513 2900; x_wconf 88' lang='lat' dir='ltr'>et</span> <span class='ocrx_word' id='word_1_173' title='bbox 2569 2825 2736 2900; x_wconf 89' lang='lat' dir='ltr'>inde</span> <span class='ocrx_word' id='word_1_174' title='bbox 2791 2831 3010 2923; x_wconf 87' lang='lat' dir='ltr'>caput</span> <span class='ocrx_word' id='word_1_175' title='bbox 3055 2829 3386 2898; x_wconf 85' lang='lat' dir='ltr'>vertentes</span> 
     </span>
     <span class='ocr_line' id='line_1_20' title="bbox 740 2945 3385 3048; baseline -0.002 -24"><span class='ocrx_word' id='word_1_176' title='bbox 740 2973 989 3024; x_wconf 86' lang='lat' dir='ltr'>versus</span> <span class='ocrx_word' id='word_1_177' title='bbox 1030 2948 1278 3025; x_wconf 87' lang='lat' dir='ltr'>altare.</span> <span class='ocrx_word' id='word_1_178' title='bbox 1311 2992 1410 3005; x_wconf 89' lang='lat'>—-</span> <span class='ocrx_word' id='word_1_179' title='bbox 1440 2951 1830 3024; x_wconf 85' lang='lat' dir='ltr'>Thalamus</span> <span class='ocrx_word' id='word_1_180' title='bbox 1866 2974 2030 3025; x_wconf 91' lang='lat' dir='ltr'>cum</span> <span class='ocrx_word' id='word_1_181' title='bbox 2071 2951 2243 3026; x_wconf 90' lang='lat' dir='ltr'>sede</span> <span class='ocrx_word' id='word_1_182' title='bbox 2286 2951 2511 3048; x_wconf 86' lang='lat' dir='ltr'>regali</span> <span class='ocrx_word' id='word_1_183' title='bbox 2554 2956 2626 3024; x_wconf 91' lang='lat' dir='ltr'>et</span> <span class='ocrx_word' id='word_1_184' title='bbox 2667 2950 3088 3048; x_wconf 86' lang='lat' dir='ltr'>postergali.</span> <span class='ocrx_word' id='word_1_185' title='bbox 3123 2989 3222 3004; x_wconf 93' lang='lat'>—</span> <span class='ocrx_word' id='word_1_186' title='bbox 3247 2945 3385 3020; x_wconf 87' lang='lat' dir='ltr'>Fal-</span> 
     </span>
     <span class='ocr_line' id='line_1_21' title="bbox 742 3069 3388 3171; baseline -0.002 -23"><span class='ocrx_word' id='word_1_187' title='bbox 742 3074 1121 3148; x_wconf 87' lang='lat' dir='ltr'>distorium</span> <span class='ocrx_word' id='word_1_188' title='bbox 1169 3075 1315 3149; x_wconf 89' lang='lat' dir='ltr'>sive</span> <span class='ocrx_word' id='word_1_189' title='bbox 1368 3074 1639 3148; x_wconf 90' lang='lat' dir='ltr'>sediale</span> <span class='ocrx_word' id='word_1_190' title='bbox 1669 3098 1838 3147; x_wconf 90' lang='lat' dir='ltr'>cum</span> <span class='ocrx_word' id='word_1_191' title='bbox 1890 3075 2080 3171; x_wconf 90' lang='lat' dir='ltr'>palio</span> <span class='ocrx_word' id='word_1_192' title='bbox 2134 3075 2456 3149; x_wconf 88' lang='lat' dir='ltr'>bruccati</span> <span class='ocrx_word' id='word_1_193' title='bbox 2509 3081 2583 3149; x_wconf 91' lang='lat' dir='ltr'>et</span> <span class='ocrx_word' id='word_1_194' title='bbox 2635 3073 2918 3148; x_wconf 90' lang='lat' dir='ltr'>duobus</span> <span class='ocrx_word' id='word_1_195' title='bbox 2966 3075 3276 3148; x_wconf 85' lang='lat' dir='ltr'>cussinis</span> <span class='ocrx_word' id='word_1_196' title='bbox 3313 3069 3388 3143; x_wconf 87' lang='lat' dir='ltr'>ad</span> 
     </span>
     <span class='ocr_line' id='line_1_22' title="bbox 742 3198 3386 3297; baseline -0.003 -25"><span class='ocrx_word' id='word_1_197' title='bbox 742 3200 1375 3295; x_wconf 85' lang='lat' dir='ltr'>genuflectendum</span> <span class='ocrx_word' id='word_1_198' title='bbox 1421 3223 1554 3297; x_wconf 91' lang='lat' dir='ltr'>pro</span> <span class='ocrx_word' id='word_1_199' title='bbox 1604 3223 1802 3297; x_wconf 86' lang='lat' dir='ltr'>rege.</span> <span class='ocrx_word' id='word_1_200' title='bbox 1853 3241 1949 3254; x_wconf 92' lang='lat'>·-</span> <span class='ocrx_word' id='word_1_201' title='bbox 1995 3200 2284 3275; x_wconf 88' lang='lat' dir='ltr'>Missale</span> <span class='ocrx_word' id='word_1_202' title='bbox 2324 3225 2456 3297; x_wconf 90' lang='lat' dir='ltr'>pro</span> <span class='ocrx_word' id='word_1_203' title='bbox 2494 3200 2761 3297; x_wconf 79' lang='lat' dir='ltr'>legato,</span> <span class='ocrx_word' id='word_1_204' title='bbox 2799 3241 2900 3254; x_wconf 93' lang='lat'><strong>—</strong></span> <span class='ocrx_word' id='word_1_205' title='bbox 2945 3198 3238 3274; x_wconf 87' lang='lat' dir='ltr'>Missale</span> <span class='ocrx_word' id='word_1_206' title='bbox 3277 3217 3386 3293; x_wconf 86' lang='lat' dir='ltr'>pro</span> 
     </span>
     <span class='ocr_line' id='line_1_23' title="bbox 745 3320 3384 3421; baseline -0.001 -27"><span class='ocrx_word' id='word_1_207' title='bbox 745 3344 943 3418; x_wconf 84' lang='lat' dir='ltr'>rege.</span> <span class='ocrx_word' id='word_1_208' title='bbox 977 3365 1074 3376; x_wconf 92' lang='lat'>--</span> <span class='ocrx_word' id='word_1_209' title='bbox 1105 3320 1593 3399; x_wconf 78' lang='lat' dir='ltr'>Scamna&#39;sive</span> <span class='ocrx_word' id='word_1_210' title='bbox 1626 3323 1943 3398; x_wconf 91' lang='lat' dir='ltr'>scabella</span> <span class='ocrx_word' id='word_1_211' title='bbox 1979 3349 2109 3421; x_wconf 89' lang='lat' dir='ltr'>pro</span> <span class='ocrx_word' id='word_1_212' title='bbox 2149 3323 2538 3421; x_wconf 85' lang='lat' dir='ltr'>regalibus.</span> <span class='ocrx_word' id='word_1_213' title='bbox 2573 3368 2670 3380; x_wconf 89' lang='lat'>—-</span> <span class='ocrx_word' id='word_1_214' title='bbox 2711 3324 3240 3398; x_wconf 87' lang='lat' dir='ltr'>Baldachinum</span> <span class='ocrx_word' id='word_1_215' title='bbox 3273 3343 3384 3417; x_wconf 91' lang='lat' dir='ltr'>pro</span> 
     </span>
     <span class='ocr_line' id='line_1_24' title="bbox 745 3447 3383 3562; baseline 0 -44"><span class='ocrx_word' id='word_1_216' title='bbox 745 3468 947 3542; x_wconf 87' lang='lat' dir='ltr'>rege,</span> <span class='ocrx_word' id='word_1_217' title='bbox 1002 3447 1135 3521; x_wconf 88' lang='lat' dir='ltr'>sub</span> <span class='ocrx_word' id='word_1_218' title='bbox 1196 3473 1364 3544; x_wconf 92' lang='lat' dir='ltr'>qu0,</span> <span class='ocrx_word' id='word_1_219' title='bbox 1418 3456 1834 3541; x_wconf 81' lang='lat' dir='ltr'>coronatuS,</span> <span class='ocrx_word' id='word_1_220' title='bbox 1887 3450 2092 3562; x_wconf 72' lang='lat' dir='ltr'>finita</span> <span class='ocrx_word' id='word_1_221' title='bbox 2134 3453 2382 3541; x_wconf 82' lang='lat' dir='ltr'>missa,</span> <span class='ocrx_word' id='word_1_222' title='bbox 2433 3450 2784 3549; x_wconf 76' lang='lat' dir='ltr'>equitabit</span> <span class='ocrx_word' id='word_1_223' title='bbox 2837 3473 2969 3546; x_wconf 89' lang='lat' dir='ltr'>per</span> <span class='ocrx_word' id='word_1_224' title='bbox 3019 3450 3383 3532; x_wconf 81' lang='lat' dir='ltr'>civitatem,</span> 
     </span>
     <span class='ocr_line' id='line_1_25' title="bbox 748 3571 3388 3684; baseline 0.001 -42"><span class='ocrx_word' id='word_1_225' title='bbox 748 3571 940 3666; x_wconf 88' lang='lat' dir='ltr'>quod</span> <span class='ocrx_word' id='word_1_226' title='bbox 976 3580 1307 3669; x_wconf 90' lang='lat' dir='ltr'>paratum</span> <span class='ocrx_word' id='word_1_227' title='bbox 1359 3575 1711 3684; x_wconf 82' lang='lat' dir='ltr'>habeatur</span> <span class='ocrx_word' id='word_1_228' title='bbox 1768 3601 1994 3674; x_wconf 89' lang='lat' dir='ltr'>prope</span> <span class='ocrx_word' id='word_1_229' title='bbox 2051 3586 2332 3674; x_wconf 85' lang='lat' dir='ltr'>portam</span> <span class='ocrx_word' id='word_1_230' title='bbox 2375 3577 2850 3674; x_wconf 85' lang='lat' dir='ltr'>principalem</span> <span class='ocrx_word' id='word_1_231' title='bbox 2899 3574 3242 3664; x_wconf 86' lang='lat' dir='ltr'>ecclesie,</span> <span class='ocrx_word' id='word_1_232' title='bbox 3281 3593 3388 3670; x_wconf 87' lang='lat' dir='ltr'>per</span> 
     </span>
     <span class='ocr_line' id='line_1_26' title="bbox 750 3701 3390 3800; baseline -0.001 -32"><span class='ocrx_word' id='word_1_233' title='bbox 750 3719 967 3792; x_wconf 90' lang='lat' dir='ltr'>quam</span> <span class='ocrx_word' id='word_1_234' title='bbox 1009 3723 1137 3772; x_wconf 87' lang='lat' dir='ltr'>rex</span> <span class='ocrx_word' id='word_1_235' title='bbox 1185 3705 1358 3773; x_wconf 89' lang='lat' dir='ltr'>tunc</span> <span class='ocrx_word' id='word_1_236' title='bbox 1408 3701 1661 3775; x_wconf 85' lang='lat' dir='ltr'>exibit.</span> <span class='ocrx_word' id='word_1_237' title='bbox 1720 3744 1818 3756; x_wconf 89' lang='lat'>—-</span> <span class='ocrx_word' id='word_1_238' title='bbox 1853 3705 2080 3778; x_wconf 89' lang='lat' dir='ltr'>Locus</span> <span class='ocrx_word' id='word_1_239' title='bbox 2119 3727 2250 3800; x_wconf 90' lang='lat' dir='ltr'>pro</span> <span class='ocrx_word' id='word_1_240' title='bbox 2311 3701 2757 3776; x_wconf 87' lang='lat' dir='ltr'>cantoribus.</span> <span class='ocrx_word' id='word_1_241' title='bbox 2804 3741 2900 3754; x_wconf 89' lang='lat'>—</span> <span class='ocrx_word' id='word_1_242' title='bbox 2939 3701 3252 3774; x_wconf 87' lang='lat' dir='ltr'>Scamna</span> <span class='ocrx_word' id='word_1_243' title='bbox 3283 3717 3390 3795; x_wconf 86' lang='lat' dir='ltr'>pro</span> 
     </span>
     <span class='ocr_line' id='line_1_27' title="bbox 750 3821 2577 3924; baseline 0.003 -32"><span class='ocrx_word' id='word_1_244' title='bbox 750 3821 1167 3896; x_wconf 78' lang='lat' dir='ltr'>baronibus,</span> <span class='ocrx_word' id='word_1_245' title='bbox 1202 3867 1299 3878; x_wconf 90' lang='lat'><strong>—</strong></span> <span class='ocrx_word' id='word_1_246' title='bbox 1328 3827 1669 3900; x_wconf 87' lang='lat' dir='ltr'>Sacristia</span> <span class='ocrx_word' id='word_1_247' title='bbox 1698 3827 1789 3900; x_wconf 90' lang='lat' dir='ltr'>ad</span> <span class='ocrx_word' id='word_1_248' title='bbox 1818 3827 2270 3901; x_wconf 89' lang='lat' dir='ltr'>vestiendum</span> <span class='ocrx_word' id='word_1_249' title='bbox 2303 3851 2577 3924; x_wconf 85' lang='lat' dir='ltr'>regem.</span> 
     </span>
    </p>

    <p class='ocr_par' dir='ltr' id='par_1_6' title="bbox 756 3947 3394 4798">
     <span class='ocr_line' id='line_1_28' title="bbox 857 3947 3391 4051; baseline 0.002 -30"><span class='ocrx_word' id='word_1_250' title='bbox 857 3947 1118 4022; x_wconf 81' lang='lat' dir='ltr'>Prolati</span> <span class='ocrx_word' id='word_1_251' title='bbox 1160 3959 1503 4046; x_wconf 89' lang='lat' dir='ltr'>parentur</span> <span class='ocrx_word' id='word_1_252' title='bbox 1558 3975 1774 4047; x_wconf 90' lang='lat' dir='ltr'>super</span> <span class='ocrx_word' id='word_1_253' title='bbox 1822 3952 2231 4042; x_wconf 89' lang='lat' dir='ltr'>rochetum,</span> <span class='ocrx_word' id='word_1_254' title='bbox 2277 3953 2574 4042; x_wconf 88' lang='lat' dir='ltr'>amictu,</span> <span class='ocrx_word' id='word_1_255' title='bbox 2622 3955 3161 4051; x_wconf 89' lang='lat' dir='ltr'>superpellicio,</span> <span class='ocrx_word' id='word_1_256' title='bbox 3209 3949 3391 4026; x_wconf 74' lang='lat' dir='ltr'>stola.</span> 
     </span>
     <span class='ocr_line' id='line_1_29' title="bbox 756 4074 3394 4175; baseline 0.001 -27"><span class='ocrx_word' id='word_1_257' title='bbox 756 4074 1045 4170; x_wconf 79' lang='lat' dir='ltr'>pluviali</span> <span class='ocrx_word' id='word_1_258' title='bbox 1094 4080 1168 4147; x_wconf 87' lang='lat' dir='ltr'>et</span> <span class='ocrx_word' id='word_1_259' title='bbox 1210 4076 1427 4149; x_wconf 87' lang='lat' dir='ltr'>mitra</span> <span class='ocrx_word' id='word_1_260' title='bbox 1474 4076 1809 4173; x_wconf 86' lang='lat' dir='ltr'>simplici,</span> <span class='ocrx_word' id='word_1_261' title='bbox 1847 4077 1985 4169; x_wconf 84' lang='lat' dir='ltr'>vel,</span> <span class='ocrx_word' id='word_1_262' title='bbox 2020 4079 2182 4152; x_wconf 88' lang='lat' dir='ltr'>loco</span> <span class='ocrx_word' id='word_1_263' title='bbox 2233 4077 2743 4174; x_wconf 90' lang='lat' dir='ltr'>superpellicii‚</span> <span class='ocrx_word' id='word_1_264' title='bbox 2779 4087 3122 4175; x_wconf 88' lang='lat' dir='ltr'>poterunt</span> <span class='ocrx_word' id='word_1_265' title='bbox 3165 4098 3394 4175; x_wconf 82' lang='lat' dir='ltr'>capere</span> 
     </span>
     <span class='ocr_line' id='line_1_30' title="bbox 758 4199 3394 4300; baseline -0.002 -27"><span class='ocrx_word' id='word_1_266' title='bbox 758 4200 997 4273; x_wconf 86' lang='lat' dir='ltr'>albam</span> <span class='ocrx_word' id='word_1_267' title='bbox 1034 4206 1105 4274; x_wconf 88' lang='lat' dir='ltr'>et</span> <span class='ocrx_word' id='word_1_268' title='bbox 1144 4201 1559 4297; x_wconf 82' lang='lat' dir='ltr'>cingulum3</span> <span class='ocrx_word' id='word_1_269' title='bbox 1613 4201 1797 4276; x_wconf 89' lang='lat' dir='ltr'>stola</span> <span class='ocrx_word' id='word_1_270' title='bbox 1836 4209 1907 4276; x_wconf 89' lang='lat' dir='ltr'>et</span> <span class='ocrx_word' id='word_1_271' title='bbox 1942 4202 2251 4299; x_wconf 86' lang='lat' dir='ltr'>pluviale</span> <span class='ocrx_word' id='word_1_272' title='bbox 2293 4208 2634 4300; x_wconf 86' lang='lat' dir='ltr'>poterunt</span> <span class='ocrx_word' id='word_1_273' title='bbox 2682 4227 2843 4277; x_wconf 89' lang='lat' dir='ltr'>esse</span> <span class='ocrx_word' id='word_1_274' title='bbox 2884 4204 3027 4278; x_wconf 87' lang='lat' dir='ltr'>albi</span> <span class='ocrx_word' id='word_1_275' title='bbox 3071 4202 3184 4280; x_wconf 82' lang='lat' dir='ltr'>vel</span> <span class='ocrx_word' id='word_1_276' title='bbox 3215 4199 3394 4275; x_wconf 84' lang='lat' dir='ltr'>rubei</span> 
     </span>
     <span class='ocr_line' id='line_1_31' title="bbox 762 4322 3392 4423; baseline 0 -27"><span class='ocrx_word' id='word_1_277' title='bbox 762 4322 1053 4414; x_wconf 81' lang='lat' dir='ltr'>coloriS,</span> <span class='ocrx_word' id='word_1_278' title='bbox 1088 4326 1255 4419; x_wconf 90' lang='lat' dir='ltr'>quia</span> <span class='ocrx_word' id='word_1_279' title='bbox 1285 4325 1488 4400; x_wconf 85' lang='lat' dir='ltr'>albus</span> <span class='ocrx_word' id='word_1_280' title='bbox 1520 4326 1723 4401; x_wconf 89' lang='lat' dir='ltr'>color</span> <span class='ocrx_word' id='word_1_281' title='bbox 1752 4327 2087 4402; x_wconf 87' lang='lat' dir='ltr'>convenit</span> <span class='ocrx_word' id='word_1_282' title='bbox 2115 4327 2562 4402; x_wconf 87' lang='lat' dir='ltr'>coronationi</span> <span class='ocrx_word' id='word_1_283' title='bbox 2594 4333 2666 4402; x_wconf 89' lang='lat' dir='ltr'>et</span> <span class='ocrx_word' id='word_1_284' title='bbox 2697 4329 2964 4402; x_wconf 90' lang='lat' dir='ltr'>rubeus</span> <span class='ocrx_word' id='word_1_285' title='bbox 2993 4328 3243 4420; x_wconf 91' lang='lat' dir='ltr'>misse,</span> <span class='ocrx_word' id='word_1_286' title='bbox 3275 4347 3392 4423; x_wconf 90' lang='lat' dir='ltr'>que</span> 
     </span>
     <span class='ocr_line' id='line_1_32' title="bbox 764 4447 3392 4549; baseline 0.001 -29"><span class='ocrx_word' id='word_1_287' title='bbox 764 4447 853 4522; x_wconf 91' lang='lat' dir='ltr'>de</span> <span class='ocrx_word' id='word_1_288' title='bbox 886 4448 1151 4545; x_wconf 84' lang='lat' dir='ltr'>Spiritu</span> <span class='ocrx_word' id='word_1_289' title='bbox 1192 4459 1442 4524; x_wconf 87' lang='lat' dir='ltr'>sancto</span> <span class='ocrx_word' id='word_1_290' title='bbox 1490 4450 1799 4542; x_wconf 86' lang='lat' dir='ltr'>dicetur,</span> <span class='ocrx_word' id='word_1_291' title='bbox 1841 4458 1909 4526; x_wconf 91' lang='lat' dir='ltr'>et</span> <span class='ocrx_word' id='word_1_292' title='bbox 1951 4453 2248 4548; x_wconf 87' lang='lat' dir='ltr'>quilibet</span> <span class='ocrx_word' id='word_1_293' title='bbox 2294 4452 2557 4527; x_wconf 90' lang='lat' dir='ltr'>habeat</span> <span class='ocrx_word' id='word_1_294' title='bbox 2609 4453 3028 4549; x_wconf 79' lang='lat' dir='ltr'>pontificale</span> <span class='ocrx_word' id='word_1_295' title='bbox 3079 4461 3154 4528; x_wconf 89' lang='lat' dir='ltr'>et</span> <span class='ocrx_word' id='word_1_296' title='bbox 3195 4473 3392 4526; x_wconf 89' lang='lat' dir='ltr'>uuum</span> 
     </span>
     <span class='ocr_line' id='line_1_33' title="bbox 764 4573 3388 4677; baseline 0.001 -30"><span class='ocrx_word' id='word_1_297' title='bbox 764 4573 1219 4670; x_wconf 87' lang='lat' dir='ltr'>capellanum</span> <span class='ocrx_word' id='word_1_298' title='bbox 1272 4576 1785 4673; x_wconf 86' lang='lat' dir='ltr'>superpellicio</span> <span class='ocrx_word' id='word_1_299' title='bbox 1826 4575 2157 4650; x_wconf 90' lang='lat' dir='ltr'>indutum</span> <span class='ocrx_word' id='word_1_300' title='bbox 2203 4601 2370 4650; x_wconf 93' lang='lat' dir='ltr'>cum</span> <span class='ocrx_word' id='word_1_301' title='bbox 2413 4577 2756 4674; x_wconf 86' lang='lat' dir='ltr'>mappula</span> <span class='ocrx_word' id='word_1_302' title='bbox 2794 4579 2982 4653; x_wconf 88' lang='lat' dir='ltr'>collo</span> <span class='ocrx_word' id='word_1_303' title='bbox 3022 4577 3388 4677; x_wconf 75' lang='lat' dir='ltr'>pendente,</span> 
     </span>
     <span class='ocr_line' id='line_1_34' title="bbox 762 4700 2367 4798; baseline 0.003 -25"><span class='ocrx_word' id='word_1_304' title='bbox 762 4700 884 4796; x_wconf 90' lang='lat' dir='ltr'>qui</span> <span class='ocrx_word' id='word_1_305' title='bbox 918 4701 1050 4774; x_wconf 85' lang='lat' dir='ltr'>sibi</span> <span class='ocrx_word' id='word_1_306' title='bbox 1077 4700 1167 4776; x_wconf 93' lang='lat' dir='ltr'>de</span> <span class='ocrx_word' id='word_1_307' title='bbox 1193 4702 1588 4798; x_wconf 85' lang='lat' dir='ltr'>pontificali</span> <span class='ocrx_word' id='word_1_308' title='bbox 1622 4702 1882 4776; x_wconf 86' lang='lat' dir='ltr'>serviat</span> <span class='ocrx_word' id='word_1_309' title='bbox 1909 4707 1982 4775; x_wconf 91' lang='lat' dir='ltr'>et</span> <span class='ocrx_word' id='word_1_310' title='bbox 2012 4700 2098 4775; x_wconf 93' lang='lat' dir='ltr'>de</span> <span class='ocrx_word' id='word_1_311' title='bbox 2131 4704 2367 4778; x_wconf 88' lang='lat' dir='ltr'>mitra.</span> 
     </span>
    </p>
   </div>
   <div class='ocr_carea' id='block_1_3' title="bbox 860 4815 3543 4921">
    <p class='ocr_par' dir='ltr' id='par_1_7' title="bbox 860 4815 3543 4921">
     <span class='ocr_line' id='line_1_35' title="bbox 860 4815 3543 4921; baseline -0.001 -24"><span class='ocrx_word' id='word_1_312' title='bbox 860 4824 935 4897; x_wconf 91' lang='lat' dir='ltr'>ln</span> <span class='ocrx_word' id='word_1_313' title='bbox 967 4849 1129 4899; x_wconf 87' lang='lat' dir='ltr'>sero</span> <span class='ocrx_word' id='word_1_314' title='bbox 1156 4827 1595 4921; x_wconf 85' lang='lat' dir='ltr'>precedente</span> <span class='ocrx_word' id='word_1_315' title='bbox 1636 4826 1830 4901; x_wconf 92' lang='lat' dir='ltr'>diem</span> <span class='ocrx_word' id='word_1_316' title='bbox 1861 4827 2374 4917; x_wconf 88' lang='lat' dir='ltr'>coronationis,</span> <span class='ocrx_word' id='word_1_317' title='bbox 2411 4828 2790 4902; x_wconf 87' lang='lat' dir='ltr'>claudatur</span> <span class='ocrx_word' id='word_1_318' title='bbox 2816 4828 3127 4903; x_wconf 85' lang='lat' dir='ltr'>ecclesia</span> <span class='ocrx_word' id='word_1_319' title='bbox 3157 4834 3225 4900; x_wconf 91' lang='lat' dir='ltr'>et</span> <span class='ocrx_word' id='word_1_320' title='bbox 3253 4847 3396 4898; x_wconf 89' lang='lat' dir='ltr'>cus·</span> <span class='ocrx_word' id='word_1_321' title='bbox 3541 4815 3543 4830; x_wconf 88' lang='lat'>&#39;</span> 
     </span>
    </p>
   </div>
   <div class='ocr_carea' id='block_1_4' title="bbox 760 4948 3396 5302">
    <p class='ocr_par' dir='ltr' id='par_1_8' title="bbox 760 4948 3396 5302">
     <span class='ocr_line' id='line_1_36' title="bbox 767 4948 3394 5050; baseline -0.002 -26"><span class='ocrx_word' id='word_1_322' title='bbox 767 4950 971 5024; x_wconf 88' lang='lat' dir='ltr'>todes</span> <span class='ocrx_word' id='word_1_323' title='bbox 1024 4948 1503 5026; x_wconf 89' lang='lat' dir='ltr'>adhibeantur</span> <span class='ocrx_word' id='word_1_324' title='bbox 1566 4953 1902 5026; x_wconf 91' lang='lat' dir='ltr'>omnibus</span> <span class='ocrx_word' id='word_1_325' title='bbox 1949 4953 2200 5049; x_wconf 76' lang='lat' dir='ltr'>portia,</span> <span class='ocrx_word' id='word_1_326' title='bbox 2253 4961 2323 5028; x_wconf 89' lang='lat' dir='ltr'>et</span> <span class='ocrx_word' id='word_1_327' title='bbox 2371 4953 2533 5027; x_wconf 89' lang='lat' dir='ltr'>loco</span> <span class='ocrx_word' id='word_1_328' title='bbox 2594 4960 2998 5046; x_wconf 88' lang='lat' dir='ltr'>cantorum,</span> <span class='ocrx_word' id='word_1_329' title='bbox 3047 4958 3394 5050; x_wconf 87' lang='lat' dir='ltr'>suggesto,</span> 
     </span>
     <span class='ocr_line' id='line_1_37' title="bbox 760 5072 3084 5175; baseline 0.002 -28"><span class='ocrx_word' id='word_1_330' title='bbox 760 5072 1241 5172; x_wconf 76' lang='lat' dir='ltr'>presbyter-ie,</span> <span class='ocrx_word' id='word_1_331' title='bbox 1280 5074 1595 5148; x_wconf 88' lang='lat' dir='ltr'>thalamo</span> <span class='ocrx_word' id='word_1_332' title='bbox 1622 5084 1694 5150; x_wconf 87' lang='lat' dir='ltr'>et</span> <span class='ocrx_word' id='word_1_333' title='bbox 1724 5077 2050 5152; x_wconf 77' lang='lat' dir='ltr'>sacristie</span> <span class='ocrx_word' id='word_1_334' title='bbox 2081 5099 2310 5172; x_wconf 87' lang='lat' dir='ltr'>usque</span> <span class='ocrx_word' id='word_1_335' title='bbox 2341 5077 2432 5152; x_wconf 91' lang='lat' dir='ltr'>ad</span> <span class='ocrx_word' id='word_1_336' title='bbox 2463 5078 2653 5175; x_wconf 87' lang='lat' dir='ltr'>regis</span> <span class='ocrx_word' id='word_1_337' title='bbox 2679 5079 3084 5153; x_wconf 88' lang='lat' dir='ltr'>introitum.</span> 
     </span>
     <span class='ocr_line' id='line_1_38' title="bbox 864 5199 3396 5302; baseline -0.001 -30"><span class='ocrx_word' id='word_1_338' title='bbox 864 5199 1443 5274; x_wconf 81' lang='lat' dir='ltr'>intromittantur</span> <span class='ocrx_word' id='word_1_339' title='bbox 1500 5200 1618 5296; x_wconf 89' lang='lat' dir='ltr'>qui</span> <span class='ocrx_word' id='word_1_340' title='bbox 1678 5201 1977 5276; x_wconf 88' lang='lat' dir='ltr'>sedeant</span> <span class='ocrx_word' id='word_1_341' title='bbox 2038 5225 2258 5297; x_wconf 86' lang='lat' dir='ltr'>super</span> <span class='ocrx_word' id='word_1_342' title='bbox 2321 5203 2662 5300; x_wconf 86' lang='lat' dir='ltr'>gradibus</span> <span class='ocrx_word' id='word_1_343' title='bbox 2711 5205 2784 5277; x_wconf 89' lang='lat' dir='ltr'>in</span> <span class='ocrx_word' id='word_1_344' title='bbox 2845 5201 3202 5302; x_wconf 88' lang='lat' dir='ltr'>capitibus</span> <span class='ocrx_word' id='word_1_345' title='bbox 3252 5221 3396 5274; x_wconf 86' lang='lat' dir='ltr'>cor-</span> 
     </span>
    </p>
   </div>
   <div class='ocr_carea' id='block_1_5' title="bbox 3537 4553 3548 5391">
    <p class='ocr_par' dir='ltr' id='par_1_9' title="bbox 3537 4553 3548 5391">
     <span class='ocr_line' id='line_1_39' title="bbox 3537 4553 3548 5391; baseline 0 0"><span class='ocrx_word' id='word_1_346' title='bbox 3537 4553 3548 5391; x_wconf 95' lang='lat' dir='ltr'> </span> 
     </span>
    </p>
   </div>
  </div>
 </body>
</html>
