3625 6059
676 566 750 639 5'2
1371 606 1380 613 -
1606 564 1959 629 JOHANNIS
2008 569 2453 637 BURCHARDI,
3010 576 3176 638 [nm
3210 572 3359 633 ¹49³]

681 730 877 827 pule,
923 728 1243 805 medulla
1279 724 1513 826 paniS,
1560 723 1802 798 oleum
1844 724 2572 814 cathecumenorum,
2606 724 2906 799 baculus
2938 728 3359 825 pastoraliS,

678 880 912 931 canna
939 880 1086 931 una
1118 854 1428 944 curtine,
1465 849 1647 924 calix
1679 872 1845 923 cum
1874 850 2041 924 vino
2080 856 2156 925 et
2194 873 2385 947 aqua
2426 872 2511 923 ac
2540 856 2833 947 patena,
2868 850 3111 925 hostia
3136 850 3363 925 desn-

676 1005 810 1080 per
857 981 1120 1081 posita,
1184 977 1424 1052 danda
1481 974 1831 1049 cardinali
1881 975 1953 1049 in
2012 975 2509 1063 ordinatione;
2543 975 2807 1072 quibus
2864 976 3049 1050 datis
3100 984 3365 1074 poste-a

677 1106 1052 1197 cardinali,
1111 1101 1446 1181 evacuavi
1517 1099 1823 1176 calicem
1890 1107 1962 1175 et
2030 1100 2266 1175 amovi
2328 1099 2675 1193 hostiam,
2738 1125 2825 1175 ac
2874 1101 3084 1199 posui
3140 1100 3360 1176 aliam

679 1238 1104 1307 consuetam
1137 1254 1356 1329 super
1377 1234 1719 1328 patenam
1749 1249 1879 1325 pro
1912 1225 2257 1324 episcopo
2290 1232 2365 1300 et
2390 1225 2752 1301 minorem
2780 1249 2913 1324 pro
2943 1226 3307 1303 cardinale
3336 1254 3353 1317 ;

667 1358 876 1455 juxta
921 1355 1371 1431 credentiam
1425 1361 1676 1452 parata
1721 1352 2010 1426 fuerunt
2058 1351 2203 1425 duo
2245 1348 2603 1424 intortitia
2662 1349 2853 1439 alba,
2928 1349 3075 1424 duo
3120 1376 3355 1450 panes

675 1480 946 1579 magni,
1010 1503 1197 1553 unus
1252 1478 1650 1567 inauratus»,
1725 1476 1911 1550 alius
1968 1475 2468 1573 inargentatus
2526 1483 2601 1549 et
2662 1474 2805 1548 duo
2864 1471 3121 1549 barilia
3174 1477 3351 1566 vini,

677 1632 902 1681 unum
949 1606 1364 1681 inauratum
1409 1606 1478 1674 et
1524 1599 1722 1674 aliud
1758 1600 2323 1696 inargentatum,
2368 1610 2572 1670 arma
2610 1594 2995 1671 cardinalis
3034 1604 3107 1672 et
3156 1600 3356 1696 epis—

675 1733 838 1832 copi
869 1730 1364 1830 predictorum
1392 1725 1469 1800 in
1515 1724 1735 1798 fundo
1775 1708 2147 1813 habentia,
2192 1745 2323 1819 pro
2362 1722 2779 1811 offertorio;
2823 1729 2898 1796 et
2925 1723 3173 1799 casula
3200 1725 3351 1799 sive

675 1858 968 1955 planeta
995 1879 1126 1954 pro
1157 1850 1522 1929 cardinale
1554 1857 1806 1948 parata
1836 1855 1994 1924 erat
2025 1847 2297 1922 ibidem
2328 1847 2403 1920 in
2432 1846 2835 1923 credentia.

774 1979 1046 2054 Paratis
1085 1980 1428 2076 episcopo
1469 1982 1542 2049 et
1578 1973 1949 2050 cardinale
1988 1974 2334 2072 predictis
2366 1973 2441 2046 in
2466 1972 2869 2049 faldistorio
2908 1981 2985 2048 et
3022 1976 3345 2053 scabello

678 2101 856 2194 suia,
915 2105 1314 2202 respective
1357 2104 1666 2179 accessit
1717 2111 1887 2178 ante
1945 2103 2171 2177 altare
2228 2102 2645 2200 episcopua,
2699 2106 2773 2175 et
2824 2100 3155 2198 deposita
3210 2102 3317 2176 sib

679 2227 918 2320 mitra,
971 2230 1145 2303 dixit
1186 2230 1728 2305 consessionem
1773 2252 1941 2302 cum
2004 2227 2371 2302 cardinale
2430 2251 2475 2300 a
2520 2225 2828 2300 sinistris
2878 2227 3026 2300 suis
3072 2234 3347 2311 stante;

675 2377 818 2451 qua
845 2354 1064 2445 dicta,
1101 2358 1490 2455 episcopus
1517 2354 1823 2429 accessit
1854 2353 1946 2428 ad
1974 2354 2227 2445 altare,
2270 2359 2344 2426 et
2382 2352 2456 2425 in
2501 2351 2743 2425 medio
2788 2375 2876 2426 eo
2912 2352 3241 2427 osculato
3265 2376 3353 2427 ac

671 2472 858 2556 libro
905 2484 1469 2581 evangeliorum,
1527 2481 1704 2554 dixit
1745 2480 1820 2552 in
1866 2476 2096 2554 cornu
2148 2478 2457 2577 epistole
2498 2476 2896 2569 introitum,
2943 2478 3352 2553 orationem

672 2605 762 2679 de
796 2613 1048 2681 sancto
1083 2608 1458 2703 Gregorio,
1495 2613 1568 2681 et
1597 2630 1729 2704 pro
1761 2604 2169 2679 ordinando
2216 2605 2351 2677 sub
2382 2626 2527 2678 una
2552 2602 3047 2694 conclusione,
3083 2604 3351 2679 deinde

674 2728 1372 2805 commemoratione
1403 2731 1494 2804 de
1530 2730 1708 2805 feria
1727 2729 1863 2803 sub
1890 2753 2023 2803 sua
2044 2728 2541 2820 conclusione,
2568 2727 2977 2827 epistolam,
3004 2730 3349 2820 graduale

678 2860 750 2927 et
808 2860 1120 2929 tractum
1180 2878 1411 2953 usque
1471 2856 1564 2930 ad
1638 2834 1973 2930 ultimum
2040 2878 2332 2929 versum
2402 2854 2797 2945 exclusive;
2862 2852 3118 2928 eadem
3172 2854 3355 2929 dixit

679 2979 900 3057 etiam
965 2981 1348 3056 cardinalis
1407 2988 1605 3056 stans
1663 2980 1738 3055 in
1794 3004 2019 3056 cornu
2094 2980 2473 3077 evangelii,
2526 3004 2675 3054 non
2736 2986 2975 3053 tamen
3018 3002 3063 3053 a
3116 2979 3349 3055 latere

684 3106 1032 3203 episcopi,
1065 3106 1193 3181 sed
1219 3107 1290 3179 in
1314 3108 1573 3205 capite.

783 3229 907 3303 His
955 3229 1191 3322 dietis,
1239 3231 1626 3330 episcopus
1673 3239 1975 3330 accepta
2020 3232 2235 3305 mitra
2276 3230 2673 3328 genuflexit
2711 3230 2785 3303 in
2829 3229 3229 3305 faldistorio
3272 3230 3349 3305 in

683 3354 923 3429 medio
963 3353 1208 3429 altaris
1251 3355 1384 3428 sibi
1435 3363 1730 3454 parat03
1767 3356 2155 3432 cardinalis
2194 3356 2287 3430 ad
2320 3358 2482 3455 ejus
2522 3354 2887 3430 sinistram
2926 3363 3091 3431 ante
3120 3356 3349 3431 altare

583 3556 587 3562 .
679 3504 758 3555 se
814 3479 1220 3577 prostravit,
1281 3489 1493 3578 prout
1543 3482 1624 3556 fit
1675 3482 1747 3555 in
1802 3482 2473 3557 consecrationibus
2540 3480 2970 3572 electorum,
3035 3488 3113 3555 et.
3164 3479 3345 3554 dixit

676 3604 1025 3681 letaniam
1076 3605 1460 3704 episcopus
1512 3613 1586 3681 et
1630 3607 2072 3682 cardinalem
2120 3607 2492 3681 benedixit
2538 3612 2753 3706 prout
2799 3607 2873 3681 in
2917 3605 3343 3704 pontificali,

679 3731 1019 3806 baculum
1063 3731 1502 3829 pastoralem
1544 3738 1718 3807 tunc
1757 3732 1835 3805 in
1881 3732 2166 3807 sinistra
2197 3739 2456 3807 tenens
2494 3758 2511 3807 :
2554 3732 2761 3808 finita
2796 3732 3069 3821 litania,
3115 3731 3346 3830 depo-

681 3854 815 3929 sita
859 3853 992 3928 fuit
1037 3853 1422 3930 dalmatica
1471 3880 1516 3931 a
1567 3856 1961 3947 cardinale,
2016 3857 2137 3955 qui
2189 3880 2437 3933 coram
2484 3858 2829 3956 episcopo
2876 3864 3049 3932 ante
3088 3855 3343 3931 faldis-

679 3980 943 4055 torium
974 4003 1142 4055 cum
1173 3981 1390 4055 mitra
1429 3990 1666 4059 stante
1711 3983 2145 4082 genuflexit;
2196 3984 2319 4081 qui
2360 3984 2749 4081 episcopus
2788 3983 3041 4057 ambas
3082 4004 3345 4056 manus

676 4104 914 4200 posuit
967 4128 1187 4201 super
1241 4114 1458 4205 caput
1527 4108 1913 4183 cardinalis
1978 4108 2159 4182 nihil
2220 4108 2497 4183 dicens.
2565 4107 2765 4181 Idem
2840 4108 3149 4181 fecimus
3206 4130 3345 4181 nos

679 4246 932 4300 omnes
991 4226 1108 4301 alii
1155 4231 1568 4329 presbyteri
1635 4232 1905 4307 ibidem
1972 4241 2377 4329 presentes,
2440 4236 2621 4306 Tum
2690 4231 3015 4329 episcopi
3074 4237 3149 4306 et
3204 4254 3343 4304 nos

673 4348 1103 4448 presbyteri,
1163 4351 1511 4449 depositis
1579 4356 1668 4429 de
1717 4354 1953 4453 capite
2008 4356 2391 4430 cardinalis
2452 4357 2814 4448 manibus,
2874 4354 3341 4431 extendimus

670 4475 832 4549 illas
885 4498 1132 4549 versus
1187 4478 1528 4551 eumdem
1577 4480 2046 4573 cardinalem,
2105 4481 2452 4587 episcopo
2498 4506 2665 4557 cum
2704 4482 2941 4557 'mitra
2978 4488 3217 4557 stante
3270 4484 3343 4555 et

669 4600 957 4675 dicente
1005 4625 1021 4675 ε
1073 4601 1372 4677 Oremus
1415 4603 1846 4679 dilectissimi
1874 4618 1999 4679 etc.
2040 4609 2221 4681 Tum
2262 4608 2675 4706 episcopu5‚
2724 4608 3057 4705 deposita
3084 4606 3333 4695 mitra,

667 4722 847 4796 dixit
881 4748 898 4797 :
935 4726 1230 4801 oremus
1262 4755 1288 4801 .·
1321 4736 1394 4804 et
1441 4750 1580 4827 ego
1613 4752 1629 4801 :
1663 4728 2066 4805 Flectamus
2090 4756 2355 4830 qenua,
2391 4731 2656 4821 levate;
2686 4731 3074 4830 episcopus
3106 4731 3337 4806 conti-

663 4848 906 4921 nuavit
944 4875 958 4920 :
997 4848 1292 4925 Exaudi
1320 4878 1447 4927 nos
1477 4878 1889 4952 queramur,
1924 4856 2230 4931 Domine
2258 4868 2386 4929 etc.
2424 4856 2573 4929 Per
2600 4858 2840 4931 omnia
2870 4858 3109 4931 secula
3130 4880 3331 4930 secu-

667 4969 898 5045 lorum
923 4984 1053 5045 etc.

757 5096 993 5172 Finita
1045 5100 1468 5196 prefatione,
1533 5106 1917 5206 episcopus
1976 5109 2190 5199 sedit,
2252 5108 2537 5207 accepit
2576 5110 2863 5185 mitram
2911 5117 2985 5184 et
3041 5114 3329 5206 partem

657 5222 1137 5318 posteriorem
1181 5227 1364 5301 stole
1417 5228 1659 5325 pos'uit
1705 5258 1927 5329 super
1979 5233 2369 5310 humerum
2420 5234 2754 5311 dextrum
2822 5235 3209 5310 cardinalis
3250 5244 3334 5313 et
