3625 6059
738 598 811 654 94
1644 588 2004 645 JOHANle
2047 586 2494 657 BURCHARDI,
3079 587 3246 648 [Mars
3273 590 3400 649 1494]

748 757 1013 837 tenteS,
1048 749 1171 843 qui
1210 747 1407 822 circa
1444 750 1767 818 oratores
1810 740 2264 840 supradictos
2307 739 2722 815 Rhodianos
2757 764 2998 839 genua
3019 740 3401 816 flexerunt.

740 875 1193 951 Secretarius
1236 869 1418 971 legis
1462 870 1735 961 literas,
1786 874 1942 943 tum
1990 866 2585 966 archiepiscopus
2635 865 2957 943 recitavit
3003 866 3403 943 orationem

742 1002 1215 1100 genuflexus;
1265 1021 1405 1095 qua
1441 996 1669 1084 finita,
1720 996 1918 1092 Papa
1959 991 2330 1091 respondit
2362 998 2434 1067 et
2472 992 2656 1091 ipse.
2687 996 2908 1067 Facta
2938 994 3408 1091 responsione

742 1132 961 1226 Pape,
1016 1116 1339 1201 oratores
1391 1128 1535 1196 tres
1584 1120 1890 1221 predicti
1938 1119 2313 1195 redierunt
2367 1118 2460 1193 ad
2507 1118 2958 1217 pontificem,
3012 1118 3282 1216 quibus
3329 1122 3412 1195 ad

742 1253 1104 1329 sinistram
1144 1248 1572 1349 genuflexiS,
1620 1247 1822 1346 prior
1855 1252 1927 1321 et
1965 1244 2082 1320 alii
2118 1244 2442 1344 religiosi
2483 1245 2756 1320 ordinis
2795 1247 3098 1345 predicti
3143 1248 3414 1329 ibidem

740 1381 1133 1456 existentes
1158 1377 1459 1454 osculati
1492 1379 1657 1448 sunt
1682 1373 1947 1471 pedem
1975 1376 2194 1469 Pape.
2229 1374 2442 1463 Tum',
2469 1372 2769 1447 obtenta
2792 1396 2835 1447 a
2865 1377 3062 1472 Papa
3085 1373 3414 1451 licentias

737 1507 959 1582 iidem
1002 1511 1329 1581 oratores
1374 1501 1466 1577 ad
1504 1501 1801 1576 domum
1846 1497 2259 1586 redierunt;
2300 1497 2423 1594 qui
2469 1497 2612 1571 hoc
2661 1520 2875 1571 mane
2922 1496 3016 1571 ad
3059 1498 3416 1595 palatium

736 1631 1110 1705 venientes
1140 1651 1184 1701 a
1208 1625 1497 1700 familiis
1528 1624 1713 1698 Rmi.
1754 1628 1841 1699 D.
1876 1622 2480 1713 vicecancellarii,
2505 1621 2778 1698 ordinis
2799 1624 3102 1722 predicti
3128 1632 3420 1723 protec-

737 1754 941 1844 toris,
988 1760 1061 1829 et
1095 1776 1227 1852 per
1270 1750 1582 1850 plurium
1632 1749 1941 1823 aliorum
1988 1746 2464 1823 cardinalium
2513 1746 2821 1821 familias
2867 1748 3166 1823 suerunt
3211 1771 3416 1823 asso-

739 1878 931 1955 ciati.
978 1878 1119 1978 Ipsi
1159 1882 1403 1952 autem
1444 1884 1588 1950 tres
1633 1882 1957 1968 oratore-s
1997 1874 2214 1949 simul
2261 1871 2696 1970 equitarunt,
2733 1880 2881 1947 tam
2922 1872 3166 1949 eundo
3199 1901 3416 1975 quam

742 2004 1143 2095 redeundo,
1176 2002 1470 2103 prelatis
1500 2009 1663 2099 post
1696 2024 1824 2077 eos
1855 1998 2344 2097 equitantibus
2376 1998 2496 2098 (1).

809 2250 862 2309 1.
902 2248 1121 2307 Marcus
1159 2246 1479 2317 Montanus,
1518 2244 1613 2320 qui
1641 2260 1920 2319 prononca
1957 2242 2006 2299 16
2043 2241 2296 2299 discours
2335 2242 2710 2313 d’obedience,
2751 2242 2802 2299 le
2839 2242 3000 2299 dedia
3034 2247 3068 2299 a
3105 2242 3411 2302 Guillaume

735 2339 1027 2407 Caoursin,
1058 2336 1107 2394 16
1135 2334 1585 2393 vice-chancelier
1612 2335 1680 2391 de
1709 2334 1957 2391 Rhodes
1989 2334 2166 2407 Apres
2197 2331 2280 2387 les
2308 2331 2687 2407 compliments
2718 2332 2949 2407 d'usage
2977 2350 3048 2388 au
3076 2334 3230 2408 Pape
3263 2340 3316 2391 et
3337 2334 3410 2389 les

734 2427 1126 2507 protestations
1174 2427 1242 2482 de
1288 2426 1653 2483 devouement
1688 2423 1787 2480 des
1827 2421 2112 2479 Rhodiens
2161 2427 2218 2478 et
2262 2422 2334 2478 du
2383 2423 2784 2495 grand-maitre
2829 2421 3188 2479 d'Aubusson
3241 2427 3303 2480 T.
3349 2426 3407 2481 S.

734 2526 986 2577 creatura
1006 2518 1509 2587 obsequentissima,
1544 2513 1799 2570 l'orateur
1827 2510 2080 2587 poursuit
2108 2517 2164 2569 et
2191 2510 2422 2569 termine
2452 2528 2555 2567 son
2585 2510 2839 2569 discours
2869 2530 2965 2588 par
3007 2530 3116 2569 une
3155 2514 3408 2569 exhorta-

733 2608 851 2664 tion
878 2612 1168 2681 pressante
1196 2622 1263 2660 au
1298 2603 1589 2661 souverain
1617 2602 1826 2678 pontise
1851 2600 2295 2675 d'entreprendre
2325 2618 2434 2657 une
2461 2600 2712 2659 croisade
2739 2608 2928 2659 contre
2957 2600 3008 2659 le
3033 2601 3197 2661 Turc.

896 2718 925 2748 «
956 2696 1271 2769 Nunquam,
1300 2692 1621 2750 beatissime
1652 2694 1833 2759 Pater,
1865 2708 2147 2765 nunquam
2173 2690 2280 2748 fuit
2317 2708 2498 2747 rerum
2535 2697 2646 2748 tam
2674 2693 3061 2749 accomodatus
3099 2710 3405 2749 concursus

730 2806 765 2845 a
791 2786 978 2843 divina
1004 2790 1149 2841 certe
1178 2782 1520 2858 providentia
1563 2779 1907 2837 incrustabili
1944 2780 2287 2837 connexione
2325 2798 2616 2837 causarum
2661 2783 2966 2856 procedens
3005 2782 3408 2839 Machumetam

730 2874 1093 2951 extinguendi
1143 2881 1349 2931 sectam
1400 2890 1565 2947 reque
1612 2872 1741 2945 ipsa
1783 2870 2052 2928 conficere
2107 2870 2374 2927 hodierna
2427 2876 2754 2947 tempestate
2801 2872 2948 2946 quod
2995 2872 3408 2946 sapientissima

728 2972 824 3024 tua
863 2971 1045 3023 mente
1091 2963 1382 3039 dijudicas,
1423 2964 1599 3019 Adest
1645 2961 1791 3018 enim
1837 2961 1966 3017 Zem
2011 2958 2278 3017 Sultanus
2324 2959 2637 3032 incolumis,
2677 2960 2932 3035 Magistri
2989 2968 3046 3018 et
3089 2961 3402 3021 Cardinalis

726 3074 903 3131 nuper
930 3053 1203 3112 industria
1230 3054 1459 3111 Romam
1485 3053 1806 3127 perductuS,
1837 3051 1932 3124 qui
1963 3069 2084 3107 cum
2116 3049 2190 3107 sit
2226 3056 2398 3108 terror
2437 3050 2710 3108 maximus
2739 3048 2888 3109 fratri
2920 3050 3230 3109 Bacziazith
3261 3054 3402 3111 Tur·

725 3164 912 3203 corum
956 3152 1190 3219 tyranno
1232 3150 1467 3217 quantas
1504 3142 1652 3199 vires
1700 3140 1904 3197 habeat
1955 3138 2111 3198 facile
2159 3139 2343 3197 norint
2381 3139 2644 3200 universi.
2693 3140 2870 3198 Adest
2913 3148 3176 3216 praeterea
3211 3144 3402 3200 multis

724 3236 954 3292 antehac
980 3233 1317 3307 temporibus
1358 3231 1641 3306 incognita
1678 3230 2032 3305 inauditaque
2070 3228 2368 3288 christiane
2405 3230 2691 3304 religionis
2730 3230 2950 3306 Regum
2989 3239 3044 3291 et
3081 3232 3400 3309 Principum

722 3322 1025 3381 communis
1058 3321 1443 3397 unanimisque
1470 3319 1763 3377 concordia
1793 3343 1938 3379 .....

796 3413 993 3469 Habita
1044 3412 1236 3471 Rome.
1266 3410 1356 3469 ·X.
1408 3410 1588 3468 Martii
1636 3427 1781 3466 anno
1831 3408 1998 3466 Verbi
2017 3456 2024 3463 .
2043 3404 2308 3467 incarn'ati
2363 3408 2952 3470 MCCCCLXXXXIII.
2997 3411 3400 3473 assistentibus

722 3502 791 3559 R.
846 3500 1093 3558 Dominis
1134 3499 1342 3557 ordinis
1390 3498 1893 3574 Hierosolymitani.
1945 3499 2005 3556 F.
2055 3500 2223 3557 Petro
2269 3500 2443 3559 Stoltz
2487 3502 2695 3575 Magno
2739 3501 3029 3558 Germanic
3067 3502 3303 3562 Bailivio
3346 3512 3404 3562 et

720 3590 781 3650 F.
814 3589 1149 3665 Berengario
1178 3588 1356 3647 Santii
1384 3590 1453 3645 de
1484 3588 1726 3663 Barospe
1755 3587 1942 3646 Priore
1970 3590 2209 3646 Navarre
2229 3588 2462 3646 Rhodiis
2493 3589 2657 3647 etiam
2684 3590 3014 3649 oratoribus
3049 3591 3230 3667 (Plaq.
3255 3593 3399 3649 iii-8⁰

719 3680 873 3753 goth.
910 3698 958 3738 s.
990 3678 1027 3737 l.
1062 3696 1116 3735 n.
1148 3678 1229 3748 d.)

790 3768 899 3824 Sur
928 3766 981 3824 la
1014 3765 1282 3824 variation
1331 3766 1423 3841 qui
1464 3773 1558 3823 eut
1584 3764 1694 3823 lieu
1732 3784 1799 3823 en
1830 3767 2014 3825 divers
2043 3774 2224 3843 temps
2255 3772 2289 3825 a
2315 3768 2368 3826 la
2399 3786 2534 3825 cour
2577 3768 2644 3825 de
2675 3766 2848 3827 Rome
2877 3771 3016 3827 dans
3057 3770 3111 3829 la
3152 3772 3400 3831 maniere

716 3856 809 3932 d’y
850 3855 1039 3914 traiter
1076 3856 1273 3914 l'ordre
1312 3858 1380 3913 de
1408 3856 1617 3915 saint-J
1624 3876 1728 3915 ean
1756 3858 1826 3914 de
1853 3858 2178 3927 Jerusalem,
2209 3876 2338 3933 voy.
2369 3858 2422 3914 la
2449 3875 2733 3933 remarque
2766 3860 2834 3915 de
2860 3859 3183 3937 Brequigny
3215 3880 3230 3919 ε
3263 3866 3394 3925 Not.

714 3953 769 4003 et
796 3953 908 4003 ext.
942 3949 1038 4003 des
1080 3964 1209 4005 mss,
1243 3950 1309 4005 dc
1352 3949 1407 4003 la
1439 3949 1582 4005 Bibl.
1616 3950 1694 4005 du
1729 3950 1853 4018 Roi,
1885 3954 1928 4008 t.
1961 3948 2032 4019 11,
2064 3966 2120 4023 p.
2162 3949 2288 4005 582.
2324 3946 2480 4003 Paris
2519 3948 2587 4003 de
2628 3948 2873 4018 GrassiS,
2918 3953 2953 4007 a
2983 3968 3188 4026 propos
3227 3954 3298 4009 de
3345 3954 3397 4010 la

715 4036 992 4110 reception
1036 4036 1135 4092 des
1176 4035 1601 4094 ambassadeurs
1639 4036 1924 4107 rhodiens,
1969 4036 2020 4093 le
2047 4040 2082 4093 6
2111 4054 2258 4093 mars
2309 4038 2467 4108 1514,
2512 4036 2680 4094 relate
2717 4037 2796 4093 les
2835 4037 3154 4098 differentes
3197 4042 3394 4112 sacons

714 4122 849 4182 dont
876 4124 978 4182 elle
1008 4142 1069 4181 se
1098 4125 1162 4182 fit
1190 4143 1322 4183 sous
1352 4126 1433 4182 les
1464 4126 1775 4202 pontificats
1803 4128 2129 4203 precedents
2161 4133 2218 4184 et
2245 4125 2536 4202 s'exprime
2566 4125 2710 4183 ainsi
2750 4144 2846 4185 sur
2877 4133 3020 4187 cette
3059 4129 3396 4189 ambassade

714 4214 850 4270 dont
883 4213 1033 4288 parle
1072 4214 1139 4270 ici
1178 4215 1465 4273 Burchard
1497 4233 1513 4273 ε
1549 4238 1579 4269 ‹<
1713 4218 1894 4291 [1514]
1925 4216 2024 4273 Die
2060 4221 2220 4273 sexta
2255 4215 2456 4285 martii,
2488 4216 2598 4272 duo
2635 4222 2878 4274 oratores
2907 4218 3100 4293 Magni
3129 4220 3394 4295 Magistri

711 4301 987 4359 Rhodiani
1017 4304 1379 4378 prestiterunt
1406 4305 1771 4362 obedientiam
1802 4308 1973 4380 Pape,
2005 4312 2066 4362 ut
2087 4306 2245 4364 alias,
2273 4306 2344 4363 Et
2368 4305 2464 4362 isti
2492 4306 2622 4375 du0,
2649 4308 2980 4381 presentatis
3011 4308 3210 4381 literis„
3233 4329 3396 4368 oscu-

712 4390 804 4448 lati
842 4398 971 4448 sunt
1006 4393 1201 4466 pedem
1241 4394 1449 4464 solum;
1490 4401 1544 4452 et
1582 4396 1886 4469 genuflexi,
1917 4396 2216 4452 recitarunt
2251 4395 2553 4451 orationem
2593 4414 2769 4466 suam,
2821 4396 2977 4455 lectis
3016 4398 3172 4473 prius
3213 4398 3392 4457 literis

711 4500 808 4557 per
836 4482 1185 4539 secretarium
1210 4484 1380 4559 Pape,
1410 4484 1611 4558 quibus
1642 4486 1796 4561 Papa
1823 4481 2074 4544 absolute
2103 4484 2406 4559 respondit.
2439 4484 2661 4543 Electus
2705 4494 2792 4544 est
2827 4486 3102 4545 Fabritius
3137 4506 3208 4545 ex
3237 4506 3388 4545 mar-

712 4571 999 4629 chionibus
1020 4572 1062 4628 F
1064 4572 1244 4643 inalis,
1278 4576 1441 4632 frater
1459 4574 1753 4633 cardinalis
1782 4576 1852 4631 de
1881 4574 2075 4646 Finali,
2109 4581 2166 4631 et
2194 4581 2440 4632 oratores
2473 4575 2567 4649 qui
2617 4574 2674 4631 in
2705 4575 2850 4632 Urbe
2881 4582 3055 4649 erant,
3087 4578 3386 4635 conflrma-

711 4660 809 4720 vit.
837 4661 1089 4719 Ceterum
1118 4662 1209 4720 isti
1240 4663 1515 4721 Rhodiani
1543 4683 1655 4720 non
1692 4663 1927 4739 amplius
1966 4670 2226 4738 tanquam
2265 4663 2513 4737 religiosi
2554 4664 2651 4720 sed
2689 4664 2968 4741 principes
2997 4666 3154 4724 liberi
3195 4668 3388 4726 haberi

710 4748 1019 4810 voluerunt.
1050 4752 1185 4809 Nam
1218 4754 1323 4811 sub
1352 4754 1509 4811 Sixto
1538 4754 1661 4827 1111,
1693 4754 1914 4811 memini
1943 4772 2030 4811 me
2056 4755 2267 4813 vidisse
2297 4762 2539 4811 oratores
2560 4754 2881 4813 Rhodianos
2911 4758 2980 4814 ad
3009 4776 3132 4815 eum
3153 4776 3392 4833 presen-

710 4844 893 4897 tantes
923 4838 1109 4897 literas
1138 4843 1357 4899 nomine
1386 4843 1578 4918 Magni
1598 4843 1855 4917 Magistri
1883 4844 1976 4918 qui
1997 4862 2107 4902 non
2133 4843 2288 4901 aliter
2309 4860 2472 4916 quam
2491 4844 2767 4917 generalis
2797 4847 3144 4908 censebatur.
3172 4850 3392 4907 Deinde

715 4931 821 4987 sub
850 4933 1165 4992 Innocentio
1193 4934 1401 4991 vidisse
1430 4933 1552 4990 illos
1580 4940 1965 5008 presentantes
1995 4932 2180 4991 literas
2221 4931 2538 5007 simpliciter
2575 4936 2724 5008 Pape
2765 4954 2887 4993 cum
2929 4934 3168 5012 quatuor
3203 4940 3388 4997 cardi-

714 5020 955 5081 nalibus,
997 5024 1065 5080 Et
1103 5024 1206 5081 sub
1244 5023 1575 5093 Alexandm,
1613 5023 1724 5080 vidi
1762 5024 1908 5098 quod
1947 5024 2100 5098 Papa
2145 5022 2374 5078 multum
2421 5020 2804 5082 blandiebatur
2849 5024 3011 5084 dictis
3047 5028 3389 5101 oratoribuS,

713 5110 845 5185 quia
870 5111 1035 5170 frater
1064 5111 1251 5187 Magni
1280 5110 1451 5168 Turce
1482 5118 1597 5168 erat
1624 5110 1681 5168 in
1708 5112 1911 5187 palatio
1940 5114 2088 5186 Pape
2115 5112 2393 5180 detentus,
2417 5118 2473 5168 et
2500 5130 2568 5169 ex
2597 5114 2716 5188 ejus
2745 5122 2970 5190 captura
2990 5118 3143 5191 Papa
3159 5118 3390 5194 singulo

706 5218 862 5257 anno
886 5201 937 5283 ἕξ
968 5204 1087 5275 (sic)
1120 5201 1243 5261 duc.
1277 5198 1615 5275 percipiebat
1641 5208 1697 5259 et
1722 5208 2012 5277 propterea
2049 5200 2374 5257 adulabatur
2403 5200 2566 5259 dictis
2594 5204 2903 5262 oratoribus
2932 5205 3026 5280 qui
3056 5206 3233 5265 Turce
3265 5228 3392 5266 cus-

714 5290 876 5349 todes
909 5299 1082 5365 erant,
1115 5299 1172 5350 et
1198 5291 1408 5349 audivit
1444 5308 1540 5347 eos
1580 5297 1825 5349 oratores
1865 5290 2231 5349 obedientiam
2259 5296 2570 5365 prestantes
2605 5292 2663 5350 in
2700 5295 3030 5354 consistorio
3069 5304 3307 5371 secreto,
3339 5308 3399 5358 et
