3625 6059
710 560 721 567 ‘
756 555 860 611 110
1666 551 1695 607 J
1702 549 1945 607 OHANN
1953 550 2018 605 IS
2067 548 2510 619 BURCHARDI,
2903 550 2908 557 '
3077 551 3243 611 [Avril
3269 555 3390 615 1494]
3530 564 3531 593 ss

855 708 1375 784 Baldachinum
1404 731 1536 805 pro
1567 707 1837 803 legato.

854 836 1257 933 Responsio
1306 859 1321 907 ε
1368 833 1776 907 ordinatum
1817 837 1952 921 est,
2000 837 2074 903 et
2121 828 2440 926 deputati
2485 836 2647 903 sunt
2693 829 2900 917 certi,
2945 828 3149 917 illud,
3203 854 3394 927 prope

760 963 1142 1041 ecclesiam
1196 958 1771 1055 Neapolitanam,
1831 962 2216 1051 postquam
2269 955 2550 1051 legatus
2601 956 2764 1027 illuc
2821 956 3120 1044 venerit,
3179 964 3392 1030 custo-

758 1091 1066 1173 dientes,
1102 1092 1180 1158 ut
1208 1083 1449 1179 legato
1487 1080 1715 1154 libere
1758 1079 2194 1175 assignetur.

857 1216 1267 1285 Portatores
1314 1204 1754 1293 baldachini‚
1806 1204 2148 1300 duplicati
2191 1204 2302 1277 vel
2356 1204 2716 1300 triplicati,
2783 1203 2884 1275 ita
2925 1200 3124 1297 quod
3165 1203 3401 1297 possint

762 1334 1007 1430 sepius
1037 1332 1328 1406 mutari.

860 1458 1261 1555 Responsio
1298 1480 1313 1527 ε
1354 1454 1636 1528 nobiles
1690 1455 1973 1528 sedium
2015 1455 2203 1527 illius
2232 1455 2370 1541 vie,
2406 1478 2538 1550 per
2577 1478 2795 1549 quam
2832 1454 2988 1545 ibit,
3039 1455 3196 1529 sine
3235 1462 3394 1526 muta

762 1584 941 1659 illud
966 1582 1358 1681 portabunt
1388 1606 1433 1654 a
1460 1586 1670 1677 porta
1697 1578 2000 1652 civitatis
2033 1600 2257 1673 usque
2289 1578 2378 1649 ad
2423 1576 2810 1650 ecclesiam
2851 1578 3390 1673 Neapolitanam.

860 1710 997 1785 Via
1019 1731 1152 1805 per
1174 1729 1394 1803 quam
1416 1705 1699 1802 legatus
1726 1703 1987 1775 debeat
2011 1702 2282 1774 intrare
2308 1702 2672 1775 civitatem
2699 1710 2770 1777 et
2799 1703 3042 1777 venire
3075 1702 3162 1777 ad
3206 1703 3400 1779 eccle-

768 1833 979 1905 siam.

869 1955 1268 2054 Responsio
1305 1980 1320 2027 ε
1357 1977 1491 2051 per
1518 1960 1799 2051 portam
1833 1956 2246 2049 Capuanam
2275 1960 2480 2024 recta
2511 1953 2644 2025 via.

868 2082 1075 2169 Quod
1124 2081 1236 2155 via
1278 2104 1321 2153 a
1363 2088 1611 2152 sancto
1656 2078 1938 2151 Juliano
1985 2100 2214 2172 usque
2259 2076 2352 2148 ad
2403 2083 2684 2171 portam
2729 2078 3146 2173 Capuanam
3189 2102 3398 2174 asper-

772 2214 980 2304 gatur
1008 2207 1235 2280 multa
1262 2229 1451 2301 aqua
1479 2212 1773 2301 propter
1800 2202 2200 2300 pulverem.

870 2331 1270 2430 Responsio
1308 2356 1322 2404 :
1361 2330 1555 2426 quod
1584 2329 1688 2401 sic
1717 2328 1868 2401 fiet.
2023 2416 2031 2421 Π

872 2458 1058 2545 Quid
1086 2457 1310 2530 moris
1340 2455 1430 2529 de
1470 2478 1701 2551 cappa
1726 2453 1943 2548 legati
1985 2453 2041 2524 si
2075 2453 2165 2525 ab
2197 2476 2284 2525 eo
2317 2452 2538 2549 recipi
2573 2453 2782 2543 solet,
2826 2454 2940 2527 vel
2985 2456 3162 2550 quid
3203 2453 3400 2527 aliud?

870 2582 1273 2677 Responsio
1309 2605 1325 2652 :
1362 2580 1539 2652 nihil
1570 2580 1661 2652 ab
1692 2602 1779 2651 eo
1814 2578 2185 2673 recipitur,
2222 2600 2456 2672 neque
2498 2600 2754 2674 cappa,
2790 2601 3030 2674 neque
3073 2580 3279 2651 aliud.

872 2706 1063 2779 Ordo
1110 2706 1595 2780 observandus
1644 2686 1778 2800 per
1804 2701 2151 2799 prelatOS,
2191 2699 2490 2773 abbates
2522 2706 2595 2773 et
2619 2700 2930 2775 barones
2962 2703 3192 2799 regni,
3223 2704 3288 2774 in
3316 2724 3402 2772 re-

774 2833 1107 2929 ceptione
1150 2831 1397 2928 legati,
1442 2838 1513 2903 et
1557 2828 1759 2918 alias,
1810 2849 1896 2899 ac
1940 2828 2013 2899 in
2051 2826 2166 2901 die
2208 2823 2697 2901 coronationis
2738 2825 2812 2896 in
2849 2849 3097 2915 mane,
3145 2849 3303 2922 rege
3335 2822 3402 2897 ad

774 2955 1161 3029 ecclesiam
1189 2954 1551 3043 veniente,
1593 2962 1663 3027 et
1693 2962 1857 3050 post
1887 2956 2213 3028 missam.

874 3079 1273 3177 Responsio
1309 3103 1325 3151 :
1359 3077 1681 3175 legatum
1709 3086 1781 3152 et
1817 3102 2062 3176 regem
2092 3078 2486 3175 precedant
2516 3077 2858 3165 baroneS‚
2907 3100 3094 3171 quos
3138 3098 3402 3172 sequan-

777 3213 894 3279 tur
934 3213 1285 3295 oratoreS,
1328 3211 1398 3277 et
1441 3211 1607 3301 post
1653 3228 1930 3302 regem,
1983 3205 2095 3277 vel
2143 3205 2465 3301 legatum
2514 3202 2772 3300 prelati
2823 3225 2954 3275 suo
3010 3203 3283 3293 ordine,
3331 3202 3405 3271 ita
3529 3180 3531 3185 ¹

777 3336 1019 3400 tamen
1050 3324 1241 3421 quod
1285 3324 1570 3421 prelati,
1607 3327 1727 3421 qui
1768 3349 1934 3397 cum
1972 3323 2212 3421 legato
2241 3334 2618 3417 venerunt,
2665 3327 2852 3401 inter
2893 3328 3091 3423 ipsos
3135 3326 3404 3423 prelatos
3529 3354 3531 3367 <

778 3451 1089 3546 primum
1118 3448 1363 3523 locum
1390 3449 1793 3523 obtineant.

877 3575 951 3647 Si
1002 3574 1313 3670 legatuS‚
1367 3573 1570 3648 finita
1614 3576 1864 3663 missa,
1925 3574 1997 3647 in
2047 3575 2164 3649 die
2209 3576 2702 3649 coronationis
2757 3576 2848 3650 sit
2887 3600 3143 3674 regem
3187 3570 3402 3649 alicubi

780 3700 1290 3774 associaturus.

878 3824 1279 3921 Responsio
1315 3847 1330 3895 ε
1370 3847 1598 3920 usque
1639 3824 1731 3898 ad
1768 3827 2054 3923 portat'n
2084 3826 2396 3900 ecclesie
2438 3834 2745 3919 tantum,
2791 3829 3130 3905 similiter
3171 3838 3239 3905 et
3279 3850 3403 3925 pre·

778 3950 934 4025 lati.

877 4076 1242 4149 Assistens
1258 4075 1479 4170 legati
1496 4075 1866 4174 diaconuS‚
1889 4077 2376 4153 subdiaconus
2388 4104 2518 4176 pro
2533 4080 2646 4155 die
2672 4082 3162 4156 coronationis
3181 4109 3196 4171 ;
3219 4077 3400 4173 depu-

781 4207 1023 4275 tentur
1052 4207 1199 4274 tres
1230 4199 1350 4273 alii
1379 4200 1778 4299 presbyteri
1820 4203 1893 4274 in
1933 4210 2253 4299 tempore
2284 4211 2363 4277 ut
2391 4204 2673 4300 possint
2704 4214 3112 4305 opportune
3155 4200 3394 4280 instrui.

879 4325 1279 4422 Responsio
1314 4350 1330 4397 :
1368 4325 1720 4400 dederunt
1751 4328 2346 4402 commissionem
2378 4330 2638 4406 vicario
2681 4331 3214 4431 archiepiscopi
3252 4332 3398 4403 Nea-

776 4450 1103 4550 politani,
1134 4450 1371 4547 quide
1399 4452 1727 4547 personis
1755 4452 2170 4551 hujusmodi
2199 4455 2608 4549 provideret
2640 4482 2658 4529 :
2690 4456 2820 4531 sed
2844 4467 3102 4556 postea
3129 4456 3398 4532 avisatus

778 4576 882 4649 sui
908 4576 1100 4671 quod
1126 4574 1409 4673 legatus
1439 4576 1749 4651 ducebat
1780 4577 2029 4651 secum
2062 4578 2475 4669 diaconum,
2512 4588 2584 4655 et
2615 4581 3136 4658 subdiaconum
3167 4575 3397 4677 capelle
3529 4580 3531 4661 ἲ

780 4702 997 4795 Pape,
1056 4707 1130 4773 et
1174 4702 1365 4797 quod
1393 4704 1476 4774 D.
1525 4702 1852 4791 AlvaruS,
1905 4703 2363 4777 caudatarius
2397 4730 2595 4799 suuS‚
2647 4708 2782 4782 sibi
2813 4709 3208 4798 assisteret,
3236 4696 3391 4801 quod

779 4822 955 4895 mihi
992 4824 1287 4920 placuit.

876 4952 1061 5022 Nota
1093 4955 1339 5022 tamen
1369 4951 1562 5045 quod
1590 4975 1709 5025 me
1739 4958 1908 5026 ante
1941 4976 2308 5028 recessum
2341 4979 2586 5030 meum
2625 4980 2716 5032 ex
2752 4958 2940 5033 Urbe
2973 4981 3212 5035 coram
3243 4958 3398 5046 Papa

776 5073 1167 5147 constituto
1218 5096 1348 5170 pro
1394 5073 1689 5149 licentia
1736 5086 1807 5150 et
1861 5078 2370 5155 benedictione
2425 5106 2582 5174 sua,
2639 5084 3018 5182 Neapolim
3067 5070 3392 5179 equitandi

776 5222 1020 5288 causa,
1067 5198 1461 5273 Sanctitate
1510 5222 1641 5271 sua
1688 5224 1803 5273 me
1845 5203 1936 5277 de
1977 5205 2477 5280 assistentibus
2513 5214 2591 5282 et
2630 5210 3128 5284 ministrorum
3175 5218 3390 5278 conve-
