3625 6059
701 525 804 582 416
1606 519 1960 579 JOHANNIS
2006 518 2452 590 BURCHARDI‚
3019 521 3190 583 {Au-11
3225 525 3348 582 1133]

796 680 1035 751 Το1101
1058 675 1606 750 conclusionum
1638 684 1709 748 et
1737 675 2294 772 inscriptionum
2324 674 2740 770 hujusmodi
2771 672 2928 745 talis
2961 679 3068 748 est
3101 699 3122 746 :

798 801 1123 875 Ecclesia
1154 799 1284 874 Dei
1314 799 1587 896 indiget
1616 801 2109 890 renovatione,

804 925 1338 1023 Flagellabitur,

795 1049 1277 1124 Renovabitur
1298 1074 1315 1135 3

796 1175 1164 1248 Florentia
1187 1196 1501 1270 quoque,
1537 1183 1701 1270 post
1732 1174 2018 1272 flagella
2045 1173 2528 1263 renovabitur,
2561 1179 2632 1244 et
2662 1173 3223 1271 prosperabitur.

791 1300 1129 1373 lufideles
1161 1306 1670 1374 convertentur
1694 1300 1782 1372 ad
1817 1300 2209 1374 Christum.

792 1429 942 1499 llec
976 1434 1219 1499 autem
1252 1425 1498 1498 omnia
1522 1434 1734 1498 erunt
1762 1426 2208 1523 temporibus
2239 1425 2529 1499 11051115.

795 1550 1459 1625 Excommunicatio
1510 1573 1739 1647 nuper
1776 1551 1923 1624 lata
1971 1557 2223 1623 contra
2263 1549 2742 1623 reverendum
2800 1555 3072 1644 patrem
3113 1547 3340 1618 domi-

701 1701 902 1766 num,
936 1678 1231 1749 fratrem
1260 1675 1629 1748 dominum
1666 1676 2182 1774 Hieronymum
2217 1673 2757 1763 Savonarolam,
2793 1673 2984 1746 nulla
3015 1679 3146 1750 est.

794 1805 952 1876 Non
985 1801 1449 1875 observantes
1482 1823 1671 1888 eam,
1703 1822 1848 1873 non
1881 1807 2213 1897 peccant.

793 1931 868 1999 lo
898 1926 1005 1999 fra
1041 1924 1440 1999 Domenico
1473 1924 1563 1998 da
1598 1924 1850 1998 Pescia
1878 1924 2038 1998 dell'
2071 1924 2325 1997 ordine
2359 1926 2449 1998 de
2485 1922 2924 2019 predicatori
2961 1923 3028 1995 di
3060 1923 3332 2019 propria

695 2073 911 2125 mano
950 2051 1049 2123 mi
1084 2050 1505 2124 sottoscrivo
1537 2058 1610 2123 et
1647 2048 1890 2146 obligo
1922 2072 1963 2122 a
1995 2054 2370 2122 sostonere
2410 2050 2477 2122 le
2506 2048 2836 2146 predette
2877 2047 3328 2124 conclusioni.

690 2199 837 2250 uon
864 2176 1017 2250 solo
1044 2199 1181 2250 con
1208 2175 1277 2249 le
1305 2175 1581 2272 ragioni
1614 2198 1731 2247 ma
1762 2173 2299 2247 confidendomi
2329 2173 2495 2246 nell’
2519 2173 2876 2272 adjutorio
2907 2171 3086 2245 della
3115 2171 3330 2243 divina

690 2301 945 2398 gratia,
988 2300 1080 2372 m’
1124 2322 1446 2398 espongo
1497 2305 1567 2373 et
1620 2300 1863 2395 obligo
1911 2297 2001 2370 de
2053 2306 2336 2372 entrare
2387 2299 2500 2372 col
2555 2298 3006 2395 predicatore
3051 2297 3138 2370 de
3181 2295 3324 2368 frati

688 2425 975 2515 minori,
1010 2425 1431 2522 predicante
1462 2425 1527 2496 al
1556 2430 1892 2520 presente
1920 2424 1995 2496 in
2023 2427 2244 2497 Santa
2273 2429 2498 2498 Croce
2533 2423 2651 2498 nel
2679 2424 2893 2496 fuoco
2925 2423 2997 2494 in
3027 2421 3314 2518 publico.

691 2548 1049 2646 sperando
1079 2571 1211 2644 per
1237 2549 1309 2620 10
1335 2548 1520 2621 virtu
1552 2547 1666 2621 del
1691 2548 1995 2645 Signore
2028 2547 2314 2621 uscirne
2341 2547 2548 2621 111030
2576 2570 2616 2620 0
2649 2547 2867 2638 salvo,
2901 2571 2948 2618 a
2975 2545 3188 2643 gloria
3221 2543 3323 2616 del

692 2697 825 2746 suo
864 2680 1072 2746 santo
1117 2695 1332 2746 nome
1372 2678 1444 2746 et
1484 2696 1525 2746 a
1568 2671 2122 2747 confirmatione
2156 2672 2223 2745 di
2255 2678 2512 2769 questa
2541 2673 2768 2746 verita
2811 2677 2886 2744 et
2927 2671 3152 2746 utilita
3180 2666 3320 2742 dell’

692 2798 961 2871 anime.
1001 2801 1140 2871 Per
1169 2796 1542 2870 dominum
1572 2805 1924 2884 nostrum,
1958 2803 2206 2871 Jesum
2248 2796 2643 2884 Christum,
2679 2797 2800 2892 qui
2841 2819 3010 2869 cum
3045 2798 3234 2866 Patre
3261 2799 3323 2864 et

694 2922 959 3020 Spiritu
992 2928 1243 2996 sancto
1272 2923 1436 2995 vivit
1466 2930 1539 2996 et
1566 2929 1820 3019 regnat
1849 2924 1920 2996 in
1955 2923 2199 2997 secula
2228 2922 2666 2996 seculorum.
2701 2927 2963 2994 Amen.

792 3051 946 3145 Ego
977 3048 1202 3122 frater
1227 3048 1678 3136 Franciscus‚
1710 3048 1982 3122 ordinis
2014 3049 2402 3138 minorum,
2436 3048 2608 3122 licet
2636 3046 3004 3144 indignuS,
3041 3067 3192 3118 sum
3216 3067 3322 3140 pa-

696 3177 893 3244 ratus
932 3171 1024 3246 ad
1070 3174 1487 3247 instantiam
1538 3181 1609 3248 et
1652 3174 2200 3271 requisitionem
2240 3177 2700 3251 dominorum
2747 3173 3318 3248 Florentinorum.

692 3318 825 3392 pro
862 3296 1159 3371 veritate
1200 3304 1271 3372 et
1310 3299 1539 3373 salute
1570 3299 1814 3396 populi
1848 3300 2220 3390 servanda,
2254 3301 2618 3398 disputare
2664 3307 2736 3376 et
2779 3301 3320 3397 experimentum

695 3415 937 3490 facere
968 3441 1135 3491 cum
1178 3418 1391 3493 fratre
1426 3421 1869 3519 Hieronymo
1909 3421 1998 3496 de
2037 3424 2378 3520 predictis
2409 3423 3021 3513 conclusionibuS,
3057 3440 3323 3518 quarum

694 3541 1007 3637 quedam
1054 3542 1480 3639 probatione
1530 3548 2058 3644 supernaturali
2108 3549 2458 3646 indigent,
2503 3572 2669 3623 cum
2715 3548 2934 3622 fratre
2983 3543 3323 3622 Dominico

690 3687 863 3739 vero
909 3689 1222 3762 quocum
1268 3669 1467 3742 nulla
1506 3679 1615 3744 est
1661 3671 1839 3745 mihi
1873 3672 2304 3762 differentia,
2339 3673 2522 3747 alius
2563 3672 2788 3747 nostri
2829 3671 3104 3746 ordinis
3141 3671 3328 3742 frater

692 3789 937 3886 ignem
971 3791 1211 3866 subire
1243 3800 1353 3866 est
1375 3797 1899 3892 paratissimus,
1925 3805 2178 3872 vocato
2198 3799 2443 3897 judice
2469 3823 2616 3872 non
2647 3806 2990 3895 suspecto
3019 3821 3104 3871 ac
3131 3791 3326 3870 omni·

691 3913 828 3988 hus
856 3915 1236 4012 religiosis,
1290 3955 1319 3982 ·

791 4041 867 4112 10
900 4039 1084 4114 frate
1116 4042 1437 4116 Mariano
1472 4044 1655 4141 Ughi
1702 4045 1769 4118 di
1819 4047 2114 4120 Firenze
2148 4047 2311 4120 dell’
2345 4048 2596 4123 ordine
2639 4049 2729 4123 de
2759 4043 3213 4145 predicatori,
3243 4039 3322 4114 mi

692 4162 965 4261 obligo.
1002 4166 1518 4241 confitendomi
1565 4170 1733 4243 nell’
1770 4171 2128 4269 adjutorio
2174 4170 2362 4245 della
2395 4172 2642 4269 gratia
2681 4171 2750 4243 di
2794 4171 2930 4245 Dio
2979 4195 3022 4244 a
3063 4185 3322 4267 provare
3379 4187 3388 4198 ·

692 4286 763 4359 le
796 4289 1240 4365 conclusioni
1284 4301 1492 4391 poste
1542 4295 1657 4368 dal
1704 4296 2100 4370 reverendo
2139 4298 2362 4393 padre
2411 4298 2520 4370 fra
2557 4295 2964 4371 Domenico
2994 4295 3084 4368 da
3112 4287 3324 4367 Pescia

698 4411 891 4486 circa
916 4413 987 4487 la
1019 4416 1530 4493 reformatione
1570 4421 1760 4494 della
1790 4423 2050 4497 Chiesa
2087 4447 2128 4497 e
2158 4422 2345 4495 della
2375 4421 2873 4496 scommunica
2903 4421 3083 4494 satta
3107 4420 3326 4493 contra

695 4535 747 4610 il
777 4542 1174 4615 reverendo
1202 4543 1424 4637 padre
1454 4545 1565 4617 fra
1598 4546 2039 4645 Hieronymo
2071 4547 2164 4621 da
2198 4551 2543 4636 Ferrara3
2581 4545 2900 4620 secondo
2933 4545 2996 4618 si
3025 4542 3324 4618 contiene

696 4660 889 4735 nella
914 4687 1045 4738 sua
1070 4666 1528 4741 suscrittione
1555 4669 1672 4743 del
1697 4670 2029 4766 predetto
2058 4671 2163 4745 fra
2193 4673 2590 4745 Domenico
2617 4695 2658 4744 a
2681 4672 2836 4744 fare
2863 4668 3326 4767 experimento

690 4811 823 4884 per
863 4789 1108 4887 ignem
1140 4817 1180 4867 e
1212 4793 1277 4866 d’
1312 4795 1599 4870 uscirne
1641 4797 1846 4870 illeso
1895 4820 1937 4871 e
1986 4821 2198 4870 sanza
2235 4803 2702 4888 nocumento,
2739 4796 2906 4869 dato
2953 4796 3092 4867 che
3129 4809 3329 4884 venga

688 4935 785 4984 un
816 4913 997 4989 frate
1044 4918 1207 4991 dell'
1242 4922 1490 4995 ordine
1540 4923 1629 4997 de
1671 4923 1960 5012 minori,
1997 4945 2206 4996 come
2245 4923 2342 4994 ha
2381 4943 2759 5017 promesso
2805 4921 2850 4993 il
2897 4920 3320 5017 predicatore

693 5034 762 5106 di
815 5044 1023 5111 santa
1075 5041 1327 5115 Croce.
1382 5048 1515 5118 Per
1564 5047 1954 5119 Dominum
2003 5052 2331 5118 nostrum
2373 5049 2619 5118 Jesum
2675 5043 3079 5132 Christum,
3131 5039 3328 5112 filium

699 5164 926 5252 tuum,
960 5163 1075 5238 cui
1106 5187 1396 5262 semper
1424 5169 1652 5264 gloria
1689 5177 1760 5244 et
1792 5171 2174 5269 imperium
2219 5169 2288 5241 in
2331 5170 2576 5244 secula
2614 5171 3052 5243 seculorum.
3091 5171 3322 5240 Amen.
