3625 6059
691 560 798 617 454
1607 538 1962 599 sonamus
2010 537 2457 611 cenomani,
3018 544 3198 605 [ann
3232 546 3368 609 ηπ]

695 710 998 799 mensiS,
1033 703 1370 803 expedita
1397 706 1470 775 et
1497 695 1768 789 oratori
1801 694 2126 793 predicto
2158 694 2351 769 circa
2377 694 2635 769 horam
2662 716 3143 793 vesperarum
3176 698 3361 774 illius

699 838 844 912 diei
872 833 1156 921 tradita,
1205 827 1327 927 qui
1365 825 1565 900 misit
1601 845 1766 898 eam
1805 819 2286 912 Florentiam3
2328 844 2471 920 que
2502 821 2699 899 venit
2737 823 2853 899 die
2896 826 3243 924 sequenti
3282 832 3361 903 13

699 962 947 1060 hujuS,
983 956 1174 1031 circa
1211 954 1471 1027 horam
1503 955 1831 1025 octavam
1860 946 2247 1021 decimam.

796 1083 1007 1160 Feria
1047 1087 1306 1177 quarta
1339 1075 1634 1176 majoris
1676 1072 2166 1163 hebdomade,
2223 1077 2296 1145 11
2352 1071 2525 1147 dicti
2570 1075 2843 1149 mensis
2888 1078 3171 1173 aprilis,
3222 1077 3374 1151 fue-

699 1215 868 1285 runt
913 1207 1103 1281 dicte
1151 1203 1504 1277 matutine
1557 1200 2020 1275 tenebrarum
2067 1198 2144 1271 in
2190 1197 2469 1297 capella
2512 1202 2787 1299 majore
2835 1204 3107 1301 palatii,
3168 1227 3373 1277 more

701 1336 940 1423 solit0,
973 1330 1232 1429 quibus
1263 1333 1458 1426 Papa
1489 1324 1819 1400 interfuit
1846 1324 1921 1397 in
1952 1345 2183 1421 cappa
2214 1330 2565 1399 consueta
2598 1351 2617 1399 ε
2652 1326 2844 1401 venit
2884 1327 3267 1425 pedester,
3310 1336 3378 1402 et

701 1458 1026 1535 fimbrias
1080 1453 1388 1553 portavit
1436 1449 2024 1549 archiepiscopus
2078 1448 2483 1545 Ragusinus
2536 1450 2914 1543 assistenS,
2974 1459 3075 1543 et,
3134 1459 3375 1527 matu-

708 1583 871 1658 tinis
901 1580 1151 1671 finitis,
1197 1584 1392 1677 Papa
1428 1577 1642 1652 rediit
1669 1576 1744 1649 in
1783 1596 2151 1651 cameram
2192 1578 2267 1648 et
2302 1574 2375 1647 in
2410 1597 2574 1649 eam
2606 1576 2779 1651 sede
2816 1584 3179 1673 portatus,
3218 1578 3379 1651 Alia

701 1708 1086 1792 observata
1123 1709 1291 1778 sunt
1317 1725 1521 1778 more
1561 1701 1802 1776 solito.
1840 1703 2034 1797 Papa
2064 1698 2240 1774 dixit
2283 1700 2766 1775 cardinalibus
2795 1704 2992 1797 quod
3022 1710 3280 1778 essent
3306 1704 3373 1775 in

701 1832 968 1932 palatio
997 1830 1112 1906 die
1143 1828 1478 1920 crastina,
1513 1828 1699 1901 hora
1727 1825 2152 1915 tredecima,
2184 1848 2318 1922 pro
2356 1824 2597 1900 officio
2628 1826 3067 1902 inchoando.

801 1957 1010 2033 Fet-ia
1046 1956 1300 2054 quinta
1337 1952 1634 2051 majoris
1680 1950 2173 2040 hebdomade,
2214 1954 2464 2025 Rmus.
2514 1954 2601 2025 D.
2646 1952 3033 2027 cardinalis
3074 1952 3377 2029 Ulixbo-

701 2082 947 2159 nensis
996 2080 1386 2156 celebravit
1431 2078 1731 2151 missam
1780 2078 2185 2151 solemnem
2226 2076 2301 2150 in
2346 2076 2625 2174 capella
2668 2078 2979 2174 majore,
3022 2084 3371 2175 presente

706 2215 926 2311 Papa,
971 2205 1404 2285 ceremoniis
1443 2203 1811 2279 consuetis
1852 2228 1869 2277 :
1913 2226 2058 2299 qua
2098 2202 2329 2294 finita,
2375 2205 2571 2300 Papa
2606 2203 2915 2300 portavit
2952 2227 3373 2279 sacramen-

705 2342 860 2409 tum
900 2335 989 2409 de
1031 2332 1308 2432 capella
1345 2330 1620 2427 majore
1649 2327 1740 2401 ad
1779 2327 2139 2401 minorem
2169 2327 2827 2423 processionaliter,
2873 2352 3079 2405 more
3118 2330 3363 2404 solito.

705 2460 922 2537 Venit
968 2459 1060 2533 ad
1095 2458 1340 2531 locum
1387 2453 1679 2553 publice
1725 2450 2255 2526 benedictionis
2298 2450 2449 2542 ubi,
2500 2452 2797 2527 dimisso
2839 2453 3129 2551 pluviali
3178 2454 3365 2539 albo,

706 2584 988 2681 accepit
1016 2583 1324 2658 rubeum
1366 2579 1807 2677 preciosum,
1854 2583 1929 2651 et
1964 2576 2368 2651 cardinales
2406 2577 2739 2653 fecerunt
2778 2579 2845 2654 ei
2890 2579 3371 2654 reverentiam

703 2714 1167 2798 consuetam3
1213 2728 1604 2780 conversus
1639 2703 1903 2778 deinde
1942 2702 2037 2777 ad
2076 2701 2449 2800 populum,
2489 2708 2577 2777 D.
2622 2704 3038 2779 Bonifacius
3067 2705 3155 2779 de
3202 2708 3371 2779 Cas-

699 2839 810 2907 tro
837 2831 1156 2920 Lotario,
1193 2830 1681 2905 subdiaconus
1711 2828 2153 2927 apostolicus
2192 2828 2370 2927 legit
2398 2828 2631 2903 bullas
2671 2830 3171 2928 suspensionis
3214 2852 3369 2905 om-

697 2958 902 3031 nium
931 2956 1543 3055 indulgentiarum
1569 2953 1975 3054 plenarium
2002 2977 2231 3053 usque
2258 2959 2424 3053 post
2446 2955 2765 3029 futurum
2790 2978 3064 3031 annum
3078 2956 3363 3055 jubilei,

697 3085 832 3157 sub
877 3083 1119 3181 pausis
1163 3088 1236 3157 et
1265 3080 1790 3180 acceptatione,
1843 3086 2153 3177 sequuta
2193 3079 2385 3154 bulla
2426 3080 3217 3171 anathematizationis3
3252 3103 3367 3155 ce-

701 3214 860 3282 tera
899 3207 1075 3305 legit
1107 3212 1480 3297 consueta,
1516 3204 1645 3279 sed
1691 3228 1840 3279 non
1886 3204 2021 3278 fuit
2067 3204 2506 3303 vulgarizata
2552 3205 2683 3281 sed
2730 3229 2861 3303 per
2908 3228 3076 3280 eum
3128 3212 3367 3281 tamen

692 3334 914 3407 latine
944 3331 1168 3422 lecta3
1206 3333 1585 3429 registrata
1623 3337 1736 3406 est
1773 3330 1933 3428 ipsa
1972 3330 2098 3404 fol.
2142 3328 2450 3405 infra....
2498 3334 2657 3418 Qua
2696 3330 2925 3417 finita,
2962 3332 3159 3407 idem
3200 3331 3369 3428 legit

693 3456 964 3533 bullam
1005 3456 1778 3531 excommunicationis
1826 3462 2248 3531 consuetam
2292 3479 2513 3553 quam
2552 3460 2804 3531 Rmus.
2854 3460 2940 3530 D.
2987 3456 3367 3531 cardinalis

697 3580 1079 3657 Cesarinus
1109 3581 1596 3680 vulgarizavit3
1640 3586 1805 3679 post
1834 3583 2045 3680 cujus
2080 3582 2301 3657 finem
2332 3587 2527 3679 Papa
2556 3582 2754 3657 dedit
2785 3582 3367 3659 benedictionem

694 3708 1098 3782 solemnem
1147 3714 1218 3782 et
1271 3708 1634 3805 plenarias
1681 3706 2165 3804 indulgentias
2213 3731 2393 3804 quas
2447 3710 2696 3783 RRmi.
2753 3712 2902 3783 DD.
2962 3708 3367 3784 cardinales

699 3855 760 3905 S.
820 3831 1106 3929 Georgii
1159 3830 1380 3905 latine
1435 3837 1509 3906 et
1558 3832 1714 3929 ipse
1765 3832 2149 3907 Cesarinus
2203 3832 2277 3905 in
2326 3832 2597 3930 vulgari
2646 3834 3194 3930 proclamarunt
3246 3856 3363 3907 seu

699 3956 1267 4057 publicaverunt.
1314 3961 1494 4031 Tum
1543 3962 1738 4056 Papa
1779 3956 2106 4031 ascendit
2154 3957 2244 4031 ad
2290 3979 2619 4031 cameras
2664 3979 2887 4045 novas
2928 3959 3364 4055 superioreS,

699 4083 1180 4157 cardinalibus
1220 4084 1296 4157 in
1340 4082 1539 4157 curia
1573 4082 1869 4156 inferius
1908 4082 2322 4174 licentiatiS,
2372 4088 2446 4155 et
2491 4077 2571 4154 in'
2602 4081 2930 4178 predicta
2966 4106 3056 4155 ex
3096 4084 3367 4157 eisdem

699 4210 1008 4283 cameris
1066 4212 1264 4306 Papa
1314 4208 1482 4282 lav-it
1531 4208 1756 4305 pedes
1814 4208 2253 4305 pauperibus
2310 4230 2515 4283 more
2574 4206 2815 4281 solito.
2880 4207 3367 4281 Interfuerunt

702 4332 1104 4407 cardinales
1132 4333 1424 4429 palatini
1460 4339 1740 4407 tantum
1777 4333 1854 4406 in
1896 4356 2150 4407 eorum
2197 4332 2471 4430 cappis,
2516 4332 2837 4430 exceptis
2869 4356 2928 4404 s.
2976 4334 3272 4431 Georgii
3302 4337 3370 4405 et

699 4458 789 4533 de
827 4456 1129 4533 Sabellis
1160 4458 1662 4533 assistentibus
1694 4465 1768 4533 et
1795 4459 2161 4535 cardinale
2204 4484 2265 4533 S.
2316 4457 2640 4535 Severini
2680 4457 2801 4554 qui
2836 4455 3012 4531 dixit
3050 4481 3363 4556 evange-

695 4583 872 4657 lium
909 4609 925 4657 :
962 4584 1066 4658 sic
1096 4590 1520 4659 manserunt
1551 4583 1626 4655 in
1658 4584 1804 4658 suis
1840 4585 2309 4682 paramentis
2356 4590 2528 4660 Post
2565 4586 2986 4675 lectionem,
3039 4588 3127 4659 D.
3180 4576 3367 4659 Mar-

696 4707 1038 4781 chesinus
1089 4709 1437 4806 Stangha,
1494 4713 1740 4783 orator
1785 4710 1994 4783 ducis
2037 4710 2423 4785 Mediolani
2472 4711 2671 4785 dedit
2720 4733 2983 4807 aquam
3036 4710 3365 4785 manibus

696 4836 933 4929 Pape;
987 4834 1128 4907 alia
1175 4836 1552 4909 observata
1599 4841 1768 4909 sunt
1820 4858 2022 4910 more
2078 4836 2316 4909 solito,
2374 4837 2725 4911 Omnibus
2772 4837 3115 4934 peractiS,
3174 4840 3361 4933 Papa

693 4958 980 5031 intravit
1019 4981 1344 5033 cameras
1386 4961 1544 5035 illas
1587 4984 1804 5035 novas
1850 4960 1972 5035 ubi
2017 4962 2133 5035 his
2176 4959 2429 5035 diebus
2470 4963 2738 5038 sanctis
2775 4970 3206 5059 paramenta
3244 4985 3359 5035 ac-

695 5083 885 5179 cepit
917 5089 990 5157 et
1027 5082 1388 5180 deposuit.
1443 5090 1522 5158 ln
1567 5112 1758 5181 sero,
1803 5088 1998 5162 circa
2032 5088 2290 5163 horam
2326 5088 2747 5185 vigesimam
2787 5087 3217 5176 secundam,
3254 5088 3356 5159 in-

695 5214 983 5309 ceptum
1032 5208 1165 5281 fuit
1213 5207 1531 5284 officium
1581 5214 2013 5291 matutinum
2062 5211 2154 5286 ad
2196 5212 2392 5310 quod
2434 5217 2630 5311 Papa
2668 5212 2858 5287 venit
2906 5212 2997 5285 de
3040 5211 3344 5288 cameris
