3625 6059
230 529 337 592 [Mai
356 529 481 587 1494]
842 523 1093 580 RERUM
1144 523 1598 599 URBANARUM
1646 523 2174 584 COMMENTARH.
2747 535 2850 590 1⁷5

232 704 469 780 regem,
505 704 671 754 cum
706 678 849 753 dux
890 678 1217 755 Calabria
1263 686 1484 770 esset,
1532 679 1976 772 edificatum,
2023 682 2228 780 cujus
2265 680 2848 782 designationem

232 832 482 884 narrare
510 807 813 882 nimium
840 814 1079 898 esset3
1116 808 1247 882 sed
1289 831 1448 884 vere
1484 809 1996 884 amenissimus
2037 817 2148 884 est
2182 809 2387 885 locus
2427 818 2500 884 et
2541 813 2848 888 ornatis-

231 933 380 1006 sime
404 938 875 1009 constructus.
915 932 1119 1029 Pogii
1151 933 1437 1030 Regalis
1455 932 1858 1031 designatio
1881 939 1992 1008 est
2010 933 2424 1031 hujusmodi
2449 935 2683 1013 forme
2707 944 2837 1038 (1).

310 1057 495 1134 Feria
518 1064 803 1154 quarta,
844 1063 929 1130 14
975 1058 1175 1148 maii,
1211 1057 1715 1134 serenissimus
1756 1059 2170 1158 Alphonsus
2213 1083 2342 1134 rex
2376 1061 2615 1138 Sicilie
2655 1065 2850 1138 misit

229 1182 303 1256 ad
337 1183 616 1257 domum
645 1182 939 1279 hospitii
986 1184 1133 1256 mei
1180 1207 1397 1258 unam
1439 1183 1708 1258 mulam
1738 1208 1905 1259 cum
1937 1186 2144 1278 sella,
2177 1187 2382 1261 freno
2415 1194 2488 1262 et
2515 1189 2675 1263 aliis
2705 1189 2850 1264 for-

227 1308 549 1397 nimentiS‚
584 1315 898 1405 quatuor
924 1332 1278 1382 annorum
1294 1309 1403 1383 vel
1432 1308 1651 1401 circa,
1682 1311 2154 1401 ldrontinam,
2185 1335 2271 1386 ac
2302 1319 2598 1387 centum
2626 1313 2848 1389 duca-

226 1439 317 1506 tos
336 1434 403 1552 in
422 1457 593 1508 auro
615 1433 861 1532 largos
883 1457 1065 1530 quos
1096 1434 1271 1508 mihi
1293 1457 1425 1532 pro
1446 1434 1818 1509 laboribus
1837 1434 1911 1509 in
1935 1459 2067 1510 sua
2091 1435 2558 1511 coronatione
2581 1437 2848 1513 habitis

219 1556 569 1634 liberaliter
607 1559 862 1634 donari
896 1559 1092 1634 fecit.

302 1683 493 1758 Feria'
512 1683 795 1781 quinta,
838 1689 925 1759 15
952 1684 1148 1775 maii,
1186 1689 1270 1758 R.
1305 1689 1385 1758 P.
1423 1689 1509 1758 D.
1542 1684 1927 1783 episcopus
1955 1690 2014 1760 N
2021 1686 2432 1762 icastrensis
2459 1689 2847 1766 celebravit

222 1808 475 1884 missam
506 1809 915 1885 solemnem
934 1809 1455 1907 pontificalem,
1482 1809 1596 1883 cui
1628 1810 2135 1886 serenissimus
2159 1811 2575 1910 Alphonsus
2604 1817 2847 1892 Sicilie

222 1957 325 2008 rex
360 1934 728 2011 interfuit:
784 1934 989 2009 finita
1030 1936 1253 2010 missa
1296 1935 1605 2012 accessit
1654 1941 1822 2011 ante
1866 1937 2092 2012 altare
2141 1938 2416 2035 capelle
2473 1939 2544 2014 in
2598 1943 2849 2017 Castro

220 2061 409 2151 Novo,
433 2061 551 2135 ubi
584 2062 817 2136 missa
842 2061 1260 2160 hujusmodi
1290 2061 1657 2138 celebrata
1686 2063 1948 2155 fuerat,
1983 2062 2350 2162 predictus
2379 2087 2535 2156 rex,
2575 2066 2722 2155 ubi,
2755 2091 2843 2143 eo

220 2185 275 2258 in
316 2186 471 2260 sede
504 2187 841 2276 sedente,
869 2186 1063 2260 venit
1106 2211 1353 2263 coram
1394 2211 1483 2263 eo
1524 2188 1959 2285 magnificus
2003 2192 2088 2261 D.
2134 2188 2434 2262 Gentilis
2473 2189 2840 2288 Virginius

220 2310 293 2384 de
323 2315 698 2411 Aragonia,
734 2320 981 2389 manto
1010 2315 1231 2412 longo
1263 2337 1565 2391 rosaceo
1604 2315 1824 2413 perlis
1868 2314 2158 2388 suffulto
2191 2337 2419 2410 usque
2451 2314 2544 2387 ad
2573 2322 2842 2391 terram

218 2436 495 2532 indutae,
538 2442 755 2539 cujus
796 2465 965 2537 pars
1010 2441 1101 2514 ad
1144 2440 1471 2515 dextram
1518 2465 1561 2515 a
1605 2439 1905 2515 brachio
1949 2438 2138 2512 infra
2174 2461 2403 2536 usque
2440 2438 2535 2513 ad
2577 2445 2840 2516 terram

219 2572 501 2660 apertum
544 2574 733 2657 erat,
770 2565 1058 2640 sinistra
1094 2588 1264 2641 vero
1295 2589 1461 2664 pars
1493 2565 1759 2663 plicata
1787 2572 1945 2640 erat
1975 2587 2192 2662 supra
2221 2562 2596 2638 brachium
2637 2565 2842 2639 sinis-

274 2807 315 2862 1.
352 2805 389 2861 ΙΙ
414 2814 500 2864 est
523 2805 947 2864 vraisemblable
974 2825 1079 2880 que
1108 2806 1157 2862 le
1180 2805 1398 2882 eroquis
1424 2805 1493 2861 de
1522 2805 1738 2880 Poggio
1768 2803 1964 2878 Regali
1995 2820 2056 2860 se
2085 2811 2276 2860 trouve
2299 2807 2441 2860 truce
2462 2804 2608 2860 dans
2637 2802 2687 2862 le
2709 2823 2842 2864 mss.

216 2891 430 2967 original.
461 2896 796 2953 L'bistorien
826 2896 1233 2970 contemporain
1266 2897 1585 2952 Summonte
1615 2895 1750 2952 ecrit
1776 2912 1848 2950 au
1884 2895 2028 2966 sujet
2045 2894 2114 2950 de
2144 2911 2204 2950 ce
2233 2893 2407 2967 palais
2441 2912 2453 2948 :
2595 2919 2622 2946 «
2664 2894 2836 2954 l’altro

216 2983 349 3058 luogo
374 2989 467 3044 che
504 2987 705 3045 edifico
742 3005 870 3044 esso
910 2989 1063 3044 Duca
1101 2986 1156 3042 di
1195 2985 1448 3043 Calabria
1484 2986 1541 3040 fn
1584 2985 1740 3041 fuera
1777 2982 1829 3040 la
1867 2973 2034 3039 Port‘sa
2073 2983 2351 3056 Capuana,
2397 2982 2553 3056 lungi
2591 2984 2736 3040 circa
2769 3004 2844 3041 un

214 3074 371 3148 miglio
403 3077 539 3133 della
568 3077 741 3146 cina,
772 3095 801 3134 e
829 3077 883 3135 10
910 3077 1125 3146 chiamo
1156 3075 1373 3150 Poggio
1404 3074 1568 3143 reale,
1594 3091 1697 3130 ove
1734 3074 1883 3128 fecce
1913 3089 1987 3128 un
2027 3070 2116 3127 bel
2145 3071 2372 3128 Palazzo
2408 3089 2510 3128 con
2541 3071 2842 3131 bellissime

211 3171 363 3222 stanze
388 3167 667 3225 facendovi
700 3166 985 3240 dipingere
1016 3165 1067 3222 la
1096 3182 1315 3239 guerra,
1342 3182 1471 3221 over
1491 3163 1753 3236 congiura
1773 3161 1863 3216 dei
1895 3159 2114 3230 Baroni,
2141 3177 2244 3216 con
2269 3159 2552 3218 artificiosi
2582 3162 2839 3236 giardini,

210 3271 291 3308 ron
318 3256 519 3313 fontane
546 3255 987 3325 delitiosissime‚
1010 3256 1191 3312 dando
1218 3255 1275 3310 in
1306 3271 1434 3310 esso
1474 3252 1639 3326 luogo
1671 3249 1706 3306 il
1740 3249 2004 3324 passagio
2033 3249 2341 3306 discoverto
2379 3247 2466 3304 all’
2495 3266 2670 3324 acqua
2698 3250 2842 3306 della

212 3341 353 3414 volta,
380 3345 475 3404 che
502 3364 598 3421 per
628 3344 707 3419 gl‘
737 3345 1048 3424 acquedotti
1086 3351 1243 3402 entra
1277 3343 1334 3398 in
1360 3340 1576 3416 Napoli,
1608 3355 1775 3414 opera
1791 3344 2106 3396 veramente
2135 3337 2277 3394 reale
2308 3355 2338 3394 e
2371 3337 2720 3397 memorabile
2750 3339 2837 3396 eh’

210 3429 317 3488 infin
344 3436 555 3492 anostri
578 3435 772 3510 tempi,
795 3435 845 3492 la
874 3443 1140 3492 sontuosa
1169 3452 1197 3490 e
1229 3431 1339 3489 real
1370 3449 1533 3504 sepsa
1563 3448 1663 3486 con
1696 3447 1834 3503 gran
1864 3427 2078 3503 piacere
2109 3445 2138 3482 e
2166 3425 2357 3484 diletto
2387 3427 2436 3484 si
2466 3446 2682 3503 scorge.
2719 3451 2764 3504 »—

260 3523 439 3580 Istoria
464 3528 610 3583 della
639 3529 779 3582 (sitta
806 3527 867 3582 di
902 3525 1124 3596 Nupoli,
1156 3525 1315 3592 1601,
1346 3528 1387 3579 t.
1423 3520 1518 3588 ΠΙ,
1549 3519 1583 3577 1.
1618 3537 1691 3588 vi,
1724 3537 1852 3593 pag.
1883 3518 2010 3574 504.
2046 3516 2196 3571 Dans
2226 3534 2333 3572 une
2360 3516 2516 3574 lettre
2548 3517 2768 3576 relative
2797 3523 2832 3575 8,

208 3607 395 3668 senti-ee
428 3618 461 3671 8
484 3615 695 3690 Naples
722 3616 798 3671 du
832 3612 1106 3671 marechal
1134 3613 1202 3668 de
1234 3611 1351 3680 Gis,
1387 3610 1545 3667 lettre
1587 3609 1869 3677 adressee‚
1903 3606 2124 3662 suivant
2160 3607 2234 3662 M.
2271 3606 2350 3662 De
2389 3606 2442 3664 la
2480 3607 2778 3682 Pilorgerie
2823 3626 2836 3663 ε

210 3697 525 3774 (Campaanes
551 3712 605 3760 et
634 3706 909 3762 Bullatins
1034 3721 1086 3777 p.
1124 3701 1245 3770 193)
1268 3718 1337 3756 au
1357 3697 1596 3755 cardinal
1625 3698 1693 3753 de
1716 3695 2053 3752 Saint—Malo
2073 3710 2172 3768 par
2200 3713 2273 3750 un
2304 3695 2372 3751 de
2403 3713 2492 3752 ses
2513 3696 2840 3770 principaux

209 3787 428 3857 officiers,
458 3813 529 3851 on
558 3795 623 3851 lit
650 3795 705 3852 la
734 3794 985 3850 curiense
1012 3790 1347 3866 description
1370 3788 1618 3846 suivante
1649 3787 1716 3842 de
1749 3784 1966 3859 Poggio
1997 3783 2164 3840 Reale
2191 3802 2203 3839 ε

266 3901 291 3926 κ
398 3882 576 3940 Avant
604 3903 715 3958 que
743 3884 792 3940 18
823 3901 921 3958 roy
950 3888 1161 3940 entrast
1188 3897 1255 3937 en
1286 3881 1339 3936 la
1362 3879 1508 3947 ville,
1541 3877 1579 3932 il
1608 3895 1641 3933 a
1668 3874 1895 3932 couchie
1914 3891 2020 3930 une
2047 3881 2187 3947 nuyt
2213 3891 2247 3929 a
2275 3873 2431 3948 Poge
2459 3876 2608 3949 royal
2630 3873 2724 3950 qui
2753 3883 2839 3932 est.

210 3983 293 4024 une
316 3972 519 4032 maison
544 3975 616 4032 de
647 3974 925 4050 plaisance
954 3991 1061 4048 que
1090 3971 1141 4028 le
1164 3987 1265 4044 roy
1288 3970 1329 4025 F
1331 3967 1525 4026 errand
1554 3973 1611 4024 et
1630 3983 1720 4022 ses
1750 3965 2174 4039 predecesseurs
2203 3968 2301 4019 ont
2325 3963 2431 4020 fait
2457 3963 2609 4034 faire,
2629 3963 2724 4038 qui
2753 3970 2840 4020 est

210 4055 310 4116 telle
334 4079 431 4135 que
465 4063 516 4119 le
556 4065 701 4121 beau
729 4063 908 4138 parler
946 4063 1013 4119 de
1052 4061 1275 4117 maistre
1314 4057 1474 4114 Alain
1513 4055 1776 4120 Chartier,
1811 4053 1864 4109 la
1901 4051 2144 4109 subtilite
2183 4051 2252 4107 de
2288 4051 2510 4108 maistre
2543 4053 2718 4108 Jehan
2766 4053 2835 4108 de

210 4145 343 4204 Meun
370 4158 421 4208 et
456 4153 507 4211 la
544 4155 696 4211 main
734 4153 803 4209 de
846 4153 1096 4226 Fouquet
1134 4150 1206 4224 (le
1244 4149 1462 4205 fameux
1498 4144 1882 4214 miniaturiste)
1915 4160 1983 4198 ne
2023 4139 2302 4199 sauroient
2338 4141 2452 4196 dire
2501 4139 2738 4214 escripre
2775 4140 2832 4196 ni

210 4236 414 4304 mindi-e.
444 4243 559 4300 Elle
588 4242 885 4302 estassise
914 4241 1165 4316 loing·de
1194 4239 1245 4296 la
1274 4238 1397 4295 ville
1416 4236 1569 4293 aussi
1598 4234 1751 4307 loing
1777 4251 1884 4307 que
1903 4233 1972 4288 de
2001 4231 2175 4287 Tours
2194 4247 2266 4286 au
2291 4229 2542 4286 Plesseix
2566 4237 2622 4287 et
2635 4229 2832 4304 depuis

208 4319 401 4400 lupone
427 4333 495 4389 de
526 4332 579 4390 18
608 4331 737 4390 ville
756 4330 1091 4408 jusques-la'‚
1122 4347 1193 4386 on
1222 4347 1290 4385 va
1320 4345 1417 4402 par
1440 4326 1647 4400 grands
1680 4321 1914 4380 sentiers
1945 4327 2000 4377 et
2027 4319 2193 4392 allees
2223 4320 2291 4376 de
2321 4325 2446 4375 tous
2485 4325 2686 4376 eostez.
2719 4317 2832 4374 Elle

210 4422 277 4470 est
296 4421 613 4479 environnee
644 4419 965 4496 d’orengers
994 4427 1049 4477 et
1076 4419 1145 4476 de
1176 4416 1497 4476 rommarins
1527 4421 1583 4472 et
1609 4415 1676 4470 de
1705 4421 1831 4470 tous
1855 4417 2039 4467 autres
2068 4408 2580 4494 arbres‘i'ructueux
2617 4414 2735 4464 tant
2762 4427 2828 4463 en

210 4519 315 4574 Πει-
336 4525 435 4582 que
455 4529 525 4569 en
556 4516 703 4582 este,
732 4516 765 4568 8
794 4511 842 4569 si
873 4518 1035 4586 grant
1060 4507 1306 4582 quantite
1336 4525 1443 4582 que
1471 4506 1608 4561 c'est
1634 4503 1803 4559 chose
1822 4498 2188 4556 inestimable.
2209 4496 2368 4554 Ledit
2396 4494 2571 4552 iardin
2605 4502 2691 4552 est
2716 4495 2830 4551 clos

208 4591 259 4648 de
282 4613 415 4655 murs
444 4618 513 4658 en
542 4605 723 4667 carre,
753 4608 810 4659 et
844 4599 881 4656 il
923 4607 1011 4658 est
1046 4599 1095 4656 si
1115 4600 1259 4656 beau
1294 4615 1399 4672 que
1438 4596 1488 4651 ie
1530 4613 1601 4651 ne
1639 4610 1872 4666 sauz-aye
1909 4588 2149 4663 eseripre
2193 4607 2262 4644 en
2309 4587 2363 4643 la
2407 4585 2494 4642 vie
2538 4585 2827 4644 d'homme.

206 4678 398 4744 Enriron
420 4697 573 4749 ceste
600 4690 818 4748 maison
848 4696 975 4748 sont
995 4688 1075 4747 les
1104 4687 1277 4746 belles
1308 4685 1600 4752 fontaines,
1632 4682 1713 4740 les
1744 4681 1946 4740 viviers
1983 4677 2161 4753 pleins
2199 4675 2520 4751 d'oyseaulx
2547 4676 2614 4730 de
2655 4681 2832 4734 tontes

202 4779 345 4830 sortes
369 4783 423 4834 et
448 4779 495 4835 si
531 4788 829 4854 estranges
858 4779 1023 4853 qu’on
1052 4797 1121 4835 ne
1154 4775 1359 4834 sauroit
1388 4791 1605 4850 penser.
1641 4773 1721 4828 De
1750 4769 1942 4826 l'autre
1969 4770 2122 4825 coste
2158 4765 2209 4822 le
2266 4764 2408 4821 beau
2451 4781 2580 4839 parc
2608 4767 2678 4820 οὐ
2707 4769 2837 4820 sont

202 4853 263 4916 ¹8³
290 4881 501 4936 grosses
528 4869 727 4926 bestes
754 4874 789 4926 a
816 4869 1016 4938 foison,
1057 4867 1109 4924 la
1144 4878 1387 4942 garenne
1424 4864 1492 4919 de
1541 4861 1772 4918 connins
1810 4865 1868 4915 et
1902 4858 1970 4913 de
2008 4856 2222 4924 lievreS,
2253 4853 2444 4911 l’autre
2481 4871 2722 4928 garenne
2762 4855 2830 4910 de

202 4947 393 5024 saiSQnS,
422 4958 491 5015 de
516 4958 769 5034 perdrix,
800 4965 855 5016 et
892 4958 929 5013 il
966 4956 1171 5014 semble
1207 4972 1313 5030 que
1342 4959 1465 5011 tout
1498 4971 1535 5026 y
1567 4949 1678 5007 soit
1702 4949 1813 5006 fait.
1833 4963 1930 5022 par
1959 4943 2109 5001 desit
2142 4941 2387 5003 humain.
2418 4942 2526 5000 Car
2570 4960 2668 5018 par
2703 4961 2829 5042 mon

202 5039 385 5101 souhait
410 5045 465 5103 ni
494 5065 596 5123 par
628 5046 768 5104 celui
796 5046 1068 5104 d’homme
1096 5046 1281 5104 vivant
1302 5044 1415 5101 rien
1448 5060 1517 5098 ne
1535 5037 1780 5116 pourroit
1805 5034 2033 5095 advenit
2052 5034 2118 5090 de
2138 5031 2263 5108 plus
2289 5035 2322 5090 8,
2340 5038 2531 5090 nature
2550 5031 2828 5089 humame.

197 5123 247 5179 ³0
270 5145 383 5204 ⁰¹'⁰Y
406 5153 511 5210 que
540 5137 761 5194 c’estoit
786 5135 841 5192 la
866 5142 1015 5194 toute
1043 5135 1096 5194 la
1121 5135 1319 5194 felicitae
1350 5134 1447 5190 des
1477 5131 1903 5208 predecesseurs
1932 5143 2062 5200 roys
2191 5145 2223 5175 n

254 5215 370 5292 γῆς.
400 5225 547 5284 aussi
577 5226 627 5284 le
666 5229 891 5297 Verqier
919 5227 1228 5284 ‹l’Honncur
1256 5225 1394 5280 dans
1418 5223 1495 5277 les
1518 5219 1682 5276 ,lt-ck.
1717 5220 1782 5274 dt:
1812 5217 2077 5272 l’he'stoae‘rc
2108 5216 2173 5272 de
2205 5215 2424 5279 Franzw,
2459 5218 2498 5270 t.
2524 5212 2566 5281 l,
2597 5221 2658 5284 p:
2684 5211 2811 5267 334.
