<?xml version="1.0" encoding="UTF-8"?>
<!DOCTYPE html PUBLIC "-//W3C//DTD XHTML 1.0 Transitional//EN"
    "http://www.w3.org/TR/xhtml1/DTD/xhtml1-transitional.dtd">
<html xmlns="http://www.w3.org/1999/xhtml" xml:lang="en" lang="en">
 <head>
  <title>
</title>
<meta http-equiv="Content-Type" content="text/html;charset=utf-8" />
  <meta name='ocr-system' content='tesseract 3.04.00' />
  <meta name='ocr-capabilities' content='ocr_page ocr_carea ocr_par ocr_line ocrx_word'/>
</head>
<body>
  <div class='ocr_page' id='page_1' title='image "./johannisburchar00unkngoog_0070.png"; bbox 0 0 3625 6059; ppageno 0'>
   <div class='ocr_carea' id='block_1_1' title="bbox 675 522 3359 594">
    <p class='ocr_par' dir='ltr' id='par_1_1' title="bbox 675 522 3359 594">
     <span class='ocr_line' id='line_1_1' title="bbox 675 522 3359 594; baseline 0.002 -13"><span class='ocrx_word' id='word_1_1' title='bbox 675 534 748 590; x_wconf 86' lang='lat'><strong>58</strong></span> <span class='ocrx_word' id='word_1_2' title='bbox 1593 522 1946 583; x_wconf 78' lang='lat' dir='ltr'><strong>JOHANNIS</strong></span> <span class='ocrx_word' id='word_1_3' title='bbox 1994 522 2445 594; x_wconf 76' lang='lat' dir='ltr'><strong>BURCHARDI,</strong></span> <span class='ocrx_word' id='word_1_4' title='bbox 3016 529 3179 593; x_wconf 63' lang='lat' dir='ltr'><strong>[xm</strong></span> <span class='ocrx_word' id='word_1_5' title='bbox 3210 532 3359 594; x_wconf 68' lang='lat'><strong>148³]</strong></span> 
     </span>
    </p>
   </div>
   <div class='ocr_carea' id='block_1_2' title="bbox 672 678 3409 5298">
    <p class='ocr_par' dir='ltr' id='par_1_2' title="bbox 684 678 3357 1029">
     <span class='ocr_line' id='line_1_2' title="bbox 684 678 3357 781; baseline -0.002 -18"><span class='ocrx_word' id='word_1_6' title='bbox 684 689 1257 775; x_wconf 74' lang='lat' dir='ltr'><strong>Beneventanus,</strong></span> <span class='ocrx_word' id='word_1_7' title='bbox 1309 686 1556 757; x_wconf 83' lang='lat' dir='ltr'><strong>sancte</strong></span> <span class='ocrx_word' id='word_1_8' title='bbox 1595 678 1999 769; x_wconf 80' lang='lat' dir='ltr'><strong>Anastasia,</strong></span> <span class='ocrx_word' id='word_1_9' title='bbox 2035 678 2297 753; x_wconf 88' lang='lat' dir='ltr'><strong>Montis</strong></span> <span class='ocrx_word' id='word_1_10' title='bbox 2342 678 2631 776; x_wconf 78' lang='lat' dir='ltr'><strong>Regalis</strong></span> <span class='ocrx_word' id='word_1_11' title='bbox 2663 686 2737 755; x_wconf 92' lang='lat' dir='ltr'><strong>et</strong></span> <span class='ocrx_word' id='word_1_12' title='bbox 2767 680 3100 773; x_wconf 87' lang='lat' dir='ltr'><strong>Ursinus,</strong></span> <span class='ocrx_word' id='word_1_13' title='bbox 3142 706 3357 781; x_wconf 89' lang='lat' dir='ltr'><strong>pres-</strong></span> 
     </span>
     <span class='ocr_line' id='line_1_3' title="bbox 685 802 3355 911; baseline -0.003 -23"><span class='ocrx_word' id='word_1_14' title='bbox 685 810 960 911; x_wconf 73' lang='lat' dir='ltr'><strong>byteri3</strong></span> <span class='ocrx_word' id='word_1_15' title='bbox 1015 807 1386 898; x_wconf 90' lang='lat' dir='ltr'><strong>Senensis,</strong></span> <span class='ocrx_word' id='word_1_16' title='bbox 1449 830 1510 879; x_wconf 78' lang='lat' dir='ltr'><strong>S.</strong></span> <span class='ocrx_word' id='word_1_17' title='bbox 1570 803 1890 901; x_wconf 80' lang='lat' dir='ltr'><strong>Georgii,</strong></span> <span class='ocrx_word' id='word_1_18' title='bbox 1938 802 2027 878; x_wconf 90' lang='lat' dir='ltr'><strong>de</strong></span> <span class='ocrx_word' id='word_1_19' title='bbox 2060 803 2401 897; x_wconf 80' lang='lat' dir='ltr'><strong>sabellis,</strong></span> <span class='ocrx_word' id='word_1_20' title='bbox 2460 804 3123 901; x_wconf 78' lang='lat' dir='ltr'><strong>vicecancellariuS,</strong></span> <span class='ocrx_word' id='word_1_21' title='bbox 3172 815 3355 885; x_wconf 86' lang='lat' dir='ltr'><strong>ets.</strong></span> 
     </span>
     <span class='ocr_line' id='line_1_4' title="bbox 688 935 1378 1029; baseline -0.01 -13"><span class='ocrx_word' id='word_1_22' title='bbox 688 938 1035 1029; x_wconf 77' lang='lat' dir='ltr'><strong>Severini,</strong></span> <span class='ocrx_word' id='word_1_23' title='bbox 1071 935 1378 1011; x_wconf 85' lang='lat' dir='ltr'><strong>diaconi.</strong></span> 
     </span>
    </p>

    <p class='ocr_par' dir='ltr' id='par_1_3' title="bbox 681 1058 3361 2167">
     <span class='ocr_line' id='line_1_5' title="bbox 783 1058 3353 1160; baseline -0.001 -21"><span class='ocrx_word' id='word_1_24' title='bbox 783 1064 1154 1141; x_wconf 89' lang='lat' dir='ltr'><strong>Intellecto</strong></span> <span class='ocrx_word' id='word_1_25' title='bbox 1184 1086 1316 1160; x_wconf 89' lang='lat' dir='ltr'><strong>per</strong></span> <span class='ocrx_word' id='word_1_26' title='bbox 1351 1085 1471 1136; x_wconf 92' lang='lat' dir='ltr'><strong>me</strong></span> <span class='ocrx_word' id='word_1_27' title='bbox 1501 1060 1657 1135; x_wconf 88' lang='lat' dir='ltr'><strong>heri</strong></span> <span class='ocrx_word' id='word_1_28' title='bbox 1701 1058 1899 1157; x_wconf 92' lang='lat' dir='ltr'><strong>quod</strong></span> <span class='ocrx_word' id='word_1_29' title='bbox 1938 1060 2065 1133; x_wconf 91' lang='lat' dir='ltr'><strong>SS.</strong></span> <span class='ocrx_word' id='word_1_30' title='bbox 2112 1062 2199 1131; x_wconf 91' lang='lat' dir='ltr'><strong>D.</strong></span> <span class='ocrx_word' id='word_1_31' title='bbox 2244 1062 2331 1147; x_wconf 86' lang='lat' dir='ltr'><strong>N.</strong></span> <span class='ocrx_word' id='word_1_32' title='bbox 2378 1058 2827 1154; x_wconf 87' lang='lat' dir='ltr'><strong>equitaturus</strong></span> <span class='ocrx_word' id='word_1_33' title='bbox 2868 1066 3050 1153; x_wconf 90' lang='lat' dir='ltr'><strong>erat,</strong></span> <span class='ocrx_word' id='word_1_34' title='bbox 3102 1063 3353 1160; x_wconf 87' lang='lat' dir='ltr'><strong>rogavi</strong></span> 
     </span>
     <span class='ocr_line' id='line_1_6' title="bbox 687 1182 3357 1283; baseline -0.002 -16"><span class='ocrx_word' id='word_1_35' title='bbox 687 1197 974 1267; x_wconf 83' lang='lat' dir='ltr'><strong>Rmum.</strong></span> <span class='ocrx_word' id='word_1_36' title='bbox 1048 1192 1134 1263; x_wconf 89' lang='lat' dir='ltr'><strong>D.</strong></span> <span class='ocrx_word' id='word_1_37' title='bbox 1202 1185 1882 1263; x_wconf 89' lang='lat' dir='ltr'><strong>vicecancellarium</strong></span> <span class='ocrx_word' id='word_1_38' title='bbox 1944 1190 2021 1257; x_wconf 91' lang='lat' dir='ltr'><strong>ut</strong></span> <span class='ocrx_word' id='word_1_39' title='bbox 2081 1182 2457 1281; x_wconf 86' lang='lat' dir='ltr'><strong>providere</strong></span> <span class='ocrx_word' id='word_1_40' title='bbox 2513 1183 2953 1283; x_wconf 58' lang='lat' dir='ltr'><strong>:dignaretur</strong></span> <span class='ocrx_word' id='word_1_41' title='bbox 3004 1208 3099 1261; x_wconf 90' lang='lat' dir='ltr'><strong>ne</strong></span> <span class='ocrx_word' id='word_1_42' title='bbox 3170 1210 3357 1283; x_wconf 88' lang='lat' dir='ltr'><strong>gens</strong></span> 
     </span>
     <span class='ocr_line' id='line_1_7' title="bbox 683 1308 3351 1414; baseline -0.003 -22"><span class='ocrx_word' id='word_1_43' title='bbox 683 1317 1044 1414; x_wconf 87' lang='lat' dir='ltr'><strong>armigera</strong></span> <span class='ocrx_word' id='word_1_44' title='bbox 1077 1314 1215 1389; x_wconf 80' lang='lat' dir='ltr'><strong>SS.</strong></span> <span class='ocrx_word' id='word_1_45' title='bbox 1274 1317 1361 1387; x_wconf 93' lang='lat' dir='ltr'><strong>D.</strong></span> <span class='ocrx_word' id='word_1_46' title='bbox 1415 1316 1502 1387; x_wconf 92' lang='lat' dir='ltr'><strong>N.</strong></span> <span class='ocrx_word' id='word_1_47' title='bbox 1555 1310 1987 1409; x_wconf 79' lang='lat' dir='ltr'><strong>precederet</strong></span> <span class='ocrx_word' id='word_1_48' title='bbox 2034 1314 2109 1385; x_wconf 91' lang='lat' dir='ltr'><strong>et</strong></span> <span class='ocrx_word' id='word_1_49' title='bbox 2160 1315 2593 1407; x_wconf 81' lang='lat' dir='ltr'><strong>sequeretur</strong></span> <span class='ocrx_word' id='word_1_50' title='bbox 2633 1310 2711 1383; x_wconf 90' lang='lat' dir='ltr'><strong>in</strong></span> <span class='ocrx_word' id='word_1_51' title='bbox 2758 1308 3013 1385; x_wconf 85' lang='lat' dir='ltr'><strong>ordine</strong></span> <span class='ocrx_word' id='word_1_52' title='bbox 3064 1317 3351 1401; x_wconf 88' lang='lat' dir='ltr'><strong>nostro,</strong></span> 
     </span>
     <span class='ocr_line' id='line_1_8' title="bbox 683 1436 3357 1543; baseline -0.001 -26"><span class='ocrx_word' id='word_1_53' title='bbox 683 1441 812 1517; x_wconf 91' lang='lat' dir='ltr'><strong>sed</strong></span> <span class='ocrx_word' id='word_1_54' title='bbox 856 1440 914 1514; x_wconf 89' lang='lat' dir='ltr'><strong>si</strong></span> <span class='ocrx_word' id='word_1_55' title='bbox 958 1464 1089 1538; x_wconf 89' lang='lat' dir='ltr'><strong>pro</strong></span> <span class='ocrx_word' id='word_1_56' title='bbox 1135 1464 1266 1515; x_wconf 91' lang='lat' dir='ltr'><strong>sua</strong></span> <span class='ocrx_word' id='word_1_57' title='bbox 1309 1437 1721 1527; x_wconf 72' lang='lat' dir='ltr'><strong>securitate,</strong></span> <span class='ocrx_word' id='word_1_58' title='bbox 1773 1460 2028 1511; x_wconf 90' lang='lat' dir='ltr'><strong>eorum</strong></span> <span class='ocrx_word' id='word_1_59' title='bbox 2074 1457 2299 1531; x_wconf 91' lang='lat' dir='ltr'><strong>opera</strong></span> <span class='ocrx_word' id='word_1_60' title='bbox 2341 1436 2441 1509; x_wconf 88' lang='lat' dir='ltr'><strong>uti</strong></span> <span class='ocrx_word' id='word_1_61' title='bbox 2486 1436 2727 1526; x_wconf 88' lang='lat' dir='ltr'><strong>vellet,</strong></span> <span class='ocrx_word' id='word_1_62' title='bbox 2776 1459 2903 1512; x_wconf 89' lang='lat' dir='ltr'><strong>eos</strong></span> <span class='ocrx_word' id='word_1_63' title='bbox 2944 1436 3037 1511; x_wconf 89' lang='lat' dir='ltr'><strong>ad</strong></span> <span class='ocrx_word' id='word_1_64' title='bbox 3074 1438 3241 1543; x_wconf 82' lang='lat' dir='ltr'><strong>loca</strong></span> <span class='ocrx_word' id='word_1_65' title='bbox 3282 1446 3357 1513; x_wconf 88' lang='lat' dir='ltr'><strong>et</strong></span> 
     </span>
     <span class='ocr_line' id='line_1_9' title="bbox 683 1561 3355 1663; baseline -0.001 -21"><span class='ocrx_word' id='word_1_66' title='bbox 683 1573 944 1643; x_wconf 89' lang='lat' dir='ltr'><strong>stratas</strong></span> <span class='ocrx_word' id='word_1_67' title='bbox 971 1573 1344 1663; x_wconf 85' lang='lat' dir='ltr'><strong>suspectas</strong></span> <span class='ocrx_word' id='word_1_68' title='bbox 1375 1564 1833 1662; x_wconf 89' lang='lat' dir='ltr'><strong>premitteret</strong></span> <span class='ocrx_word' id='word_1_69' title='bbox 1861 1569 1936 1637; x_wconf 90' lang='lat' dir='ltr'><strong>et</strong></span> <span class='ocrx_word' id='word_1_70' title='bbox 1966 1562 2382 1661; x_wconf 82' lang='lat' dir='ltr'><strong>deputaret3</strong></span> <span class='ocrx_word' id='word_1_71' title='bbox 2408 1563 2603 1659; x_wconf 90' lang='lat' dir='ltr'><strong>quod</strong></span> <span class='ocrx_word' id='word_1_72' title='bbox 2634 1561 2831 1638; x_wconf 89' lang='lat' dir='ltr'><strong>idem</strong></span> <span class='ocrx_word' id='word_1_73' title='bbox 2860 1562 3247 1638; x_wconf 86' lang='lat' dir='ltr'><strong>cardinalis</strong></span> <span class='ocrx_word' id='word_1_74' title='bbox 3273 1588 3355 1638; x_wconf 90' lang='lat' dir='ltr'><strong>se</strong></span> 
     </span>
     <span class='ocr_line' id='line_1_10' title="bbox 682 1689 3357 1789; baseline -0.002 -20"><span class='ocrx_word' id='word_1_75' title='bbox 682 1695 1038 1769; x_wconf 84' lang='lat' dir='ltr'><strong>facturum</strong></span> <span class='ocrx_word' id='word_1_76' title='bbox 1079 1692 1256 1767; x_wconf 84' lang='lat' dir='ltr'><strong>dixit</strong></span> <span class='ocrx_word' id='word_1_77' title='bbox 1285 1697 1500 1789; x_wconf 91' lang='lat' dir='ltr'><strong>prout</strong></span> <span class='ocrx_word' id='word_1_78' title='bbox 1530 1697 1602 1765; x_wconf 90' lang='lat' dir='ltr'><strong>et</strong></span> <span class='ocrx_word' id='word_1_79' title='bbox 1633 1690 1829 1782; x_wconf 82' lang='lat' dir='ltr'><strong>fecit,</strong></span> <span class='ocrx_word' id='word_1_80' title='bbox 1864 1713 1949 1765; x_wconf 88' lang='lat' dir='ltr'><strong>ae</strong></span> <span class='ocrx_word' id='word_1_81' title='bbox 1980 1697 2275 1787; x_wconf 88' lang='lat' dir='ltr'><strong>gentem</strong></span> <span class='ocrx_word' id='word_1_82' title='bbox 2312 1689 2547 1786; x_wconf 83' lang='lat' dir='ltr'><strong>ipsam</strong></span> <span class='ocrx_word' id='word_1_83' title='bbox 2590 1690 2681 1763; x_wconf 84' lang='lat' dir='ltr'><strong>ad</strong></span> <span class='ocrx_word' id='word_1_84' title='bbox 2718 1690 2877 1787; x_wconf 89' lang='lat' dir='ltr'><strong>ipsa</strong></span> <span class='ocrx_word' id='word_1_85' title='bbox 2911 1689 3101 1779; x_wconf 89' lang='lat' dir='ltr'><strong>loca,</strong></span> <span class='ocrx_word' id='word_1_86' title='bbox 3136 1698 3357 1788; x_wconf 88' lang='lat' dir='ltr'><strong>prout</strong></span> 
     </span>
     <span class='ocr_line' id='line_1_11' title="bbox 683 1813 3361 1913; baseline -0.001 -20"><span class='ocrx_word' id='word_1_87' title='bbox 683 1820 820 1893; x_wconf 89' lang='lat' dir='ltr'><strong>sibi</strong></span> <span class='ocrx_word' id='word_1_88' title='bbox 850 1817 1081 1892; x_wconf 87' lang='lat' dir='ltr'><strong>visum</strong></span> <span class='ocrx_word' id='word_1_89' title='bbox 1113 1823 1250 1904; x_wconf 88' lang='lat' dir='ltr'><strong>est,</strong></span> <span class='ocrx_word' id='word_1_90' title='bbox 1287 1814 1636 1890; x_wconf 82' lang='lat' dir='ltr'><strong>ordinavit</strong></span> <span class='ocrx_word' id='word_1_91' title='bbox 1668 1822 1738 1890; x_wconf 91' lang='lat' dir='ltr'><strong>et</strong></span> <span class='ocrx_word' id='word_1_92' title='bbox 1766 1813 2121 1913; x_wconf 86' lang='lat' dir='ltr'><strong>premisit,</strong></span> <span class='ocrx_word' id='word_1_93' title='bbox 2156 1814 2459 1889; x_wconf 84' lang='lat' dir='ltr'><strong>retentis</strong></span> <span class='ocrx_word' id='word_1_94' title='bbox 2490 1813 2684 1889; x_wconf 88' lang='lat' dir='ltr'><strong>circa</strong></span> <span class='ocrx_word' id='word_1_95' title='bbox 2710 1819 2797 1888; x_wconf 94' lang='lat' dir='ltr'><strong>D.</strong></span> <span class='ocrx_word' id='word_1_96' title='bbox 2829 1818 2913 1889; x_wconf 90' lang='lat' dir='ltr'><strong>N.</strong></span> <span class='ocrx_word' id='word_1_97' title='bbox 2942 1814 3243 1889; x_wconf 77' lang='lat' dir='ltr'><strong>circiter</strong></span> <span class='ocrx_word' id='word_1_98' title='bbox 3266 1840 3361 1890; x_wconf 69' lang='lat' dir='ltr'><strong>xi.</strong></span> 
     </span>
     <span class='ocr_line' id='line_1_12' title="bbox 683 1938 3357 2044; baseline -0.002 -24"><span class='ocrx_word' id='word_1_99' title='bbox 683 1943 1044 2044; x_wconf 86' lang='lat' dir='ltr'><strong>peditibus</strong></span> <span class='ocrx_word' id='word_1_100' title='bbox 1073 1964 1240 2016; x_wconf 91' lang='lat' dir='ltr'><strong>cum</strong></span> <span class='ocrx_word' id='word_1_101' title='bbox 1271 1940 1564 2017; x_wconf 87' lang='lat' dir='ltr'><strong>ensibus</strong></span> <span class='ocrx_word' id='word_1_102' title='bbox 1597 1941 1670 2014; x_wconf 90' lang='lat' dir='ltr'><strong>in</strong></span> <span class='ocrx_word' id='word_1_103' title='bbox 1698 1941 2005 2038; x_wconf 80' lang='lat' dir='ltr'><strong>vaginiS,</strong></span> <span class='ocrx_word' id='word_1_104' title='bbox 2042 1940 2227 2013; x_wconf 90' lang='lat' dir='ltr'><strong>ultra</strong></span> <span class='ocrx_word' id='word_1_105' title='bbox 2254 1939 2537 2037; x_wconf 83' lang='lat' dir='ltr'><strong>pedites</strong></span> <span class='ocrx_word' id='word_1_106' title='bbox 2576 1939 2775 2015; x_wconf 88' lang='lat' dir='ltr'><strong>circa</strong></span> <span class='ocrx_word' id='word_1_107' title='bbox 2802 1962 2871 2029; x_wconf 88' lang='lat' dir='ltr'><strong>c,</strong></span> <span class='ocrx_word' id='word_1_108' title='bbox 2904 1938 3025 2035; x_wconf 92' lang='lat' dir='ltr'><strong>qui</strong></span> <span class='ocrx_word' id='word_1_109' title='bbox 3058 1962 3357 2013; x_wconf 89' lang='lat' dir='ltr'><strong>crucem</strong></span> 
     </span>
     <span class='ocr_line' id='line_1_13' title="bbox 681 2056 3351 2167; baseline -0.001 -24"><span class='ocrx_word' id='word_1_110' title='bbox 681 2071 756 2144; x_wconf 91' lang='lat' dir='ltr'><strong>in</strong></span> <span class='ocrx_word' id='word_1_111' title='bbox 783 2068 949 2142; x_wconf 88' lang='lat' dir='ltr'><strong>loco</strong></span> <span class='ocrx_word' id='word_1_112' title='bbox 982 2067 1192 2143; x_wconf 90' lang='lat' dir='ltr'><strong>solito</strong></span> <span class='ocrx_word' id='word_1_113' title='bbox 1223 2073 1735 2167; x_wconf 89' lang='lat' dir='ltr'><strong>precesserunt</strong></span> <span class='ocrx_word' id='word_1_114' title='bbox 1765 2090 1933 2140; x_wconf 89' lang='lat' dir='ltr'><strong>cum</strong></span> <span class='ocrx_word' id='word_1_115' title='bbox 1964 2065 2407 2140; x_wconf 88' lang='lat' dir='ltr'><strong>runconibus</strong></span> <span class='ocrx_word' id='word_1_116' title='bbox 2430 2056 2513 2141; x_wconf 71' lang='lat' dir='ltr'><strong>&#39;et</strong></span> <span class='ocrx_word' id='word_1_117' title='bbox 2540 2065 2835 2141; x_wconf 86' lang='lat' dir='ltr'><strong>ensibus</strong></span> <span class='ocrx_word' id='word_1_118' title='bbox 2865 2064 3014 2139; x_wconf 90' lang='lat' dir='ltr'><strong>sive</strong></span> <span class='ocrx_word' id='word_1_119' title='bbox 3040 2064 3351 2139; x_wconf 83' lang='lat' dir='ltr'><strong>lanceis.</strong></span> 
     </span>
    </p>

    <p class='ocr_par' dir='ltr' id='par_1_4' title="bbox 679 2189 3409 4025">
     <span class='ocr_line' id='line_1_14' title="bbox 781 2189 3357 2285; baseline -0.001 -17"><span class='ocrx_word' id='word_1_120' title='bbox 781 2198 1145 2285; x_wconf 89' lang='lat' dir='ltr'><strong>Preterea,</strong></span> <span class='ocrx_word' id='word_1_121' title='bbox 1200 2196 1328 2269; x_wconf 92' lang='lat' dir='ltr'><strong>SS.</strong></span> <span class='ocrx_word' id='word_1_122' title='bbox 1387 2197 1473 2268; x_wconf 92' lang='lat' dir='ltr'><strong>D.</strong></span> <span class='ocrx_word' id='word_1_123' title='bbox 1527 2196 1614 2267; x_wconf 92' lang='lat' dir='ltr'><strong>N.</strong></span> <span class='ocrx_word' id='word_1_124' title='bbox 1659 2216 1748 2265; x_wconf 85' lang='lat' dir='ltr'><strong>ex</strong></span> <span class='ocrx_word' id='word_1_125' title='bbox 1789 2215 2082 2269; x_wconf 87' lang='lat' dir='ltr'><strong>camera</strong></span> <span class='ocrx_word' id='word_1_126' title='bbox 2130 2190 2649 2281; x_wconf 82' lang='lat' dir='ltr'><strong>descendente,</strong></span> <span class='ocrx_word' id='word_1_127' title='bbox 2706 2198 2785 2265; x_wconf 91' lang='lat' dir='ltr'><strong>ut</strong></span> <span class='ocrx_word' id='word_1_128' title='bbox 2830 2189 3119 2265; x_wconf 89' lang='lat' dir='ltr'><strong>debitus</strong></span> <span class='ocrx_word' id='word_1_129' title='bbox 3170 2191 3357 2265; x_wconf 89' lang='lat' dir='ltr'><strong>ordo</strong></span> 
     </span>
     <span class='ocr_line' id='line_1_15' title="bbox 687 2317 3361 2415; baseline -0.002 -20"><span class='ocrx_word' id='word_1_130' title='bbox 687 2320 1217 2413; x_wconf 84' lang='lat' dir='ltr'><strong>observaretur,</strong></span> <span class='ocrx_word' id='word_1_131' title='bbox 1258 2318 1402 2394; x_wconf 84' lang='lat' dir='ltr'><strong>dixi</strong></span> <span class='ocrx_word' id='word_1_132' title='bbox 1443 2318 1815 2393; x_wconf 87' lang='lat' dir='ltr'><strong>Sanctitati</strong></span> <span class='ocrx_word' id='word_1_133' title='bbox 1860 2342 1988 2391; x_wconf 90' lang='lat' dir='ltr'><strong>sue</strong></span> <span class='ocrx_word' id='word_1_134' title='bbox 2030 2318 2221 2391; x_wconf 90' lang='lat' dir='ltr'><strong>inter</strong></span> <span class='ocrx_word' id='word_1_135' title='bbox 2256 2317 2493 2415; x_wconf 89' lang='lat' dir='ltr'><strong>ipsum</strong></span> <span class='ocrx_word' id='word_1_136' title='bbox 2536 2325 2608 2390; x_wconf 89' lang='lat' dir='ltr'><strong>et</strong></span> <span class='ocrx_word' id='word_1_137' title='bbox 2647 2320 2957 2390; x_wconf 77' lang='lat' dir='ltr'><strong>RRmoS.</strong></span> <span class='ocrx_word' id='word_1_138' title='bbox 3004 2319 3155 2390; x_wconf 87' lang='lat' dir='ltr'><strong>DD.</strong></span> <span class='ocrx_word' id='word_1_139' title='bbox 3192 2340 3361 2391; x_wconf 87' lang='lat' dir='ltr'><strong>car-</strong></span> 
     </span>
     <span class='ocr_line' id='line_1_16' title="bbox 689 2442 3359 2541; baseline -0.001 -20"><span class='ocrx_word' id='word_1_140' title='bbox 689 2446 967 2523; x_wconf 86' lang='lat' dir='ltr'><strong>dinales</strong></span> <span class='ocrx_word' id='word_1_141' title='bbox 1002 2446 1323 2519; x_wconf 89' lang='lat' dir='ltr'><strong>medium</strong></span> <span class='ocrx_word' id='word_1_142' title='bbox 1359 2443 1629 2519; x_wconf 88' lang='lat' dir='ltr'><strong>debere</strong></span> <span class='ocrx_word' id='word_1_143' title='bbox 1660 2466 1822 2518; x_wconf 88' lang='lat' dir='ltr'><strong>esse</strong></span> <span class='ocrx_word' id='word_1_144' title='bbox 1854 2442 2248 2533; x_wconf 89' lang='lat' dir='ltr'><strong>neminem,</strong></span> <span class='ocrx_word' id='word_1_145' title='bbox 2290 2442 2783 2517; x_wconf 89' lang='lat' dir='ltr'><strong>niholominus</strong></span> <span class='ocrx_word' id='word_1_146' title='bbox 2812 2464 3051 2539; x_wconf 88' lang='lat' dir='ltr'><strong>nuper</strong></span> <span class='ocrx_word' id='word_1_147' title='bbox 3074 2444 3359 2541; x_wconf 88' lang='lat' dir='ltr'><strong>capita-</strong></span> 
     </span>
     <span class='ocr_line' id='line_1_17' title="bbox 687 2566 3395 2668; baseline -0 -22"><span class='ocrx_word' id='word_1_148' title='bbox 687 2594 910 2646; x_wconf 86' lang='lat' dir='ltr'><strong>neum</strong></span> <span class='ocrx_word' id='word_1_149' title='bbox 959 2571 1283 2647; x_wconf 87' lang='lat' dir='ltr'><strong>Ecclesie</strong></span> <span class='ocrx_word' id='word_1_150' title='bbox 1328 2578 1400 2646; x_wconf 90' lang='lat' dir='ltr'><strong>et</strong></span> <span class='ocrx_word' id='word_1_151' title='bbox 1445 2570 1906 2668; x_wconf 85' lang='lat' dir='ltr'><strong>capitaneum</strong></span> <span class='ocrx_word' id='word_1_152' title='bbox 1944 2567 2188 2665; x_wconf 87' lang='lat' dir='ltr'><strong>palatii</strong></span> <span class='ocrx_word' id='word_1_153' title='bbox 2236 2566 2519 2643; x_wconf 91' lang='lat' dir='ltr'><strong>medios</strong></span> <span class='ocrx_word' id='word_1_154' title='bbox 2564 2569 2955 2664; x_wconf 87' lang='lat' dir='ltr'><strong>equitasse,</strong></span> <span class='ocrx_word' id='word_1_155' title='bbox 3002 2592 3152 2643; x_wconf 88' lang='lat' dir='ltr'><strong>non</strong></span> <span class='ocrx_word' id='word_1_156' title='bbox 3196 2570 3395 2645; x_wconf 67' lang='lat' dir='ltr'><strong>sine·</strong></span> 
     </span>
     <span class='ocr_line' id='line_1_18' title="bbox 685 2693 3361 2794; baseline -0.001 -23"><span class='ocrx_word' id='word_1_157' title='bbox 685 2697 926 2793; x_wconf 90' lang='lat' dir='ltr'><strong>aliqua</strong></span> <span class='ocrx_word' id='word_1_158' title='bbox 953 2703 1163 2788; x_wconf 81' lang='lat' dir='ltr'><strong>nota3</strong></span> <span class='ocrx_word' id='word_1_159' title='bbox 1202 2695 1590 2793; x_wconf 85' lang='lat' dir='ltr'><strong>supplicavi</strong></span> <span class='ocrx_word' id='word_1_160' title='bbox 1621 2701 2010 2794; x_wconf 89' lang='lat' dir='ltr'><strong>propterea</strong></span> <span class='ocrx_word' id='word_1_161' title='bbox 2042 2693 2415 2769; x_wconf 87' lang='lat' dir='ltr'><strong>Sanctitati</strong></span> <span class='ocrx_word' id='word_1_162' title='bbox 2446 2714 2603 2783; x_wconf 89' lang='lat' dir='ltr'><strong>sue,</strong></span> <span class='ocrx_word' id='word_1_163' title='bbox 2643 2700 2723 2769; x_wconf 93' lang='lat' dir='ltr'><strong>ut</strong></span> <span class='ocrx_word' id='word_1_164' title='bbox 2754 2718 2887 2792; x_wconf 92' lang='lat' dir='ltr'><strong>pro</strong></span> <span class='ocrx_word' id='word_1_165' title='bbox 2922 2716 3055 2767; x_wconf 89' lang='lat' dir='ltr'><strong>suo</strong></span> <span class='ocrx_word' id='word_1_166' title='bbox 3086 2702 3164 2768; x_wconf 92' lang='lat' dir='ltr'><strong>et</strong></span> <span class='ocrx_word' id='word_1_167' title='bbox 3190 2719 3361 2769; x_wconf 88' lang='lat' dir='ltr'><strong>car-</strong></span> 
     </span>
     <span class='ocr_line' id='line_1_19' title="bbox 684 2818 3359 2918; baseline 0.001 -25"><span class='ocrx_word' id='word_1_168' title='bbox 684 2820 1030 2895; x_wconf 83' lang='lat' dir='ltr'><strong>dinalium</strong></span> <span class='ocrx_word' id='word_1_169' title='bbox 1087 2820 1370 2895; x_wconf 90' lang='lat' dir='ltr'><strong>honore</strong></span> <span class='ocrx_word' id='word_1_170' title='bbox 1426 2820 1849 2916; x_wconf 83' lang='lat' dir='ltr'><strong>dignaretur</strong></span> <span class='ocrx_word' id='word_1_171' title='bbox 1904 2818 2113 2894; x_wconf 88' lang='lat' dir='ltr'><strong>dictis</strong></span> <span class='ocrx_word' id='word_1_172' title='bbox 2172 2818 2569 2916; x_wconf 84' lang='lat' dir='ltr'><strong>capitaneis</strong></span> <span class='ocrx_word' id='word_1_173' title='bbox 2626 2820 2973 2895; x_wconf 87' lang='lat' dir='ltr'><strong>mandare</strong></span> <span class='ocrx_word' id='word_1_174' title='bbox 3029 2822 3229 2918; x_wconf 88' lang='lat' dir='ltr'><strong>quod</strong></span> <span class='ocrx_word' id='word_1_175' title='bbox 3278 2822 3359 2895; x_wconf 90' lang='lat' dir='ltr'><strong>in</strong></span> 
     </span>
     <span class='ocr_line' id='line_1_20' title="bbox 683 2944 3361 3045; baseline -0.001 -22"><span class='ocrx_word' id='word_1_176' title='bbox 683 2970 936 3023; x_wconf 89' lang='lat' dir='ltr'><strong>eorum</strong></span> <span class='ocrx_word' id='word_1_177' title='bbox 985 2946 1226 3022; x_wconf 86' lang='lat' dir='ltr'><strong>debito</strong></span> <span class='ocrx_word' id='word_1_178' title='bbox 1276 2946 1444 3021; x_wconf 85' lang='lat' dir='ltr'><strong>loeo</strong></span> <span class='ocrx_word' id='word_1_179' title='bbox 1501 2947 1913 3045; x_wconf 87' lang='lat' dir='ltr'><strong>equitarent</strong></span> <span class='ocrx_word' id='word_1_180' title='bbox 1956 2970 1973 3019; x_wconf 75' lang='grc' dir='ltr'>ε</span> <span class='ocrx_word' id='word_1_181' title='bbox 2020 2946 2213 3043; x_wconf 91' lang='lat' dir='ltr'><strong>quod</strong></span> <span class='ocrx_word' id='word_1_182' title='bbox 2258 2952 2337 3021; x_wconf 91' lang='lat' dir='ltr'><strong>ut</strong></span> <span class='ocrx_word' id='word_1_183' title='bbox 2390 2968 2523 3019; x_wconf 91' lang='lat' dir='ltr'><strong>suo</strong></span> <span class='ocrx_word' id='word_1_184' title='bbox 2570 2944 2867 3019; x_wconf 88' lang='lat' dir='ltr'><strong>nomine</strong></span> <span class='ocrx_word' id='word_1_185' title='bbox 2909 2944 3228 3021; x_wconf 84' lang='lat' dir='ltr'><strong>facerem</strong></span> <span class='ocrx_word' id='word_1_186' title='bbox 3278 2955 3361 3021; x_wconf 92' lang='lat' dir='ltr'><strong>et</strong></span> 
     </span>
     <span class='ocr_line' id='line_1_21' title="bbox 682 3070 3361 3169; baseline -0 -23"><span class='ocrx_word' id='word_1_187' title='bbox 682 3073 962 3147; x_wconf 87' lang='lat' dir='ltr'><strong>eisdem</strong></span> <span class='ocrx_word' id='word_1_188' title='bbox 991 3072 1389 3169; x_wconf 88' lang='lat' dir='ltr'><strong>capitaneis</strong></span> <span class='ocrx_word' id='word_1_189' title='bbox 1416 3072 1664 3146; x_wconf 87' lang='lat' dir='ltr'><strong>locum</strong></span> <span class='ocrx_word' id='word_1_190' title='bbox 1695 3072 1819 3146; x_wconf 89' lang='lat' dir='ltr'><strong>ubi</strong></span> <span class='ocrx_word' id='word_1_191' title='bbox 1850 3070 2030 3146; x_wconf 90' lang='lat' dir='ltr'><strong>mihi</strong></span> <span class='ocrx_word' id='word_1_192' title='bbox 2059 3070 2425 3147; x_wconf 90' lang='lat' dir='ltr'><strong>videretur</strong></span> <span class='ocrx_word' id='word_1_193' title='bbox 2454 3071 2903 3168; x_wconf 86' lang='lat' dir='ltr'><strong>assignarem</strong></span> <span class='ocrx_word' id='word_1_194' title='bbox 2932 3071 3109 3145; x_wconf 91' lang='lat' dir='ltr'><strong>mihi</strong></span> <span class='ocrx_word' id='word_1_195' title='bbox 3146 3094 3361 3145; x_wconf 89' lang='lat' dir='ltr'><strong>com-</strong></span> 
     </span>
     <span class='ocr_line' id='line_1_22' title="bbox 683 3196 3355 3296; baseline 0 -26"><span class='ocrx_word' id='word_1_196' title='bbox 683 3198 906 3271; x_wconf 89' lang='lat' dir='ltr'><strong>misit.</strong></span> <span class='ocrx_word' id='word_1_197' title='bbox 939 3198 1314 3292; x_wconf 86' lang='lat' dir='ltr'><strong>Assignavi</strong></span> <span class='ocrx_word' id='word_1_198' title='bbox 1360 3198 1579 3294; x_wconf 90' lang='lat' dir='ltr'><strong>igitur</strong></span> <span class='ocrx_word' id='word_1_199' title='bbox 1605 3197 2005 3295; x_wconf 88' lang='lat' dir='ltr'><strong>capitaneis</strong></span> <span class='ocrx_word' id='word_1_200' title='bbox 2035 3196 2210 3295; x_wconf 89' lang='lat' dir='ltr'><strong>ipsis</strong></span> <span class='ocrx_word' id='word_1_201' title='bbox 2248 3197 2493 3272; x_wconf 89' lang='lat' dir='ltr'><strong>locum</strong></span> <span class='ocrx_word' id='word_1_202' title='bbox 2536 3203 2700 3295; x_wconf 88' lang='lat' dir='ltr'><strong>post</strong></span> <span class='ocrx_word' id='word_1_203' title='bbox 2744 3203 2999 3294; x_wconf 84' lang='lat' dir='ltr'><strong>gentes</strong></span> <span class='ocrx_word' id='word_1_204' title='bbox 3035 3197 3355 3296; x_wconf 74' lang='lat' dir='ltr'><strong>pedite8‚</strong></span> 
     </span>
     <span class='ocr_line' id='line_1_23' title="bbox 681 3322 3357 3422; baseline 0.001 -27"><span class='ocrx_word' id='word_1_205' title='bbox 681 3329 850 3397; x_wconf 88' lang='lat' dir='ltr'><strong>ante</strong></span> <span class='ocrx_word' id='word_1_206' title='bbox 895 3345 1186 3396; x_wconf 90' lang='lat' dir='ltr'><strong>crucem</strong></span> <span class='ocrx_word' id='word_1_207' title='bbox 1226 3322 1674 3413; x_wconf 84' lang='lat' dir='ltr'><strong>incedentes,</strong></span> <span class='ocrx_word' id='word_1_208' title='bbox 1716 3322 1790 3397; x_wconf 87' lang='lat' dir='ltr'><strong>in</strong></span> <span class='ocrx_word' id='word_1_209' title='bbox 1822 3346 1963 3419; x_wconf 93' lang='lat' dir='ltr'><strong>quo</strong></span> <span class='ocrx_word' id='word_1_210' title='bbox 2004 3344 2139 3422; x_wconf 90' lang='lat' dir='ltr'><strong>per</strong></span> <span class='ocrx_word' id='word_1_211' title='bbox 2165 3328 2397 3397; x_wconf 89' lang='lat' dir='ltr'><strong>totum</strong></span> <span class='ocrx_word' id='word_1_212' title='bbox 2436 3323 2895 3421; x_wconf 86' lang='lat' dir='ltr'><strong>equitarunt3</strong></span> <span class='ocrx_word' id='word_1_213' title='bbox 2930 3322 3357 3421; x_wconf 84' lang='lat' dir='ltr'><strong>capitaneos</strong></span> 
     </span>
     <span class='ocr_line' id='line_1_24' title="bbox 681 3448 3357 3547; baseline 0.001 -26"><span class='ocrx_word' id='word_1_214' title='bbox 681 3448 880 3545; x_wconf 90' lang='lat' dir='ltr'><strong>ipsos</strong></span> <span class='ocrx_word' id='word_1_215' title='bbox 928 3448 1424 3542; x_wconf 86' lang='lat' dir='ltr'><strong>sequebantur</strong></span> <span class='ocrx_word' id='word_1_216' title='bbox 1468 3454 1778 3544; x_wconf 91' lang='lat' dir='ltr'><strong>quatuor</strong></span> <span class='ocrx_word' id='word_1_217' title='bbox 1823 3448 2133 3546; x_wconf 90' lang='lat' dir='ltr'><strong>pedites,</strong></span> <span class='ocrx_word' id='word_1_218' title='bbox 2179 3448 2431 3523; x_wconf 90' lang='lat' dir='ltr'><strong>sedem</strong></span> <span class='ocrx_word' id='word_1_219' title='bbox 2480 3451 2672 3546; x_wconf 88' lang='lat' dir='ltr'><strong>Pape</strong></span> <span class='ocrx_word' id='word_1_220' title='bbox 2728 3456 3143 3547; x_wconf 88' lang='lat' dir='ltr'><strong>portantes;</strong></span> <span class='ocrx_word' id='word_1_221' title='bbox 3194 3457 3357 3524; x_wconf 89' lang='lat' dir='ltr'><strong>tum</strong></span> 
     </span>
     <span class='ocr_line' id='line_1_25' title="bbox 681 3572 3359 3669; baseline 0.001 -22"><span class='ocrx_word' id='word_1_222' title='bbox 681 3572 1006 3669; x_wconf 82' lang='lat' dir='ltr'><strong>magistri</strong></span> <span class='ocrx_word' id='word_1_223' title='bbox 1055 3572 1355 3663; x_wconf 86' lang='lat' dir='ltr'><strong>ostiarii,</strong></span> <span class='ocrx_word' id='word_1_224' title='bbox 1405 3572 1648 3647; x_wconf 90' lang='lat' dir='ltr'><strong>clerici</strong></span> <span class='ocrx_word' id='word_1_225' title='bbox 1687 3573 2293 3666; x_wconf 88' lang='lat' dir='ltr'><strong>ceremoniarum,</strong></span> <span class='ocrx_word' id='word_1_226' title='bbox 2344 3573 2767 3649; x_wconf 88' lang='lat' dir='ltr'><strong>subdiaconi</strong></span> <span class='ocrx_word' id='word_1_227' title='bbox 2812 3598 2979 3649; x_wconf 87' lang='lat' dir='ltr'><strong>cum</strong></span> <span class='ocrx_word' id='word_1_228' title='bbox 3014 3598 3235 3653; x_wconf 87' lang='lat' dir='ltr'><strong>cruce</strong></span> <span class='ocrx_word' id='word_1_229' title='bbox 3278 3585 3359 3651; x_wconf 91' lang='lat' dir='ltr'><strong>et</strong></span> 
     </span>
     <span class='ocr_line' id='line_1_26' title="bbox 683 3696 3409 3799; baseline 0.003 -30"><span class='ocrx_word' id='word_1_230' title='bbox 683 3696 936 3772; x_wconf 88' lang='lat' dir='ltr'><strong>ordine</strong></span> <span class='ocrx_word' id='word_1_231' title='bbox 993 3706 1366 3772; x_wconf 89' lang='lat' dir='ltr'><strong>consueto.</strong></span> <span class='ocrx_word' id='word_1_232' title='bbox 1433 3702 1519 3771; x_wconf 90' lang='lat' dir='ltr'><strong>D.</strong></span> <span class='ocrx_word' id='word_1_233' title='bbox 1580 3697 2067 3799; x_wconf 81' lang='lat' dir='ltr'><strong>Hieronymus</strong></span> <span class='ocrx_word' id='word_1_234' title='bbox 2114 3699 2205 3774; x_wconf 91' lang='lat' dir='ltr'><strong>de</strong></span> <span class='ocrx_word' id='word_1_235' title='bbox 2254 3701 2611 3774; x_wconf 86' lang='lat' dir='ltr'><strong>Porcariis</strong></span> <span class='ocrx_word' id='word_1_236' title='bbox 2668 3701 2955 3778; x_wconf 88' lang='lat' dir='ltr'><strong>auditor</strong></span> <span class='ocrx_word' id='word_1_237' title='bbox 3008 3709 3195 3793; x_wconf 87' lang='lat' dir='ltr'><strong>rote,</strong></span> <span class='ocrx_word' id='word_1_238' title='bbox 3258 3701 3357 3777; x_wconf 90' lang='lat' dir='ltr'><strong>de</strong></span> <span class='ocrx_word' id='word_1_239' title='bbox 3391 3772 3409 3791; x_wconf 80' lang='grc'><strong><em>,</em></strong></span> 
     </span>
     <span class='ocr_line' id='line_1_27' title="bbox 679 3822 3355 3922; baseline 0.003 -27"><span class='ocrx_word' id='word_1_240' title='bbox 679 3822 900 3897; x_wconf 89' lang='lat' dir='ltr'><strong>mitra</strong></span> <span class='ocrx_word' id='word_1_241' title='bbox 932 3846 1118 3922; x_wconf 89' lang='lat' dir='ltr'><strong>pape</strong></span> <span class='ocrx_word' id='word_1_242' title='bbox 1153 3824 1497 3916; x_wconf 90' lang='lat' dir='ltr'><strong>serviens,</strong></span> <span class='ocrx_word' id='word_1_243' title='bbox 1543 3824 1887 3921; x_wconf 88' lang='lat' dir='ltr'><strong>equitavit</strong></span> <span class='ocrx_word' id='word_1_244' title='bbox 1924 3826 2115 3900; x_wconf 89' lang='lat' dir='ltr'><strong>inter</strong></span> <span class='ocrx_word' id='word_1_245' title='bbox 2152 3826 2335 3901; x_wconf 91' lang='lat' dir='ltr'><strong>duos</strong></span> <span class='ocrx_word' id='word_1_246' title='bbox 2367 3832 2689 3901; x_wconf 89' lang='lat' dir='ltr'><strong>secretos</strong></span> <span class='ocrx_word' id='word_1_247' title='bbox 2729 3826 3243 3917; x_wconf 85' lang='lat' dir='ltr'><strong>cubicularios,</strong></span> <span class='ocrx_word' id='word_1_248' title='bbox 3274 3835 3355 3902; x_wconf 90' lang='lat' dir='ltr'><strong>et</strong></span> 
     </span>
     <span class='ocr_line' id='line_1_28' title="bbox 679 3947 2205 4025; baseline 0.003 -4"><span class='ocrx_word' id='word_1_249' title='bbox 679 3947 821 4022; x_wconf 90' lang='lat' dir='ltr'><strong>alia</strong></span> <span class='ocrx_word' id='word_1_250' title='bbox 847 3970 1054 4024; x_wconf 89' lang='lat' dir='ltr'><strong>more</strong></span> <span class='ocrx_word' id='word_1_251' title='bbox 1085 3949 1298 4025; x_wconf 89' lang='lat' dir='ltr'><strong>solito</strong></span> <span class='ocrx_word' id='word_1_252' title='bbox 1329 3950 1710 4025; x_wconf 88' lang='lat' dir='ltr'><strong>observata</strong></span> <span class='ocrx_word' id='word_1_253' title='bbox 1739 3958 1907 4025; x_wconf 89' lang='lat' dir='ltr'><strong>sunt</strong></span> <span class='ocrx_word' id='word_1_254' title='bbox 1934 3952 2205 4025; x_wconf 90' lang='lat' dir='ltr'><strong>omnia.</strong></span> 
     </span>
    </p>

    <p class='ocr_par' dir='ltr' id='par_1_5' title="bbox 677 4074 3353 4650">
     <span class='ocr_line' id='line_1_29' title="bbox 781 4074 3349 4172; baseline 0.003 -25"><span class='ocrx_word' id='word_1_255' title='bbox 781 4074 990 4148; x_wconf 89' lang='lat' dir='ltr'><strong>Feria</strong></span> <span class='ocrx_word' id='word_1_256' title='bbox 1035 4080 1317 4172; x_wconf 88' lang='lat' dir='ltr'><strong>quarta,</strong></span> <span class='ocrx_word' id='word_1_257' title='bbox 1381 4078 1468 4149; x_wconf 82' lang='lat'><strong>27</strong></span> <span class='ocrx_word' id='word_1_258' title='bbox 1521 4075 1694 4151; x_wconf 89' lang='lat' dir='ltr'><strong>dicti</strong></span> <span class='ocrx_word' id='word_1_259' title='bbox 1741 4076 2015 4151; x_wconf 87' lang='lat' dir='ltr'><strong>mensis</strong></span> <span class='ocrx_word' id='word_1_260' title='bbox 2074 4076 2338 4168; x_wconf 88' lang='lat' dir='ltr'><strong>martii,</strong></span> <span class='ocrx_word' id='word_1_261' title='bbox 2400 4080 2487 4151; x_wconf 87' lang='lat' dir='ltr'><strong>R.</strong></span> <span class='ocrx_word' id='word_1_262' title='bbox 2552 4081 2633 4152; x_wconf 89' lang='lat' dir='ltr'><strong>P.</strong></span> <span class='ocrx_word' id='word_1_263' title='bbox 2688 4082 2775 4153; x_wconf 91' lang='lat' dir='ltr'><strong>D.</strong></span> <span class='ocrx_word' id='word_1_264' title='bbox 2836 4079 3196 4154; x_wconf 89' lang='lat' dir='ltr'><strong>Antonius</strong></span> <span class='ocrx_word' id='word_1_265' title='bbox 3256 4079 3349 4155; x_wconf 88' lang='lat' dir='ltr'><strong>de</strong></span> 
     </span>
     <span class='ocr_line' id='line_1_30' title="bbox 679 4200 3347 4301; baseline 0.003 -31"><span class='ocrx_word' id='word_1_266' title='bbox 679 4203 926 4274; x_wconf 85' lang='lat' dir='ltr'><strong>Monte</strong></span> <span class='ocrx_word' id='word_1_267' title='bbox 953 4207 1289 4299; x_wconf 88' lang='lat' dir='ltr'><strong>receptus</strong></span> <span class='ocrx_word' id='word_1_268' title='bbox 1321 4201 1454 4275; x_wconf 85' lang='lat' dir='ltr'><strong>fuit</strong></span> <span class='ocrx_word' id='word_1_269' title='bbox 1482 4201 1556 4274; x_wconf 90' lang='lat' dir='ltr'><strong>in</strong></span> <span class='ocrx_word' id='word_1_270' title='bbox 1591 4200 1999 4276; x_wconf 90' lang='lat' dir='ltr'><strong>auditorem</strong></span> <span class='ocrx_word' id='word_1_271' title='bbox 2034 4208 2191 4276; x_wconf 91' lang='lat' dir='ltr'><strong>rote</strong></span> <span class='ocrx_word' id='word_1_272' title='bbox 2228 4202 2303 4274; x_wconf 90' lang='lat' dir='ltr'><strong>in</strong></span> <span class='ocrx_word' id='word_1_273' title='bbox 2343 4202 2588 4277; x_wconf 86' lang='lat' dir='ltr'><strong>locum</strong></span> <span class='ocrx_word' id='word_1_274' title='bbox 2628 4204 2993 4301; x_wconf 89' lang='lat' dir='ltr'><strong>quondam</strong></span> <span class='ocrx_word' id='word_1_275' title='bbox 3025 4209 3113 4278; x_wconf 93' lang='lat' dir='ltr'><strong>D.</strong></span> <span class='ocrx_word' id='word_1_276' title='bbox 3152 4207 3347 4279; x_wconf 89' lang='lat' dir='ltr'><strong>Petri</strong></span> 
     </span>
     <span class='ocr_line' id='line_1_31' title="bbox 679 4323 3353 4428; baseline 0.003 -33"><span class='ocrx_word' id='word_1_277' title='bbox 679 4323 770 4397; x_wconf 90' lang='lat' dir='ltr'><strong>de</strong></span> <span class='ocrx_word' id='word_1_278' title='bbox 801 4325 1129 4399; x_wconf 85' lang='lat' dir='ltr'><strong>Ferraria</strong></span> <span class='ocrx_word' id='word_1_279' title='bbox 1162 4346 1297 4422; x_wconf 91' lang='lat' dir='ltr'><strong>per</strong></span> <span class='ocrx_word' id='word_1_280' title='bbox 1325 4329 1470 4399; x_wconf 86' lang='lat' dir='ltr'><strong>RR.</strong></span> <span class='ocrx_word' id='word_1_281' title='bbox 1507 4329 1646 4400; x_wconf 88' lang='grc' dir='ltr'><strong>ΡΡ.</strong></span> <span class='ocrx_word' id='word_1_282' title='bbox 1685 4329 1837 4399; x_wconf 94' lang='lat' dir='ltr'><strong>DD.</strong></span> <span class='ocrx_word' id='word_1_283' title='bbox 1882 4327 2339 4401; x_wconf 86' lang='lat' dir='ltr'><strong>coauditores</strong></span> <span class='ocrx_word' id='word_1_284' title='bbox 2370 4352 2569 4421; x_wconf 90' lang='lat' dir='ltr'><strong>suos,</strong></span> <span class='ocrx_word' id='word_1_285' title='bbox 2616 4338 2689 4404; x_wconf 89' lang='lat' dir='ltr'><strong>et</strong></span> <span class='ocrx_word' id='word_1_286' title='bbox 2718 4354 2851 4428; x_wconf 91' lang='lat' dir='ltr'><strong>pro</strong></span> <span class='ocrx_word' id='word_1_287' title='bbox 2883 4354 2971 4405; x_wconf 85' lang='lat' dir='ltr'><strong>ea</strong></span> <span class='ocrx_word' id='word_1_288' title='bbox 3010 4330 3129 4405; x_wconf 90' lang='lat' dir='ltr'><strong>die</strong></span> <span class='ocrx_word' id='word_1_289' title='bbox 3162 4331 3353 4407; x_wconf 90' lang='lat' dir='ltr'><strong>sedit</strong></span> 
     </span>
     <span class='ocr_line' id='line_1_32' title="bbox 678 4447 3347 4552; baseline 0.004 -30"><span class='ocrx_word' id='word_1_290' title='bbox 678 4448 752 4522; x_wconf 89' lang='lat' dir='ltr'><strong>in</strong></span> <span class='ocrx_word' id='word_1_291' title='bbox 783 4470 1018 4546; x_wconf 86' lang='lat' dir='ltr'><strong>eappa</strong></span> <span class='ocrx_word' id='word_1_292' title='bbox 1045 4470 1174 4522; x_wconf 90' lang='lat' dir='ltr'><strong>sua</strong></span> <span class='ocrx_word' id='word_1_293' title='bbox 1205 4447 1299 4522; x_wconf 89' lang='lat' dir='ltr'><strong>ad</strong></span> <span class='ocrx_word' id='word_1_294' title='bbox 1328 4448 1689 4522; x_wconf 87' lang='lat' dir='ltr'><strong>sinistram</strong></span> <span class='ocrx_word' id='word_1_295' title='bbox 1733 4454 1817 4523; x_wconf 83' lang='lat' dir='ltr'><strong>R.</strong></span> <span class='ocrx_word' id='word_1_296' title='bbox 1865 4453 1943 4525; x_wconf 89' lang='lat' dir='ltr'><strong>P.</strong></span> <span class='ocrx_word' id='word_1_297' title='bbox 1989 4453 2075 4525; x_wconf 90' lang='lat' dir='ltr'><strong>D.</strong></span> <span class='ocrx_word' id='word_1_298' title='bbox 2124 4452 2543 4552; x_wconf 77' lang='lat' dir='ltr'><strong>Hieronymi</strong></span> <span class='ocrx_word' id='word_1_299' title='bbox 2590 4454 2679 4528; x_wconf 91' lang='lat' dir='ltr'><strong>de</strong></span> <span class='ocrx_word' id='word_1_300' title='bbox 2728 4456 3109 4547; x_wconf 87' lang='lat' dir='ltr'><strong>Porcariis,</strong></span> <span class='ocrx_word' id='word_1_301' title='bbox 3147 4456 3347 4532; x_wconf 85' lang='lat' dir='ltr'><strong>vice-</strong></span> 
     </span>
     <span class='ocr_line' id='line_1_33' title="bbox 677 4574 1145 4650; baseline 0.002 -1"><span class='ocrx_word' id='word_1_302' title='bbox 677 4574 932 4650; x_wconf 88' lang='lat' dir='ltr'><strong>decani</strong></span> <span class='ocrx_word' id='word_1_303' title='bbox 962 4583 1145 4650; x_wconf 88' lang='lat' dir='ltr'><strong>rote.</strong></span> 
     </span>
    </p>

    <p class='ocr_par' dir='ltr' id='par_1_6' title="bbox 672 4702 3359 5298">
     <span class='ocr_line' id='line_1_34' title="bbox 773 4702 3349 4800; baseline 0.004 -27"><span class='ocrx_word' id='word_1_304' title='bbox 773 4702 1051 4778; x_wconf 91' lang='lat' dir='ltr'><strong>Deinde</strong></span> <span class='ocrx_word' id='word_1_305' title='bbox 1097 4702 1216 4777; x_wconf 90' lang='lat' dir='ltr'><strong>die</strong></span> <span class='ocrx_word' id='word_1_306' title='bbox 1261 4702 1572 4794; x_wconf 87' lang='lat' dir='ltr'><strong>veneris,</strong></span> <span class='ocrx_word' id='word_1_307' title='bbox 1627 4706 1720 4777; x_wconf 80' lang='lat'><strong>29</strong></span> <span class='ocrx_word' id='word_1_308' title='bbox 1766 4703 2097 4800; x_wconf 87' lang='lat' dir='ltr'><strong>ejusdem</strong></span> <span class='ocrx_word' id='word_1_309' title='bbox 2134 4705 2439 4794; x_wconf 78' lang='lat' dir='ltr'><strong>mensiS,</strong></span> <span class='ocrx_word' id='word_1_310' title='bbox 2496 4705 2679 4781; x_wconf 88' lang='lat' dir='ltr'><strong>sedit</strong></span> <span class='ocrx_word' id='word_1_311' title='bbox 2726 4706 2801 4780; x_wconf 86' lang='lat' dir='ltr'><strong>iu</strong></span> <span class='ocrx_word' id='word_1_312' title='bbox 2844 4707 3009 4783; x_wconf 89' lang='lat' dir='ltr'><strong>loco</strong></span> <span class='ocrx_word' id='word_1_313' title='bbox 3056 4731 3225 4799; x_wconf 83' lang='lat' dir='ltr'><strong>sue,</strong></span> <span class='ocrx_word' id='word_1_314' title='bbox 3274 4718 3349 4785; x_wconf 89' lang='lat' dir='ltr'><strong>et</strong></span> 
     </span>
     <span class='ocr_line' id='line_1_35' title="bbox 675 4826 3351 4930; baseline 0.002 -32"><span class='ocrx_word' id='word_1_315' title='bbox 675 4826 1064 4920; x_wconf 89' lang='lat' dir='ltr'><strong>resumpsit</strong></span> <span class='ocrx_word' id='word_1_316' title='bbox 1118 4851 1372 4902; x_wconf 89' lang='lat' dir='ltr'><strong>omnes</strong></span> <span class='ocrx_word' id='word_1_317' title='bbox 1425 4851 1710 4919; x_wconf 87' lang='lat' dir='ltr'><strong>causas,</strong></span> <span class='ocrx_word' id='word_1_318' title='bbox 1771 4851 2019 4903; x_wconf 88' lang='lat' dir='ltr'><strong>coram</strong></span> <span class='ocrx_word' id='word_1_319' title='bbox 2074 4829 2403 4928; x_wconf 87' lang='lat' dir='ltr'><strong>predicto</strong></span> <span class='ocrx_word' id='word_1_320' title='bbox 2464 4831 2831 4930; x_wconf 88' lang='lat' dir='ltr'><strong>quondam</strong></span> <span class='ocrx_word' id='word_1_321' title='bbox 2890 4834 3105 4905; x_wconf 89' lang='lat' dir='ltr'><strong>Petro</strong></span> <span class='ocrx_word' id='word_1_322' title='bbox 3168 4830 3351 4905; x_wconf 88' lang='lat' dir='ltr'><strong>dum</strong></span> 
     </span>
     <span class='ocr_line' id='line_1_36' title="bbox 675 4950 3355 5055; baseline 0.001 -29"><span class='ocrx_word' id='word_1_323' title='bbox 675 4952 968 5040; x_wconf 89' lang='lat' dir='ltr'><strong>viveret,</strong></span> <span class='ocrx_word' id='word_1_324' title='bbox 1021 4950 1448 5047; x_wconf 86' lang='lat' dir='ltr'><strong>pendentes,</strong></span> <span class='ocrx_word' id='word_1_325' title='bbox 1491 4977 1623 5051; x_wconf 90' lang='lat' dir='ltr'><strong>per</strong></span> <span class='ocrx_word' id='word_1_326' title='bbox 1662 4950 2170 5029; x_wconf 81' lang='lat' dir='ltr'><strong>remissionem</strong></span> <span class='ocrx_word' id='word_1_327' title='bbox 2210 4955 2502 5029; x_wconf 89' lang='lat' dir='ltr'><strong>illorum</strong></span> <span class='ocrx_word' id='word_1_328' title='bbox 2556 4958 2819 5054; x_wconf 87' lang='lat' dir='ltr'><strong>quibus</strong></span> <span class='ocrx_word' id='word_1_329' title='bbox 2858 4980 2991 5055; x_wconf 87' lang='lat' dir='ltr'><strong>per</strong></span> <span class='ocrx_word' id='word_1_330' title='bbox 3034 4956 3355 5031; x_wconf 88' lang='lat' dir='ltr'><strong>infirmi-</strong></span> 
     </span>
     <span class='ocr_line' id='line_1_37' title="bbox 672 5074 3359 5172; baseline 0.001 -21"><span class='ocrx_word' id='word_1_331' title='bbox 672 5082 897 5151; x_wconf 89' lang='lat' dir='ltr'><strong>tatem</strong></span> <span class='ocrx_word' id='word_1_332' title='bbox 943 5097 1070 5150; x_wconf 88' lang='lat' dir='ltr'><strong>seu</strong></span> <span class='ocrx_word' id='word_1_333' title='bbox 1110 5074 1388 5149; x_wconf 90' lang='lat' dir='ltr'><strong>obitum</strong></span> <span class='ocrx_word' id='word_1_334' title='bbox 1430 5077 1761 5172; x_wconf 78' lang='lat' dir='ltr'><strong>ejusdem</strong></span> <span class='ocrx_word' id='word_1_335' title='bbox 1804 5078 1995 5155; x_wconf 88' lang='lat' dir='ltr'><strong>Petri</strong></span> <span class='ocrx_word' id='word_1_336' title='bbox 2034 5078 2211 5153; x_wconf 89' lang='lat' dir='ltr'><strong>alias</strong></span> <span class='ocrx_word' id='word_1_337' title='bbox 2252 5083 2645 5157; x_wconf 88' lang='lat' dir='ltr'><strong>commisse</strong></span> <span class='ocrx_word' id='word_1_338' title='bbox 2688 5082 2982 5158; x_wconf 78' lang='lat' dir='ltr'><strong>fuerunt</strong></span> <span class='ocrx_word' id='word_1_339' title='bbox 3030 5082 3125 5157; x_wconf 88' lang='lat' dir='ltr'><strong>ad</strong></span> <span class='ocrx_word' id='word_1_340' title='bbox 3168 5105 3359 5155; x_wconf 88' lang='lat' dir='ltr'><strong>can-</strong></span> 
     </span>
     <span class='ocr_line' id='line_1_38' title="bbox 673 5198 2227 5298; baseline 0 -21"><span class='ocrx_word' id='word_1_341' title='bbox 673 5201 1040 5277; x_wconf 87' lang='lat' dir='ltr'><strong>cellariam</strong></span> <span class='ocrx_word' id='word_1_342' title='bbox 1071 5198 1570 5298; x_wconf 86' lang='lat' dir='ltr'><strong>apostolicam,</strong></span> <span class='ocrx_word' id='word_1_343' title='bbox 1606 5203 1740 5275; x_wconf 89' lang='lat' dir='ltr'><strong>sibi</strong></span> <span class='ocrx_word' id='word_1_344' title='bbox 1771 5204 2227 5279; x_wconf 80' lang='lat' dir='ltr'><strong>commissas,</strong></span> 
     </span>
    </p>
   </div>
   <div class='ocr_carea' id='block_1_3' title="bbox 3600 4812 3606 5664">
    <p class='ocr_par' dir='ltr' id='par_1_7' title="bbox 3600 4812 3606 5664">
     <span class='ocr_line' id='line_1_39' title="bbox 3600 4812 3606 5664; baseline 0 0"><span class='ocrx_word' id='word_1_345' title='bbox 3600 4812 3606 5664; x_wconf 95' lang='lat' dir='ltr'><strong> </strong></span> 
     </span>
    </p>
   </div>
  </div>
 </body>
</html>
