3625 6059
277 550 436 609 [Μαι-ε
468 548 608 609 14931
944 550 1201 609 RERUM
1247 550 1705 611 URBANARUM
1751 552 2279 621 COMMENTARII.
2874 568 2947 624 59

376 703 753 781 Dominica
781 702 1212 802 palmarum,
1249 708 1368 795 31,
1404 706 1532 781 SS.
1570 709 1656 781 D.
1693 710 1779 782 N.
1815 715 2109 807 paratus
2134 733 2339 788 more
2364 715 2602 809 solito,
2635 716 2839 791 venit.
2854 718 2945 789 ad

279 830 629 931 capellam
669 830 1056 927 maJorem,
1102 829 1224 905 ubi
1269 830 1640 906 benedixit
1676 832 1955 931 palmas
1992 834 2265 913 ibidem
2302 864 2387 915 ac
2434 864 2675 915 ramos
2720 841 2943 916 oliva-

281 982 443 1035 rum
495 963 796 1055 paratos
851 954 1184 1030 similiter
1241 964 1315 1030 et
1371 956 1647 1053 palmas
1707 981 1886 1055 quas
1948 963 2256 1060 populus
2327 973 2532 1041 extra
2588 966 2941 1063 capellam

279 1084 601 1175 tenebat;
653 1082 927 1179 recepit
967 1081 1229 1157 deinde
1271 1082 1430 1157 sine
1467 1083 1685 1158 mitra
1719 1084 1983 1161 sedens
2014 1110 2057 1163 a
2086 1089 2436 1165 cardinali
2468 1091 2939 1190 Neapolitano

275 1209 680 1287 successive
709 1214 858 1283 tres
887 1207 1190 1306 palmas.
1229 1210 1437 1299 Tum,
1479 1215 1778 1307 recepta
1804 1209 2021 1287 mitra
2060 1220 2131 1289 et
2164 1216 2492 1312 gremiali
2532 1216 2667 1291 sibi
2704 1216 2941 1314 impo-

276 1337 438 1427 sit0,
473 1333 866 1423 distribuit,
899 1354 1104 1407 more
1137 1333 1352 1407 solito
1395 1337 1813 1412 cantoribus
1858 1338 2267 1416 dicentibus
2304 1368 2319 1418 ε
2356 1344 2586 1418 Pueri
2621 1342 2939 1419 Hebreo—

275 1484 430 1536 rum
481 1472 614 1535 etc,
680 1460 968 1534 Palmas
1018 1459 1198 1533 duas
1264 1484 1568 1557 magnas
1619 1485 1805 1560 pape
1874 1473 2264 1542 tenuerunt
2322 1491 2571 1544 comes
2629 1469 2939 1545 Pitiliani

277 1587 698 1685 capitaneus
747 1584 1068 1659 Ecclesie
1118 1608 1161 1659 a
1212 1583 1485 1659 dextris
1535 1594 1609 1661 et
1657 1587 1803 1662 dux
1853 1592 2031 1664 Sore
2086 1614 2129 1664 a
2168 1592 2477 1668 sinistris
2519 1618 2703 1692 pape
2754 1621 2769 1668 :
2820 1596 2939 1692 qui
3062 1584 3065 1587 ’

269 1719 710 1813 receperunt
751 1712 1038 1812 palmas
1091 1734 1287 1803 suas,
1347 1710 1512 1811 post
1569 1713 1957 1812 dispotum,
2005 1726 2173 1795 ante
2213 1722 2531 1818 prelatos
2562 1722 2935 1798 assistens

269 1846 353 1917 D.
417 1838 819 1915 Rodericus
871 1838 1136 1935 Borgia
1193 1836 1615 1934 capitaneus
1662 1839 1933 1938 palatii,
1989 1868 2079 1917 ex
2128 1845 2422 1943 speciali
2484 1847 2939 1922 ordinatione
3038 1883 3044 1888 ·

267 1988 478 2065 pape,
529 1962 814 2061 recepit
859 1962 1136 2061 palmas
1187 1962 1260 2035 in
1309 1961 1456 2037 fine
1501 1970 1668 2060 post
1716 1989 2000 2058 omneS‚
2056 1969 2273 2044 etiam
2322 1979 2486 2069 post
2543 1972 2941 2048 servientes

269 2112 669 2179 armorum,
713 2095 788 2161 et
826 2093 992 2185 post
1029 2111 1200 2161 eum
1247 2087 1490 2184 plures
1537 2088 1657 2163 alii
1707 2093 2227 2189 consanguinei
2263 2118 2449 2193 pape
2497 2103 2571 2171 et
2622 2096 2933 2194 hispani,

269 2240 396 2315 pro
434 2215 704 2313 quibus
736 2216 930 2311 Papa
958 2212 1312 2287 reservari
1344 2212 1518 2286 fecit
1547 2214 1825 2312 palmas
1855 2242 1958 2309 vl,
1993 2243 2124 2317 pro
2155 2222 2517 2319 capitam,
2554 2229 2626 2297 et
2660 2222 2939 2296 duobus

271 2346 500 2442 ipsum
533 2339 1016 2437 sequentibus
1053 2337 1330 2436 palmas
1369 2338 1887 2434 cardinalares,
1941 2344 2101 2419 aliis
2132 2346 2453 2421 minores
2484 2347 2574 2421 ad
2611 2348 2941 2423 volunta-

270 2479 410 2545 tem
453 2492 674 2543 suam
723 2493 743 2543 τ
792 2489 1048 2543 omnes
1091 2466 1349 2564 prelati
1395 2468 1616 2543 etiam
1649 2469 2183 2566 penitentiarii,
2240 2478 2311 2545 et
2362 2479 2691 2547 oratores
2737 2475 2941 2572 prin-

269 2597 502 2695 cipum
539 2594 718 2669 laici
761 2599 833 2668 et
869 2614 1018 2665 non
1060 2592 1318 2691 prelati
1357 2593 1769 2669 habuerunt
1809 2595 2116 2694 palmaS,
2160 2600 2405 2671 tamen
2450 2597 2938 2695 penitentiarii

272 2718 528 2795 ceteris
553 2718 920 2807 minores3
956 2717 1078 2791 alii
1110 2740 1365 2793 omnes
1397 2742 1638 2794 ramos
1669 2721 2046 2796 olivarum.
2086 2726 2345 2801 Parate
2376 2731 2621 2805 autem
2650 2724 2938 2799 fuerunt

268 2845 498 2944 palme
547 2866 866 2917 numero
915 2866 1132 2917 chxt
1179 2844 1290 2917 vel
1333 2844 1553 2935 circa,
1604 2845 1693 2920 de
1741 2846 2003 2944 quibus
2052 2849 2563 2947 superfuerunt
2608 2850 2803 2949 circa
2844 2874 2939 2924 xn

267 2996 440 3070 quas
467 2976 674 3069 Papa
697 2970 869 3045 fecit
898 2969 974 3043 in
1003 2992 1328 3045 cameras
1359 2994 1525 3044 suas
1557 2969 1893 3045 distribui
1926 2994 2059 3070 pro
2092 2975 2642 3048 conservatione
2670 2974 2761 3049 ab
2790 2975 2937 3049 ictu

269 3098 600 3187 tonitrui3
661 3096 948 3171 fuerant
991 3102 1236 3170 autem
1276 3095 1682 3193 palmarum
1731 3096 2148 3193 hujusmodi
2198 3096 2425 3172 multe
2468 3096 2767 3172 floribus
2816 3121 2937 3174 or-

267 3231 451 3315 nate,
485 3221 696 3321 quod
723 3244 864 3319 ego
895 3222 970 3295 in
1006 3219 1514 3296 benedictione
1555 3242 1802 3293 earum
1834 3220 2111 3311 videnS,
2150 3221 2288 3296 feci
2330 3222 2547 3296 ssores
2582 3222 2673 3297 ab
2706 3226 2939 3298 omni-

265 3351 392 3424 bus
421 3347 731 3446 deponi,
763 3346 1075 3444 demptis
1105 3352 1390 3421 tantum
1420 3344 1698 3419 duabus
1729 3345 2015 3443 magnis
2048 3352 2122 3421 et
2149 3370 2369 3445 parva
2395 3370 2529 3445 pro
2558 3348 2931 3446 pontifice,

269 3474 336 3547 in
377 3474 650 3571 quibus
693 3472 974 3547 dimissi
1019 3472 1337 3547 fuerunt.
1388 3476 1639 3546 RmuS.
1689 3475 1776 3545 D.
1828 3470 2643 3547 cardinalis-tanuensis
2686 3474 2939 3550 hahuit

265 3601 442 3675 ultra
479 3623 692 3689 suas,
739 3598 917 3672 duas
957 3599 1263 3696 palmaS‚
1307 3620 1439 3695 pro
1479 3595 1849 3671 cardinale
1891 3620 1951 3669 s,
1998 3596 2191 3671 Petri
2237 3596 2329 3670 ad
2370 3597 2704 3688 Vincula,
2753 3620 2941 3696 papa

265 3728 350 3800 ab
377 3751 464 3803 eo
493 3728 1005 3823 interrogante
1038 3725 1094 3797 si
1129 3746 1253 3799 eas
1283 3722 1607 3821 recipere
1643 3721 1884 3795 vellet.
1922 3721 2321 3795 Cardinalis
2352 3723 2931 3813 BeneventanuS,

263 3859 550 3951 recepta
580 3874 728 3926 sua
752 3852 1019 3950 palma,
1070 3849 1284 3924 rediit
1313 3848 1404 3923 ad
1433 3848 1678 3930 locum
1711 3870 1922 3923 suum
1962 3870 2095 3945 per
2122 3846 2725 3922 inadvertantiam
2762 3870 2935 3921 nos-

267 3982 466 4070 tram,
531 3978 811 4054 deinde
867 3999 1120 4075 parum
1177 3980 1341 4073 post
1398 3974 1490 4048 ad
1541 3972 2051 4087 faldistorium,
2117 3974 2237 4046 ubi
2296 3972 2595 4047 dimissa
2648 3971 2937 4069 planeta

267 4106 534 4202 recepit
565 4124 909 4202 cappam,
945 4100 1290 4192 sandalia,
1328 4105 1400 4175 et
1429 4104 1853 4197 paramenta
1879 4122 2085 4173 more
2118 4098 2357 4172 solito.

355 4234 526 4305 Post
567 4228 1166 4304 distributionem
1209 4227 1969 4326 palmarum‚ssenator
2008 4222 2221 4298 Urbis
2251 4222 2447 4297 dedit
2488 4244 2749 4319 aquam
2780 4244 2937 4295 ma-

263 4357 466 4431 nibus
495 4378 723 4454 pape,
767 4354 1132 4427 cardinale
1173 4353 1646 4449 Neapolitano
1678 4352 1915 4449 ipsum
1956 4350 2367 4448 adjuvante,
2407 4352 2603 4447 Papa
2630 4368 2932 4445 proces-

265 4480 638 4557 sionaliter
681 4479 774 4553 ad
816 4480 1058 4553 locum
1106 4479 1226 4551 ubi
1271 4500 1473 4554 rame
1515 4479 1863 4553 olivarum
1906 4476 2177 4575 populo
2226 4474 2677 4573 projiciende
2730 4479 2935 4547 erant

265 4612 470 4681 eunte
521 4614 602 4680 et
649 4603 914 4680 deinde
949 4606 1342 4692 redeunte3
1380 4607 1464 4677 D.
1514 4604 2055 4701 protonotarius
2101 4601 2189 4675 de
2240 4602 2669 4674 Sermoneta
2712 4596 2933 4671 assis-

264 4738 406 4805 tens
448 4753 649 4828 pape
684 4731 998 4827 portavit
1035 4728 1358 4803 fimbrias
1403 4729 1847 4825 posteriores
1888 4731 2109 4823 Pape,
2156 4747 2275 4797 me
2310 4723 2443 4794 sibi
2474 4720 2721 4813 dante,
2756 4724 2930 4819 quia

266 4854 532 4930 nullum
581 4855 860 4929 laicum
910 4853 1003 4929 ad
1052 4853 1194 4929 hoc
1225 4874 1647 4927 vocaveram
1673 4875 1804 4950 per
1835 4849 2459 4925 inadvertentiam.
2496 4846 2933 4921 Aliaomnia

265 4979 644 5055 observata
673 4986 838 5054 sunt
866 5000 1070 5055 more
1100 4987 1479 5054 consueto.

354 5108 506 5179 Hoc
547 5128 798 5194 mane,
835 5108 1028 5203 Papa
1063 5126 1356 5178 camera
1393 5122 1524 5177 sua
1561 5108 1898 5192 exeunte,
1947 5100 2387 5199 presentavit
2428 5123 2506 5173 se
2550 5097 2929 5173 Sanctitati

272 5250 389 5302 sue
423 5232 512 5304 D.
569 5230 998 5303 Laurentius
1037 5230 1127 5303 de
1177 5228 1416 5319 Bibra,
1463 5226 1857 5301 canonicus
1896 5225 2362 5324 Moguntinus
2398 5228 2480 5295 R.
2528 5227 2615 5295 D.
2650 5219 2935 5295 archie-
