3625 6059
676 581 783 636 576
1586 578 1934 635 JOHANle
1986 580 2072 635 BU
2085 579 2422 651 RCHARDI,
2851 583 3172 644 [Now-ambre
3209 587 3360 644 1499]

618 707 647 718 ⁶
680 758 739 804 s.
795 729 1172 820 PraxediS,
1230 731 1786 820 Alexandrinus,
1834 758 1892 804 s.
1946 733 2246 826 CruciS,
2277 733 2706 821 GurcensiS,
2759 734 3348 831 segobricensiS‚

678 854 1220 954 AgrigentinuS,
1257 859 1661 952 Capuanus‚
1697 857 2101 954 presbyteri
2135 887 2151 946 3
2189 884 2246 931 s.
2285 843 2608 954 Georgii,
2640 859 3022 933 Cesarinus
3065 869 3144 933 et
3181 865 3358 934 Far-

678 981 949 1069 nesiuS,
986 979 1310 1070 diaconi;
1348 980 1440 1054 ad
1488 980 1853 1054 sinistram
1895 981 2227 1057 intrantis
2279 983 2623 1056 sederunt
2660 983 2982 1082 episcopi
3021 993 3098 1060 et
3140 1009 3358 1082 pres-

678 1107 949 1204 hyteri,
1004 1115 1075 1179 et
1128 1105 1217 1179 ad
1278 1105 1601 1181 dextram
1662 1107 1972 1183 diaconi.
2034 1112 2260 1206 Caput
2315 1109 2446 1182 fuit
2505 1134 2730 1208 prope
2797 1113 3021 1186 altare
3083 1113 3360 1187 domus

677 1231 865 1304 Rmi.
901 1236 984 1304 D.
1014 1230 1395 1305 cardinalis
1428 1257 1487 1305 S.
1518 1233 1739 1306 Marie
1773 1234 1846 1306 in
1868 1234 2177 1329 porticu,
2205 1258 2422 1331 quam
2456 1237 2541 1308 D.
2571 1237 2906 1309 Lucretia
2929 1259 3362 1333 puerpuera

676 1357 1058 1447 inhabitat,
1096 1364 1168 1431 et
1208 1366 1359 1431 erat
1400 1358 1856 1433 ornatissima
1893 1385 1908 1434 ε
1956 1361 2166 1435 ambe
2217 1362 2370 1457 ejus
2406 1369 2640 1457 porte,
2683 1385 2814 1458 per
2860 1367 3091 1434 totum
3131 1361 3360 1433 inau-

675 1493 855 1574 rate,
883 1484 1085 1557 curia
1117 1490 1289 1573 tota,
1317 1483 1614 1559 inferior
1640 1485 1834 1560 scala
1860 1491 1930 1558 et
1959 1487 2193 1583 prima
2218 1486 2380 1560 aula
2404 1487 2662 1583 pannis
2695 1493 2768 1559 et
2793 1485 3021 1560 auleis
3045 1493 3312 1581 parata
3337 1510 3353 1572 ς

673 1610 907 1707 prima
950 1631 1243 1683 camera
1286 1608 1499 1682 veluti
1544 1609 1861 1704 celestis,
1899 1618 1970 1686 et
2010 1613 2242 1685 lectus
2289 1611 2765 1701 cremesinuS,
2802 1610 3164 1707 tapetibus
3213 1635 3362 1708 per

675 1746 941 1811 terram
984 1738 1223 1812 stratis
1270 1737 1589 1836 undique
1623 1744 1695 1813 et
1738 1736 2052 1811 scamnis
2093 1737 2183 1811 ad
2215 1737 2465 1811 sedem
2511 1737 2584 1809 in
2623 1761 2767 1834 qua
2804 1736 3058 1832 prelati
3091 1736 3356 1832 palatii

674 1871 745 1938 et
802 1871 1126 1938 oratores
1194 1887 1271 1938 se
1338 1870 1980 1961 congregaverunt.
2035 1867 2412 1938 Venerunt
2463 1862 2755 1936 interim
2817 1861 2910 1934 ad
2964 1861 3354 1934 visendam

671 2013 1150 2087 puerpueram
1182 2013 1482 2064 romane
1512 1990 1855 2063 mulieres
1895 2013 2199 2062 numero
2229 2013 2320 2062 Lx
2356 1988 2467 2061 vel
2496 1989 2714 2062 circa.
2753 1985 3248 2060 lutet-suerunt
3277 1988 3352 2059 in

672 2115 836 2189 aula
881 2114 1206 2212 predicta
1245 2121 1318 2188 et
1364 2115 1722 2211 baptismo
1760 2114 2179 2212 hujusmodi
2225 2118 2310 2186 D.
2351 2112 2811 2202 philibertus,
2857 2119 3100 2186 orator
3143 2113 3356 2208 regis

670 2245 1189 2330 Romanorum,
1223 2245 1307 2313 D.
1347 2240 1683 2314 Silvester
1722 2247 1966 2314 orator
2005 2240 2197 2335 regis
2235 2239 2520 2336 Anglie,
2550 2244 2873 2312 oratores
2914 2237 3103 2334 regis
3149 2241 3354 2310 Nea-

673 2364 1003 2462 politani,
1062 2365 1567 2453 venetiarum,
1630 2364 2021 2455 Sabaudie,
2090 2365 2673 2442 Florentinorum
2726 2371 2799 2437 et
2855 2364 3348 2446 Senensium;

672 2490 1008 2564 omnibus
1041 2465 1966 2587 congregatimcardinales
1997 2491 2279 2565 iverunt
2312 2489 2400 2563 de
2441 2489 2720 2586 capella
2752 2489 2826 2562 iu
2866 2513 3010 2585 qua
3048 2513 3126 2561 se
3159 2513 3354 2562 con-

672 2620 1142 2710 gregaverant
1174 2614 1266 2687 ad
1300 2614 1650 2712 capellam
1684 2616 1862 2690 Sixti
1891 2614 2318 2712 predictam,
2353 2615 2560 2713 cujus
2600 2614 2886 2688 tribuna
2918 2621 3174 2688 ornata
3201 2615 3354 2687 fuit

666 2737 897 2834 palliis
927 2738 1243 2812 broccati
1275 2739 1501 2830 aurei,
1534 2745 1603 2814 et
1632 2739 1872 2836 imago
1903 2747 1975 2815 et
2007 2740 2376 2837 sepultura
2407 2739 2585 2812 Sixti
2618 2738 2834 2835 pallio
2875 2763 3005 2812 suo
3035 2741 3350 2838 proprio

670 2861 884 2936 simili
912 2869 1253 2961 cooperta
1298 2871 1368 2938 et
1400 2870 1678 2962 tapetes
1708 2867 1951 2962 magni
1982 2890 2115 2963 per
2153 2873 2410 2939 totum.
2450 2865 2962 2962 Neapolitanus
3007 2865 3354 2939 ascendit

672 2996 863 3063 retro
895 2990 1121 3064 altare
1164 2989 1297 3062 sub
1345 2991 1651 3082 tribuna,
1689 2992 1809 3064 ubi
1851 2992 2128 3087 accepit
2166 2997 2591 3089 paramenta
2631 2990 3098 3086 pontificalia,
3134 2991 3348 3065 vide-

668 3114 839 3188 licet
871 3115 1216 3189 amictum
1259 3113 1531 3206 album,
1567 3115 1870 3212 pluviale
1913 3117 2180 3208 album,
2212 3115 2580 3213 pectorale
2625 3124 2698 3189 et
2736 3116 3026 3189 mitram
3057 3117 3348 3211 pretio-

667 3264 817 3313 sam
846 3268 861 3329 3
894 3241 1007 3315 alii
1039 3240 1441 3315 cardinales
1473 3241 1820 3315 sederunt
1858 3241 2030 3314 hinc
2080 3242 2244 3315 inde
2295 3266 2512 3339 super
2551 3241 2865 3315 scabella
2903 3240 3348 3315 inferiorum

664 3364 945 3438 sedium
976 3367 1167 3442 dicte
1193 3367 1497 3464 capelle,
1535 3367 1607 3439 in
1638 3392 1780 3464 qua
1815 3374 1920 3442 est
1955 3367 2218 3440 chorus
2255 3366 2429 3440 cleri
2460 3365 2647 3440 dicte
2686 3366 3011 3456 basilice,
3051 3366 3348 3440 scilicet

662 3491 1012 3589 episcopi,
1063 3498 1133 3564 et
1174 3491 1575 3590 presbyteri
1617 3493 1708 3566 ad
1754 3493 2118 3566 sinistram
2169 3492 2529 3581 intrantiS,
2575 3498 2646 3566 et
2686 3489 2970 3564 diaconi
3015 3491 3108 3564 ad
3153 3491 3348 3565 dex-

666 3621 920 3705 teram,
981 3615 1166 3690 sicut
1212 3617 1284 3690 in
1336 3617 1475 3690 alia
1528 3616 1804 3714 capella
1860 3616 2146 3689 fuerant
2203 3615 2398 3689 circa
2453 3615 2872 3712 vigesimam
2935 3615 3344 3689 secundam

658 3739 938 3813 horam.
990 3742 1231 3816 Infans
1278 3741 1747 3839 baptizandus
1780 3748 2126 3839 portatus
2181 3748 2292 3814 est
2323 3741 2410 3814 de
2453 3722 2646 3815 dicta
2692 3741 2910 3814 domo
2953 3740 3048 3814 ad
3085 3740 3348 3814 basili-

657 3889 845 3956 cam,
882 3865 970 3940 de
1004 3867 1296 3964 speciali
1319 3867 1612 3942 licentia
1643 3873 1715 3940 et
1748 3865 2290 3963 dispensatione
2331 3871 2522 3962 Pape
2553 3865 2740 3964 (cum
2772 3867 3102 3940 nondum
3133 3876 3340 3942 esset

657 3992 1279 4089 catechumenus),
1314 3992 1407 4066 ad
1444 3991 1849 4066 cancellum
1897 3989 2173 4089 capelle
2215 3990 2388 4064 Sixti
2429 3989 2780 4086 predicte,
2823 3991 2966 4064 hoc
3013 3992 3270 4067 ordine
3313 4019 3330 4066 :

659 4117 1149 4213 precedebant
1204 4116 1521 4190 scutiferi
1576 4119 1767 4213 Pape
1818 4141 1999 4213 quos
2063 4118 2548 4213 sequebantur
2597 4116 3016 4190 cubicularii
3071 4142 3334 4192 omnes

655 4240 728 4312 in
776 4242 1091 4316 vestibus
1144 4241 1235 4317 de
1286 4250 1555 4330 rosatO,
1610 4249 1687 4316 ut
1736 4243 1809 4314 in
1866 4242 2051 4316 festo
2106 4240 2594 4338 processionis
2646 4241 2971 4338 corporis
3026 4241 3324 4316 Christi.

660 4367 825 4439 Post
855 4367 1079 4457 hunc,
1122 4368 1535 4458 tamburini,
1586 4391 1750 4441 cum
1794 4369 1943 4440 suis
1975 4367 2232 4441 fistulis
2274 4373 2342 4440 et
2389 4367 2546 4441 aliis
2591 4367 3054 4441 intrumentis
3099 4370 3336 4442 musi-

656 4491 957 4566 calibus.
1010 4492 1285 4566 Deinde
1324 4493 1524 4567 ibant
1566 4493 1710 4568 duo
1750 4493 2074 4567 scutiferi
2117 4496 2308 4591 Pape
2354 4517 2662 4589 quorum
2707 4516 2891 4565 unus
2935 4492 3008 4564 in
3055 4493 3334 4568 dextris

654 4618 986 4712 portabat
1032 4617 1299 4706 bacile,
1362 4642 1660 4693 aureum
1715 4643 1882 4692 cum
1939 4641 2070 4692 suo
2123 4617 2413 4708 bocale,
2474 4625 2546 4691 et
2597 4617 2668 4691 in
2724 4617 2929 4692 bacili
2983 4618 3328 4692 salieram

655 4765 948 4816 auream
982 4766 1147 4816 cum
1190 4743 1365 4834 sale,
1420 4743 1795 4816 bussulum
1837 4767 2002 4817 cum
2043 4767 2312 4839 sapone
2354 4749 2679 4817 muscato
2715 4752 2788 4816 et
2831 4743 3324 4840 manutergio.

651 4863 851 4939 Alius
882 4891 925 4939 a
954 4867 1262 4942 sinistris
1305 4868 1680 4943 candelam
1724 4893 2063 4967 magnam
2099 4870 2314 4944 trium
2356 4869 2704 4943 librarum
2750 4868 2861 4943 vel
2891 4868 3112 4958 circa,
3151 4890 3329 4941 cere

652 4989 1027 5080 albe,auro
1070 5000 1400 5068 ornatam
1434 5001 1505 5068 et
1539 4995 1971 5091 perpulchre
2011 4994 2436 5069 laboratam.
2493 4999 2638 5068 Hos
2685 4993 3128 5091 sequebatur
3165 5015 3332 5065 ma-

650 5117 955 5210 gnificus
1006 5123 1090 5191 D.
1144 5120 1513 5194 Johannes
1571 5120 1922 5195 Cervillon
1971 5120 2382 5209 CatalanuS,
2440 5120 2612 5195 olim
2665 5118 3090 5216 capitaneus
3137 5143 3326 5214 gen-

651 5240 828 5313 tium
860 5266 1228 5316 armorum
1270 5248 1487 5341 Pape,
1532 5246 1884 5320 infantem
1923 5245 2427 5344 baptizandum
2461 5269 2677 5342 super
2715 5243 3012 5318 brachio
3055 5243 3324 5315 dextro
