3625 6059
613 528 688 583 68
1525 518 1874 579 JOHANNJS
1923 514 2368 587 BURCHARDI,
2977 516 3105 578 [Mai
3136 517 3285 577 1493]

1785 672 2110 745 Oremus.

705 807 1023 881 Ecclesia
1045 816 1160 879 tue
1179 826 1586 903 quesumus,
1612 800 1933 889 Domine,
1958 824 2201 897 preces
2205 800 2536 897 placatus
2558 797 2847 871 admitte
2866 808 2951 870 ut
2967 798 3282 872 destruo—

603 934 689 1007 tis
733 930 1264 1007 adversitatibus
1303 940 1372 1003 et
1404 928 1754 1001 erroribus
1794 926 2139 999 universis
2176 949 2423 999 secura
2466 924 2589 997 tibi
2624 923 2885 997 serviat
2924 924 3272 998 libertate.

1809 1090 2077 1163 Oratio,

704 1222 919 1313 Deus,
950 1231 1193 1294 auctor
1204 1218 1408 1317 pacis
1449 1227 1520 1290 et
1543 1226 1815 1289 amator
1842 1214 2179 1303 caritatis,
2204 1236 2413 1311 quem
2434 1236 2674 1287 amare
2692 1212 2946 1303 vivere,
2984 1212 3102 1285 cui
3124 1236 3285 1286 ser-

603 1352 748 1423 viro
768 1370 1069 1446 regnare
1090 1356 1214 1435 est,
1226 1356 1523 1442 proteye
1543 1344 1630 1416 ab
1653 1343 1973 1416 omnibus
1991 1341 2643 1439 impuqnationibus
2656 1341 3001 1439 supplices
3022 1352 3175 1414 tuos
3200 1351 3287 1412 ut

602 1476 726 1573 qui
757 1475 831 1547 in
861 1472 1272 1573 defensione
1302 1480 1422 1543 tua
1453 1468 1873 1566 confidimus
1902 1468 2169 1541 nullius
2198 1467 2593 1541 hostilitatis
2636 1488 2837 1541 arma
2874 1467 3278 1541 timeamus.

699 1600 851 1673 Per
885 1598 1248 1672 Christum
1277 1596 1642 1670 dominum
1673 1606 2019 1669 nostrum.

699 1726 969 1801 Amen.

706 1854 889 1925 Tum
913 1854 1288 1947 apportata
1302 1871 1434 1948 per
1459 1848 1978 1923 subdiaconum
2006 1846 2483 1944 apostolicum
2512 1870 2757 1921 coram
2782 1849 2999 1943 Papa,
3026 1869 3278 1937 cruce,

609 1981 808 2074 Papa
861 1973 1231 2049 benedixit
1282 1974 1551 2072 populo
1605 1997 1806 2048 more
1854 1973 2092 2062 solito,
2147 1972 2397 2047 dicens
2453 1997 2467 2046 :
2522 1972 2640 2046 Sit
2682 1996 2937 2046 nomen
2986 1972 3288 2045 Domini

611 2101 1076 2175 benedictum.

708 2230 863 2313 Quo
898 2225 1118 2316 sact0‚
1171 2224 1556 2323 episcopus
1588 2226 1957 2324 predictus
1998 2224 2119 2323 qui
2151 2224 2479 2298 nondum
2519 2225 2609 2297 de
2649 2224 2928 2322 pulpito
2970 2221 3285 2297 descen-

615 2352 846 2442 derat,
899 2352 976 2424 in
1021 2350 1279 2426 eodem
1312 2350 1600 2441 sedenS,
1649 2351 1741 2425 ad
1777 2352 2125 2450 populum
2172 2374 2445 2440 versuS,
2494 2350 2888 2449 publicavit
2925 2347 3293 2447 plenarias

607 2477 1091 2575 indulgentias
1134 2499 1266 2575 per
1307 2480 1430 2552 SS.
1482 2481 1568 2550 D.
1625 2484 1955 2552 nostrum
1996 2477 2330 2552 omnibus
2362 2476 2486 2573 qui
2529 2478 2750 2551 misse
2802 2476 3294 2550 interfuerunt

613 2624 1000 2678 concessas
1053 2602 1174 2677 vel
1219 2626 1352 2699 per
1399 2608 1632 2677 totum
1685 2604 1885 2677 hunc
1940 2604 2132 2679 diem
2177 2604 2447 2678 dictam
2502 2602 2891 2676 ecclesiam
2952 2626 3009 2675 s.
3064 2601 3292 2675 Marci

614 2727 1160 2803 invisitaverint.
1207 2732 1408 2803 Tunc
1447 2728 1774 2826 pontifex
1821 2730 2033 2804 rediit
2072 2730 2162 2803 ad
2204 2728 2685 2803 faldistorium
2713 2728 2860 2820 ubi,
2893 2728 3081 2801 facta
3124 2750 3296 2801 ora-

618 2854 846 2945 tione,
899 2853 1196 2929 dimisso
1243 2853 1560 2953 pluviali,
1609 2856 1889 2953 recepit
1938 2855 2415 2953 capuccinum
2464 2852 2770 2928 rubeum
2824 2859 2897 2929 et
2950 2874 3289 2928 reversus

616 2985 726 3055 est
763 3003 894 3079 per
933 2980 1268 3057 eamdem
1307 2981 1496 3056 viam
1536 2981 1626 3055 ad
1663 2982 2014 3080 palatium
2050 3004 2184 3078 per
2221 3000 2439 3077 quam
2476 2986 2829 3054 venerunt
2873 3004 2889 3052 :
2939 2976 3287 3074 equitavit

621 3112 868 3181 autem
912 3114 1060 3181 tam
1105 3106 1344 3181 eundo
1390 3130 1604 3205 quam
1647 3104 2022 3183 redeundo
2064 3113 2137 3180 et
2177 3104 2253 3178 in
2288 3104 2545 3179 ordine
2586 3108 2799 3201 prout
2838 3102 3171 3201 superius
3213 3100 3295 3175 in

621 3230 858 3327 primo
887 3233 1072 3306 festo
1101 3233 1701 3307 Annunciationis
1731 3238 2063 3307 notatum
2094 3239 2227 3305 est.

714 3359 899 3430 Nota
927 3356 1121 3454 quod
1150 3380 1316 3430 cum
1339 3358 1606 3432 letanie
1637 3358 2053 3432 dicerentur
2082 3364 2251 3431 ante
2278 3354 2605 3446 missam,
2640 3355 3016 3430 celebrans
3048 3380 3289 3455 genn-

619 3480 822 3555 flexit
867 3480 942 3555 in
991 3504 1122 3556 suo
1167 3482 1568 3556 faldistorio
1617 3483 1688 3556 in
1739 3506 1967 3557 cornu
2020 3482 2323 3580 epistole
2377 3508 2394 3556 ε
2452 3482 2997 3556 convenientius
3045 3488 3299 3557 tamen

618 3605 875 3681 fuisset
934 3606 1130 3704 quod
1185 3606 1276 3681 ad
1333 3607 1696 3683 sinistram
1762 3613 1954 3707 Pape
2013 3608 2537 3705 aliquantulum
2592 3614 2789 3682 retro
2842 3606 2915 3680 in
2970 3608 3293 3683 scabello

622 3732 1139 3829 genuflexisset
1166 3739 1380 3831 prout
1409 3733 1484 3807 in
1516 3734 1815 3809 sabbato
1850 3739 2098 3809 sancto
2138 3734 2293 3809 fieri
2326 3732 2534 3808 solet.

721 3857 930 3933 Feria
978 3858 1251 3957 quinta,
1313 3865 1356 3933 2
1395 3860 1667 3934 mensis
1712 3861 1909 3953 maii,
1960 3860 2223 3935 cecidit
2260 3860 2453 3935 circa
2490 3860 2749 3935 horam
2787 3858 3070 3960 prandii
3114 3884 3287 3957 pars

621 3984 810 4059 muri
838 3984 1028 4060 inter
1054 3991 1370 4061 castrum
1403 3986 1629 4061 sancti
1665 3986 1924 4085 Angeli
1961 3995 2034 4061 et
2072 3986 2419 4084 palatium
2444 3986 2925 4083 apostolicum
2955 3986 3026 4059 in
3058 4010 3291 4084 oppo-

623 4110 760 4185 sito
793 4110 1052 4185 domus
1081 4112 1274 4187 bone
1305 4112 1656 4188 memorie
1689 4112 2073 4188 cardinalis
2112 4111 2509 4187 Aleriensis
2552 4136 2595 4185 a
2623 4112 2799 4186 turri
2834 4136 3083 4186 versus
3130 4111 3293 4185 dic-

621 4243 776 4310 tum
825 4243 1144 4311 castrum
1197 4237 1292 4311 ad
1332 4261 1600 4313 cannas
1657 4264 1753 4314 xx
1809 4240 1922 4314 vel
1971 4239 2187 4333 circa,
2238 4262 2369 4336 pro
2420 4262 2509 4313 eo
2559 4239 2751 4336 quod
2794 4261 3042 4311 murus
3098 4236 3287 4334 ipse,

617 4368 980 4437 vetustate
1025 4372 1524 4462 consumptus,
1570 4387 1705 4462 per
1745 4364 1988 4437 menia
2029 4386 2214 4438 nova
2258 4364 2574 4459 desuper
2614 4367 3033 4437 constructa
3069 4360 3292 4435 nimis

617 4489 1072 4589 gravabatur,
1106 4512 1324 4585 quem
1356 4491 1484 4563 SS.
1523 4492 1609 4563 D.
1646 4490 1732 4563 N.
1771 4488 1926 4564 sine
1958 4512 2167 4565 mora
2195 4488 2365 4563 fecit
2393 4486 2824 4563 reedificari.

715 4613 1123 4705 Dominica‚
1153 4620 1194 4689 5
1221 4613 1421 4707 maii,
1458 4612 1654 4689 circa
1681 4614 1941 4691 horam
1959 4637 2425 4715 vesperorum
2458 4615 2585 4689 SS.
2625 4619 2710 4688 D.
2746 4618 2834 4688 N.
2872 4636 3037 4689 cum
3070 4637 3291 4711 capu-

619 4736 783 4811 cino
822 4738 1047 4813 rubeo
1093 4764 1311 4837 supra
1353 4740 1733 4817 rochetum
1782 4748 1857 4818 et
1897 4742 2176 4841 capello
2217 4742 2306 4817 de
2356 4740 2793 4830 cremesino,
2835 4740 3288 4837 precedente

613 4954 692 5017 De
720 4961 932 5032 oriqine
964 4960 1122 5019 Urbis
1156 4962 1362 5021 Venetae
1392 4972 1442 5022 et
1468 4970 1585 5024 vita
1624 4970 1866 5025 omnium
1905 4967 2120 5025 ducum.
2154 4966 2261 5023 Les
2302 4983 2496 5024 causes
2534 4968 2604 5025 de
2642 4971 2783 5024 cette
2820 4964 2969 5040 ligue
3008 4972 3064 5023 et
3102 4972 3289 5025 tontes

610 5049 692 5107 les
711 5050 1121 5113 ,circonstanciis
1144 5052 1518 5127 particulieres
1548 5057 1640 5131 qui
1670 5057 2001 5115 l’entourent
2030 5064 2157 5115 sont
2186 5056 2353 5113 mises
2382 5074 2451 5113 eu
2490 5055 2745 5114 lumieres
2774 5072 2874 5130 par
2912 5054 3291 5111 Guicciardini

614 5144 773 5211 (Dell'
794 5143 993 5224 istoria
1021 5142 1261 5211 d’Italia,
1293 5141 1387 5199 liv.
1419 5145 1484 5214 I).
1516 5145 1659 5220 Voy.
1691 5148 1845 5205 aussi
1874 5148 2116 5216 Riualdi,
2146 5148 2392 5205 Annales
2420 5150 2589 5215 Eccl.‚
2622 5150 2664 5203 t.
2686 5145 2863 5215 XXX,
2888 5163 2945 5219 p.
2978 5145 3107 5213 205,
3128 5160 3196 5199 no
3218 5145 3287 5199 27

607 5230 730 5295 etlu
749 5237 878 5289 note
899 5232 926 5288 1
960 5232 1030 5289 de
1060 5232 1262 5304 Mansi,
1295 5240 1350 5291 et,
1376 5237 1410 5291 a
1436 5234 1709 5307 l’append.
1743 5236 1824 5294 les
1855 5246 1942 5292 κιο·
1971 5238 2025 5307 8,
2059 5237 2124 5295 16
2155 5240 2189 5293 ὁ.
2216 5240 2309 5307 21,
2339 5235 2573 5311 passim.
