3625 6059
343 589 685 653 -fflecembre
717 589 860 650 1499]
1041 589 1292 647 RERUM
1341 589 1796 650 URBANARUM
1846 587 2365 649 COMMENTARII.
2932 599 3037 654 583

371 747 697 818 Romane
739 742 1045 818 ecclesie
1077 743 1578 819 falsificatione
1606 744 2023 826 litterarum
2052 745 2639 843 apostolicarum,
2676 750 3035 847 supplica·-

361 869 647 943 tionum
679 876 749 943 et
789 869 1411 959 commissionum,
1443 870 1804 944 delatione
1836 893 2205 944 armorum
2233 871 2344 945 vel
2374 871 2677 946 aliorum
2704 875 3035 971 prohibi-

359 1001 603 1069 torum
663 995 756 1068 ad
811 1001 1054 1092 partes
1097 993 1527 1084 infidelium,
1572 995 1965 1092 injectione
2024 1019 2369 1070 manuum
2434 997 2910 1073 violentarum
2960 1002 3031 1074 in

359 1121 746 1219 episcopos
772 1120 884 1194 vel
915 1120 1092 1194 alios
1122 1120 1437 1217 prelatos
1469 1120 1907 1217 superiores,

460 1244 828 1319 ordinavit
865 1243 1059 1339 quod
1101 1244 1618 1342 deputarentur
1656 1254 1970 1343 quatuor
2008 1245 2325 1342 religiosi
2368 1245 2491 1319 viri
2532 1271 2841 1344 quorum
2886 1251 3028 1324 duo

357 1373 432 1444 in
461 1371 578 1444 die
611 1378 683 1445 et
713 1371 832 1446 alii
864 1372 935 1444 in
965 1377 1178 1446 nocte
1213 1371 1601 1447 circuirent
1633 1371 2008 1446 basilicam
2039 1371 2438 1468 predictam
2474 1380 2547 1446 et
2578 1395 2738 1446 eam
2782 1382 3027 1450 custo-

357 1495 600 1572 dirent
645 1503 716 1570 et
766 1497 1250 1586 adverterent,
1282 1521 1374 1571 ne
1431 1498 1603 1594 quid
1645 1496 2011 1571 inhonesti
2056 1497 2125 1570 in
2171 1498 2329 1594 ipsa
2369 1520 2503 1594 per
2535 1520 3029 1599 quoscumque

349 1621 960 1712 committeretur,
1007 1645 1170 1696 cum
1217 1630 1426 1720 porta
1482 1645 1705 1697 aurea
1753 1643 1923 1696 non.
1962 1620 2224 1696 debeat
2271 1645 2408 1695 nec
2462 1622 2581 1719 die
2634 1646 2770 1696 nec
2814 1634 3028 1701 nocte

359 1751 512 1820 toto
561 1745 804 1820 futur'o
848 1771 1039 1821 anno
1076 1747 1328 1844 jubilei
1385 1747 1656 1837 claudi;
1705 1747 1898 1820 idem
1948 1746 2075 1820 fiat
2118 1747 2190 1820 in
2242 1747 2400 1821 aliis
2448 1748 2671 1822 tribus
2716 1750 3029 1826 basilicis

349 1871 684 1968 superius
732 1873 1155 1962 nominatiS,
1206 1872 1403 1968 quod
1459 1873 1673 1947 ambo
1723 1872 2044 1968 porticus
2099 1872 2429 1968 ejusdem
2486 1874 2783 1948 basilice
2841 1876 3027 1952 bene

349 1996 799 2071 mundentur
849 2005 918 2070 et
967 1997 1293 2071 mundati
1339 1997 1525 2073 bene
1573 2005 1968 2089 serventur,
2020 2019 2154 2071 nec
2200 1999 2713 2095 permittantur
2762 2003 3023 2078 infirmi

346 2123 462 2196 vel
493 2123 614 2198 alii
653 2124 726 2196 in
767 2123 872 2197 eis
897 2125 1146 2220 jacere
1175 2124 1285 2198 vel
1324 2125 1631 2213 morari;
1669 2129 1738 2197 et
1772 2123 1982 2198 fieret
2012 2147 2227 2223 capsa
2261 2148 2525 2221 magna
2556 2135 2628 2201 et
2658 2127 2861 2202 sortis
2893 2152 3023 2226 pro

349 2249 792 2347 elemosynis
833 2257 905 2323 et
948 2249 1594 2346 compositionibus
1637 2248 2025 2324 occasione
2070 2251 2727 2348 suprascriptorum
2766 2278 3025 2352 prove-

355 2375 724 2449 nientibus
756 2375 1220 2473 reponendis,
1258 2398 1398 2471 que
1437 2381 1883 2472 ponerentur
1908 2375 2113 2472 juxta
2154 2376 2506 2472 capellam
2544 2402 2602 2452 S.
2634 2379 2920 2454 Andree
2954 2388 3025 2457 et

357 2499 688 2597 Gregorii
729 2499 804 2574 in
845 2500 1142 2574 basilica
1189 2523 1249 2572 S.
1299 2500 1491 2574 Petri
1535 2499 1885 2597 predicta,
1922 2507 1990 2573 et
2044 2501 2267 2574 tribus
2319 2502 2619 2576 diversis
2669 2505 3021 2580 clausuris

353 2633 427 2699 et
466 2624 781 2700 clavibus
821 2626 1250 2717 muniretur,
1283 2649 1587 2723 quarum
1634 2649 1852 2700 unam
1902 2625 2250 2717 datarius,
2288 2627 2501 2701 aliam
2515 2684 2696 2718 ......
2734 2631 3019 2705 tertiam

357 2775 540 2826 unus
574 2775 662 2826 ex
705 2752 1227 2850 penitentiariis
1270 2752 1611 2848 predictis
1655 2775 1788 2849 per
1834 2751 2223 2848 collegium
2270 2775 2525 2827 eorum
2568 2753 3022 2852 deputandus

353 2884 862 2966 conservaret;
917 2877 1282 2951 commisit
1329 2876 1678 2952 muratori
1729 2877 2074 2974 magistro
2130 2877 2406 2952 Thome
2457 2879 2833 2953 Mataratio
2883 2884 3025 2953 Ro-

353 3025 574 3076 mano
605 3003 801 3100 quod
848 3028 1135 3079 murum
1168 3003 1540 3103 (quantum
1573 3010 1784 3100 porta
1829 3026 2049 3077 aurea
2088 3003 2434 3100 continet)
2468 3011 2629 3078 ruat
2674 2999 2903 3101 usque
2935 3007 3024 3080 ad

351 3128 920 3224 grossitudinem
970 3137 1279 3227 quatuor
1325 3131 1437 3204 vel
1487 3131 1804 3227 quinque
1856 3129 2274 3226 digitorum,
2328 3129 2734 3205 nullatenus
2778 3137 3022 3208 tamen

348 3251 698 3350 perforet,
730 3262 832 3343 ut,
870 3278 1035 3328 cum
1075 3256 1430 3330 Sanctitas
1472 3279 1626 3346 sua,
1657 3254 1843 3328 hora
1882 3277 2342 3352 vesperarum
2383 3254 2622 3352 vigilie
2668 3257 3016 3353 predicte,

347 3404 610 3455 manus
639 3381 712 3454 in
746 3405 910 3457 eum
942 3382 1302 3479 injecerit,
1327 3382 1630 3456 faciliter
1655 3387 1724 3456 et
1755 3383 1913 3456 sine
1946 3405 2151 3456 mora
2181 3380 2414 3470 cadat,
2442 3387 2657 3477 atque
2686 3383 3021 3456 omnibus

346 3495 665 3580 liberum
691 3506 967 3581 aditum
997 3507 1320 3604 prebeat.

449 3631 802 3705 Omnibus
834 3631 1207 3722 ordinatiS,
1238 3631 1450 3704 rediit
1477 3631 1567 3704 ad
1591 3632 1965 3728 palatium,
1998 3640 2070 3707 et
2097 3632 2443 3729 magister
2466 3632 2832 3730 predictus
2856 3659 3021 3708 cum

348 3756 512 3829 aliis
554 3756 752 3830 dedit
791 3780 1088 3854 operam
1129 3757 1234 3830 rei
1275 3756 1408 3829 sibi
1448 3755 1836 3831 commisse
1877 3779 2008 3853 pro
2050 3763 2309 3830 ornatu
2350 3763 2556 3853 porte
2596 3750 3017 3854 hujusmodi

350 3880 448 3954 ad
479 3881 934 3955 altitudinem
974 3881 1403 3974 ordinatam,
1449 3882 1580 3955 sed
1619 3883 1691 3954 in
1720 3880 2098 3955 latitudine
2142 3882 2477 3956 latiorem
2517 3882 2608 3955 ad
2638 3883 2823 3957 duos
2862 3883 3017 3980 pal-

350 4029 514 4079 mos
554 4006 668 4080 vel
709 4005 925 4094 circa,
970 4013 1040 4080 et
1081 4012 1526 4104 coopertam,
1569 4006 1766 4104 quod
1803 4007 1877 4078 in
1912 4029 2000 4080 eo
2039 4006 2203 4080 loco
2245 4029 2617 4102 nunquam
2647 4007 2780 4080 fuit
2808 4014 3018 4104 porta

343 4131 577 4227 prius,
628 4131 756 4204 sed
799 4154 1046 4203 murus
1092 4130 1409 4227 undique
1454 4131 1682 4204 altera
1723 4136 1925 4227 parte
1978 4131 2307 4227 ejusdem
2347 4131 2574 4204 muris
2622 4132 2896 4229 equalis
2943 4141 3015 4206 et

343 4253 751 4350 colligatus,
789 4256 948 4331 Fuit
978 4263 1217 4330 autem
1255 4255 1543 4329 solitum
1576 4255 1801 4330 altare
1836 4257 1906 4329 in
1938 4256 2197 4331 eodem
2228 4256 2391 4331 loco
2427 4256 2755 4353 predicto
2796 4279 3012 4352 quem

343 4387 633 4476 portam
658 4378 1103 4469 dicebamuS,
1136 4386 1398 4453 etcum
1426 4380 1734 4477 populus
1763 4381 2182 4476 opinionem
2208 4386 2413 4477 porte
2436 4380 2657 4477 hujus
2683 4379 3007 4467 haberet,

342 4503 548 4576 nolui
597 4526 722 4577 eos
766 4502 841 4576 in
887 4504 1224 4600 opinione
1269 4527 1410 4602 que
1453 4505 1690 4601 potius
1732 4505 2193 4580 devotionem
2237 4505 2509 4579 inducit
2553 4505 3007 4602 perturbare.

450 4629 757 4718 Deinde,
790 4630 1094 4705 Veneris
1123 4635 1217 4704 20
1243 4630 1572 4728 ejusdem
1601 4632 1899 4719 mensiS,
1936 4631 2071 4703 fuit
2104 4630 2616 4703 consistorium
2650 4638 3012 4703 secretum

345 4755 420 4828 in
471 4778 615 4851 quo
664 4755 857 4828 inter
908 4755 1044 4829 alia
1095 4756 1227 4829 fuit
1274 4755 1645 4829 decretum
1695 4762 1765 4831 et
1815 4755 2230 4828 ordinatum
2284 4753 2478 4850 quod
2529 4753 2724 4827 bulla
2760 4752 3013 4850 jubilei

343 4878 677 4976 proxime
733 4879 954 4952 futuri
1011 4880 1270 4954 debeat
1328 4881 1679 4978 publicari
1739 4887 1943 4953 extra
2001 4884 2280 4978 portam
2334 4877 2580 4975 palatii
2638 4877 3011 4975 apostolici

345 5003 542 5101 apud
587 5027 646 5074 s.
699 5007 993 5078 Petrum
1035 5004 1303 5080 ibidem
1343 5005 1414 5077 in
1459 5005 1720 5102 platea,
1771 5006 1963 5078 intra
2006 5004 2235 5102 ipsam
2279 5010 2561 5101 portam
2602 5008 2674 5077 et
2712 5003 3015 5076 audien-

349 5129 528 5202 tiam
565 5151 948 5204 causarum
977 5155 1110 5228 per
1138 5130 1316 5204 duos
1349 5129 1831 5205 cubicularios
1874 5134 2000 5205 SS.
2043 5137 2128 5204 D.
2166 5135 2251 5205 N.
2290 5153 2598 5227 quorum
2639 5154 2825 5203 unus
2864 5127 3019 5202 bul-

347 5253 498 5326 lam
551 5254 785 5350 ipsam
840 5279 972 5352 per
1022 5262 1262 5352 partes
1315 5252 1600 5351 publice
1654 5255 1875 5350 legat,
1935 5254 2121 5329 alter
2166 5253 2239 5326 in
2286 5253 2554 5349 vulgari
2602 5252 2841 5328 italico
2888 5276 3020 5349 per
