3625 6059
675 522 744 577 24
1587 514 1890 573 JOHANNI
1896 514 1936 572 S
1990 514 2437 586 BURCHARDI,
2848 514 3165 584 IDecemhre
3194 520 3339 581 tm]

679 696 886 747 more
927 672 1167 747 solite.
1221 676 1302 746 In
1351 670 1609 745 eadem
1647 668 1969 759 basilica,
2036 669 2221 744 facta
2264 692 2399 766 per
2445 672 2851 747 cardinales
2905 672 3333 764 reverentia,

679 796 898 871 iidem
932 804 1003 871 et
1032 796 1291 894 prelati
1321 818 1575 870 omnes
1630 802 2069 892 acceperunt
2101 803 2527 893 paramenta
2562 804 2938 889 consueta,
2976 797 3107 870 sed
3136 796 3338 871 inor-

679 922 949 1012 dinate,
987 922 1156 1018 quia
1184 922 1721 1017 quamprimum
1759 917 1975 1013 primi
2016 918 2417 992 cardinales
2460 922 2943 995 reverentiam
2974 922 3334 1013 fecerunt,

679 1046 814 1145 ipsi
835 1070 966 1121 sua
981 1051 1406 1142 paramenta
1427 1051 1890 1142 acceperunt,
1914 1051 1985 1117 et
2006 1043 2193 1117 male
2216 1050 2487 1137 tamen,
2510 1046 2677 1147 quia
2695 1046 3061 1125 debebant
3084 1072 3347 1149 expec-

678 1178 870 1245 tasse
924 1192 1302 1267 quousque
1353 1193 1609 1245 omnes
1663 1167 2067 1243 cardinales
2115 1171 2590 1245 reverentiam
2642 1170 3010 1264 fecissent,
3074 1175 3339 1252 deinde

683 1297 896 1372 simul
942 1319 1110 1369 cum
1145 1294 1648 1369 assistentibus
1681 1294 2091 1368 senioribus
2123 1293 2444 1369 diaconis
2474 1306 2897 1394 paramenta
2932 1301 3339 1398 accepisse;

672 1423 1066 1496 lectionem
1111 1419 1506 1494 secundam
1558 1423 1646 1492 D.
1705 1419 2077 1510 SenensiS,
2123 1418 2407 1493 tertiam
2440 1422 2975 1520 NeapolitanuS,
3010 1434 3343 1521 quartam

673 1572 734 1621 S.
759 1546 1178 1634 ClementiS,
1201 1544 1526 1641 quintam
1544 1545 1983 1619 camerarius
2002 1542 2367 1633 dixerunt,
2396 1543 2703 1639 primam
2722 1553 2795 1619 et
2814 1546 2907 1620 ad
2920 1550 3349 1647 Maynifi'cat

674 1696 758 1746 ac
806 1671 1160 1771 hymnum
1211 1668 1560 1744 intonavit
1617 1669 1965 1767 pontifex,
2024 1674 2110 1743 D.
2169 1667 2619 1743 Bernardino
2664 1670 3021 1746 Gambara
3048 1674 3345 1748 subdia-

677 1796 862 1870 cono
893 1796 1400 1892 preintonante
1445 1792 1881 1890 antiphonas
1912 1816 1997 1865 ac
2038 1814 2183 1865 una
2205 1812 2494 1865 mecum
2529 1793 2614 1864 D.
2650 1794 3040 1868 Francisco
3084 1798 3345 1871 Brevio

673 1923 1055 2021 hymnum.
1113 1924 1199 1993 D.
1255 1918 1662 1992 Fridericus
1710 1916 1967 1991 habuit
2019 1916 2263 1989 locum
2318 1915 2508 1991 inter
2554 1916 2735 1989 duos
2774 1917 3067 1994 ultimos
3104 1921 3347 1995 cardi-

675 2046 878 2121 nales
908 2043 1254 2119 diaconos
1285 2042 1732 2140 supradictos
1754 2046 2043 2139 paratos
2068 2068 2085 2131 ς
2120 2040 2261 2114 alia
2284 2064 2489 2116 more
2510 2041 2723 2116 solito
2736 2049 2916 2135 ,sunt
2932 2044 3338 2121 observata.

773 2173 1110 2267 Appense
1159 2169 1451 2243 fuerunt
1491 2169 1764 2242 circum
1813 2168 2034 2258 circa,
2098 2166 2352 2241 subtus
2406 2167 2771 2241 tribunam
2818 2192 2859 2243 a
2900 2169 3129 2243 tribus
3166 2172 3347 2246 late-

677 2294 876 2369 ribus
936 2318 1154 2392 supra
1201 2294 1429 2369 altare
1483 2295 1718 2391 majus
1765 2292 2062 2367 basilice
2113 2291 2469 2389 predicte,
2520 2300 2736 2388 prout
2782 2294 2959 2367 alias
3010 2300 3345 2392 tempore

678 2419 875 2494 Pauli
905 2423 964 2492 11
996 2419 1365 2493 consuevit
1395 2419 1580 2510 fieri,
1615 2418 1857 2492 tabule
1888 2418 2183 2513 antique
2216 2440 2432 2513 grece
2464 2418 2777 2515 depicte‚
2806 2442 2937 2516 per
2966 2419 3345 2493 sacristam

677 2552 1036 2635 nostrum,
1103 2550 1176 2619 et
1231 2569 1276 2617 a
1326 2553 1532 2641 parte
1587 2567 1833 2617 versus
1892 2543 2295 2632 introitum,
2364 2541 2505 2617 due
2565 2543 2891 2617 lanterne
2950 2544 3345 2619 cristalline

675 2692 947 2765 magne
978 2670 1338 2766 preciose,
1377 2673 1568 2765 Papa
1599 2668 1702 2741 sic
1731 2668 2044 2743 volente.

778 2794 1026 2869 Finitis
1073 2794 1420 2891 vesperiS,
1479 2797 1671 2891 Papa
1712 2793 2039 2867 ascendit
2079 2794 2452 2892 palatium,
2507 2816 2711 2866 more
2766 2803 3119 2870 consueto
3170 2820 3347 2894 por-

683 2928 899 3013 tatus,
938 2926 1010 2994 et
1039 2919 1322 2993 intravit
1353 2943 1484 3016 per
1511 2919 1713 2993 aulas
1745 2919 1991 2993 solitas
2023 2920 2353 3016 antiquas
2384 2941 2749 2993 cameram
2781 2921 3164 3017 papagalli‚
3216 2923 3343 2996 ubi

677 3046 1025 3145 depositis
1077 3045 1301 3119 sacris
1334 3043 1680 3135 vestibus,
1743 3044 2116 3140 assignare
2166 3043 2337 3117 fecit
2386 3065 2716 3117 cameras
2760 3067 2981 3139 novas
3032 3045 3343 3143 principi

679 3170 1123 3267 supradicto,
1176 3176 1258 3241 ut
1305 3168 1376 3240 in
1423 3168 1529 3241 eis
1579 3192 1666 3242 ea
1713 3176 1927 3242 nocte
1984 3169 2417 3264 quiesceret.
2475 3172 2729 3243 Parate
2762 3175 3006 3244 autem
3052 3170 3347 3245 fuerunt

680 3290 967 3369 camere
1017 3295 1174 3391 ipse
1215 3293 1700 3385 ornatissime,
1746 3295 1987 3384 tertia,
2044 3301 2299 3391 quarta
2340 3300 2411 3368 et
2453 3293 2706 3390 quinta
2755 3293 3001 3370 veluto
3044 3296 3345 3371 alexan-

680 3420 886 3493 drino
927 3425 996 3491 et
1045 3414 1294 3492 celesti
1345 3440 1428 3491 ac
1471 3418 1644 3490 velis
1696 3418 2043 3493 bruccato
2096 3442 2317 3493 aureo
2370 3418 2667 3517 paratis,
2718 3420 3039 3495 secunda
3090 3429 3341 3495 autem

677 3545 870 3619 lecto
903 3568 994 3619 ex
1020 3544 1260 3618 veluto
1307 3545 1740 3620 cremesino.
1794 3546 1973 3620 Dedi
2018 3546 2091 3620 in
2129 3546 2244 3619 his
2278 3546 2599 3643 vesperis
2632 3545 2874 3619 locum
2908 3544 3101 3618 inter
3126 3542 3349 3617 assis-

681 3676 914 3744 tentes
953 3674 1142 3767 Pape
1175 3664 1257 3743 R.
1315 3673 1398 3742 D.
1445 3671 1814 3767 Stephano
1856 3671 2403 3771 archiepiscopo
2451 3669 2893 3759 Patracensi‚
2940 3690 3161 3766 quem
3206 3671 3341 3743 SS.

680 3799 767 3868 D.
803 3800 888 3871 N.
927 3795 997 3868 in
1029 3796 1488 3869 assistentem
1519 3796 1650 3869 sibi
1682 3798 2098 3894 assumpsit.

685 3972 692 3978 -
784 3924 860 3994 ln
893 3929 1106 3996 nocte
1139 3922 1466 4017 sequenti
1501 3921 1692 3995 diem
1724 3921 2154 4018 predictam,
2190 3922 2385 3997 circa
2422 3922 2641 3997 horas
2671 3922 2865 3995 inter
2891 3944 3025 3995 viu
3052 3926 3126 3994 et
3156 3944 3343 4007 vnn,

681 4049 808 4121 SS.
849 4051 933 4120 D.
965 4050 1048 4121 N.
1086 4053 1378 4143 paratus
1419 4068 1622 4121 more
1656 4046 1867 4120 solito
1900 4055 1969 4121 et
2008 4046 2191 4121 stola
2230 4071 2321 4122 ex
2354 4046 2577 4145 perlis
2614 4054 2687 4122 et
2717 4070 2949 4143 cappa
2978 4045 3067 4117 de
3096 4044 3345 4118 veluto

677 4166 1187 4247 cremesinoin
1217 4195 1512 4247 camera
1557 4172 1943 4270 papagalli,
2002 4174 2196 4247 venit
2246 4175 2339 4248 ad
2386 4173 2739 4270 capellam
2784 4172 3141 4269 majorem
3172 4170 3351 4243 soli-

680 4300 856 4385 tam,
893 4294 1370 4370 cardinalibus
1399 4296 1636 4394 ipsum
1677 4302 1947 4395 Papam
1998 4298 2466 4396 sequentibus
2502 4307 2575 4372 et
2624 4300 2813 4371 inter
2840 4296 3135 4371 ultimos
3164 4294 3353 4369 duos

675 4400 799 4494 ivit
828 4419 1108 4494 medius
1136 4420 1471 4517 princeps
1503 4422 1960 4518 supradictus
1990 4446 2005 4511 ;
2043 4422 2366 4496 fimbrias
2394 4422 2721 4519 pluvialis
2752 4420 2967 4495 simul
2994 4420 3345 4495 collectas

678 4542 982 4639 portavit
1014 4544 1099 4616 D.
1129 4542 1512 4641 episcopus
1542 4542 2073 4619 Alexandrinus
2104 4546 2452 4621 assistens
2481 4574 2496 4634 ;
2532 4552 2698 4643 post
2725 4544 3147 4642 pontificem
3178 4567 3353 4617 cru-

681 4689 840 4741 cem
872 4668 1176 4764 portavit
1207 4692 1392 4741 unus
1423 4667 1834 4742 auditorum
1873 4675 2057 4759 rote,
2109 4680 2407 4767 propter
2436 4670 3049 4745 subdiaconorum
3079 4668 3349 4743 absen-

681 4789 880 4881 tiam,
944 4800 1014 4865 et
1064 4815 1318 4867 ensem
1373 4816 1540 4867 cum
1579 4794 1909 4891 cappello
1955 4798 2039 4869 D.
2090 4796 2535 4891 Augustinus
2566 4796 2655 4869 de
2703 4792 3347 4885 PiccolominibuS,

681 4912 1032 5011 acolytus
1064 4917 1530 5012 apostolicuS,
1609 4918 1702 4992 ad
1759 4919 2126 4993 sinistram
2184 4919 2538 5015 portantis
2602 4942 2898 4994 crucem
2964 4918 3347 5009 incedens,

677 5049 972 5137 propter
999 5040 1428 5115 clericorum
1477 5066 1768 5120 camere
1810 5044 2244 5119 absentiam.
2292 5048 2484 5142 Papa
2528 5044 2726 5119 dedit
2762 5044 3353 5119 benedictionem

675 5164 974 5241 dicturis
999 5165 1388 5240 lectionem
1419 5174 1492 5241 et
1522 5168 2018 5244 absolutiones
2048 5169 2227 5266 legit
2252 5193 2341 5243 ex
2372 5170 2585 5245 libro.
2611 5169 2927 5243 Primam
2956 5168 3355 5242 lectionem
