3625 6059
208 547 445 610 [Octobre
480 547 629 608 1494]
834 546 1093 604 RERUM
1140 546 1596 605 URBANARUM
1646 549 2167 609 COMMENTARH.
2769 563 2872 618 189

212 725 405 776 more
435 701 651 776 solito
682 699 775 774 ad
804 699 1061 776 domus
1079 724 1249 774 suas
1276 701 1671 794 redierunt,
1698 705 2040 781 mulieres
2063 709 2608 806 consanguinee
2630 717 2703 785 et
2731 713 2870 788 alie

210 851 341 925 que
372 829 577 902 circa
609 827 825 900 funus
854 825 930 899 in
961 825 1181 900 domo
1208 826 1573 918 sederant,
1603 828 1836 926 ipsum
1871 832 2089 906 etiam
2126 855 2354 930 usque
2389 835 2480 908 ad
2517 835 2868 911 feretrum

209 955 343 1026 sive
392 953 839 1028 catalectum
887 951 963 1025 in
1008 951 1121 1025 via
1164 953 1483 1049 positum
1522 954 1828 1045 iverunt,
1879 957 1995 1030 ubi
2043 958 2393 1033 fleverunt
2433 967 2506 1034 et
2553 962 2870 1036 ululave-

210 1084 363 1152 runt
385 1102 771 1176 quousque
802 1077 1333 1176 deportaretur,
1372 1084 1457 1152 et·
1481 1078 1649 1153 inde
1690 1105 1917 1176 usque
1957 1082 2047 1154 ad
2079 1082 2468 1158 ecclesiam
2509 1110 2656 1161 non
2691 1097 2858 1161 sunt

208 1210 485 1293 secute;
522 1203 673 1292 ubi,
710 1202 951 1276 officio
983 1203 1217 1295 finite,
1241 1203 1509 1277 iterum
1537 1205 1822 1295 flentes,
1859 1207 2162 1281 cadaver
2191 1208 2434 1305 sepius
2467 1221 2635 1286 sunt
2663 1214 2872 1287 deos-

207 1332 466 1420 culate,
509 1355 689 1428 quas
732 1330 1001 1406 ibidem
1050 1331 1247 1405 circa
1308 1329 1523 1402 funus
1569 1330 2028 1406 immisimus.
2087 1336 2246 1408 Mos
2295 1359 2516 1430 quem
2567 1359 2872 1412 romane

208 1463 741 1532 consueverunt
786 1455 1004 1528 etiam
1054 1456 1144 1529 ad
1194 1479 1447 1529 eorum
1496 1457 1846 1530 cadavera
1893 1481 1908 1530 :
1961 1457 2182 1531 funus
2226 1459 2299 1531 in
2343 1459 2508 1534 aula
2545 1462 2863 1558 ponitur,

208 1582 391 1676 quod
426 1581 774 1655 mulieres
812 1581 887 1654 in
930 1580 1095 1653 aula
1133 1579 1774 1670 circumsedenteS,
1809 1580 2197 1657 invitantur
2234 1585 2757 1682 consanguinei
2794 1595 2866 1660 et

210 1707 459 1780 fratres
505 1731 639 1804 per
676 1707 1291 1804 proclamatores;
1335 1706 1682 1780 feretrum
1713 1707 2006 1804 ponitur
2044 1707 2118 1779 in
2157 1708 2398 1783 medio
2433 1709 2570 1800 vie,
2615 1734 2874 1785 accen-1

210 1831 471 1904 duntur
510 1831 903 1920 intorticia,
952 1853 1175 1925 quum
1209 1832 1522 1929 primum
1562 1831 1838 1906 invitati
1869 1833 2111 1905 venire
2157 1833 2534 1931 incipiunt,
2583 1843 2652 1908 et
2693 1837 2864 1910 hinc

211 1963 273 2028 et
312 1956 488 2031 inde
536 1957 734 2031 circa
776 1957 1021 2031 feretri
1067 1955 1311 2030 locum
1360 1957 1717 2042 locantur,
1757 1957 1906 2030 sive
1951 1978 2084 2053 per
2125 1957 2411 2032 illorum
2457 1965 2864 2056 portatores

212 2087 577 2173 tenentur-3
604 2082 872 2158 funesti
898 2083 1115 2166 etiam
1150 2081 1421 2156 ibidem
1444 2082 1777 2156 locantur
1806 2088 1881 2155 et
1910 2079 2335 2156 ordinantur
2364 2083 2535 2159 hinc
2567 2092 2639 2158 et
2660 2085 2856 2174 inde,

210 2206 297 2280 ita
340 2207 543 2305 quod
592 2207 787 2282 inter
841 2209 1163 2282 funestos
1222 2217 1295 2283 et
1355 2207 1879 2283 intorticiorum
1909 2213 2315 2304 portatores
2369 2210 2722 2286 feretrum
2776 2212 2868 2285 sit

210 2331 550 2408 medium.

298 2461 432 2530 Per
462 2465 672 2555 parte
704 2459 821 2533 del
865 2459 1277 2534 santissimo
1314 2460 1390 2532 in
1431 2459 1716 2533 Christo
1761 2460 1984 2557 padre
2019 2459 2268 2556 signor
2305 2467 2582 2552 nostro,
2619 2462 2867 2559 signor

213 2581 641 2657 Alessandro
659 2607 791 2681 per
811 2584 883 2658 la
906 2585 1141 2658 divina
1166 2585 1397 2681 gratia
1428 2588 1623 2682 Papa
1646 2591 1868 2676 sest0,
1895 2585 2376 2682 primamente
2409 2585 2468 2659 si
2497 2587 2792 2662 notifica
2823 2611 2864 2661 e

214 2705 525 2782 dichiara
569 2734 613 2782 a
662 2709 1055 2783 chiascuna
1094 2732 1431 2807 persona,
1474 2710 1611 2784 che
1664 2733 1795 2808 per
1846 2718 2105 2807 questo
2154 2718 2493 2807 presente
2546 2711 2784 2786 bando
2825 2737 2866 2784 e

214 2835 885 2910 commendamento
912 2858 1061 2909 non
1086 2835 1443 2908 s’intende
1473 2836 1955 2934 perjiudicare
1985 2835 2098 2908 all’
2133 2835 2293 2908 altri
2330 2835 2546 2909 bandi
2591 2859 2632 2909 e
2661 2857 2866 2908 com-

213 2959 694 3034 mendamenti
730 2963 849 3059 gia
883 2961 1034 3035 fatti
1075 2984 1207 3058 per
1246 2969 1449 3059 parte
1494 2960 1612 3034 del
1653 2961 2048 3035 reverendo
2093 2962 2314 3058 padre
2359 2961 2864 3034 archivescovo

210 3081 273 3154 di
300 3089 713 3161 Terracona
752 3093 1226 3183 governatore
1256 3092 1546 3184 passato
1578 3084 1744 3159 dell'
1774 3085 1986 3159 Alma
2015 3085 2190 3158 citta
2220 3084 2292 3157 di
2324 3089 2577 3176 Roma,
2615 3107 2708 3158 ne
2744 3109 2862 3158 re-

208 3205 465 3284 lassare
500 3209 763 3286 alcuna
790 3233 983 3308 pena
1011 3209 1083 3282 in
1117 3209 1259 3284 essi
1286 3214 1707 3301 contenuta,
1740 3233 1862 3282 ma
1889 3210 2026 3284 che
2058 3209 2484 3307 rimangano
2521 3210 2757 3299 fermi,
2786 3195 2873 3283 et·

210 3331 277 3404 in
307 3355 433 3408 suo
457 3336 719 3410 robore
754 3335 963 3433 juxta
1003 3335 1075 3408 la
1102 3335 1549 3410 continentia
1588 3357 1629 3409 e
1660 3341 1914 3409 tenore
1946 3333 2016 3407 di
2056 3335 2231 3408 detti
2258 3333 2472 3408 bandi
2501 3334 2852 3409 mandati.

302 3463 475 3534 Item
502 3483 639 3559 per
667 3469 872 3559 parte
917 3459 987 3534 di
1024 3484 1153 3534 sua
1193 3461 1647 3535 Beatitudine
1695 3460 1752 3533 si
1798 3460 1874 3533 fa
1917 3460 2215 3534 bandire
2261 3485 2301 3534 e
2343 3461 2860 3536 commendare

212 3583 337 3657 che
366 3587 524 3659 tutti
556 3611 597 3660 e
629 3586 892 3684 singoli
926 3587 1231 3660 Romani
1271 3593 1343 3661 et
1386 3585 1547 3660 altri
1584 3585 1847 3660 sudditi
1877 3586 2069 3659 della
2107 3591 2312 3661 santa
2344 3587 2519 3662 sede
2563 3593 2860 3684 aposto·
2903 3631 2910 3638 ·

212 3707 339 3782 lica
363 3733 401 3784 e
430 3718 637 3786 santa
666 3712 951 3804 Chiesa,
998 3735 1213 3786 overo
1254 3711 1606 3786 habitanti
1642 3710 1713 3784 in
1742 3710 1964 3808 luogo
2007 3711 2074 3783 d’
2113 3735 2278 3786 essa
2307 3711 2558 3786 chiesa
2587 3712 2660 3786 di
2690 3736 2864 3809 qua-

214 3831 460 3932 lunque
502 3844 716 3929 stato,
760 3837 984 3934 grado
1032 3861 1073 3911 e
1114 3837 1529 3912 conditione
1571 3837 1630 3910 si
1676 3835 1807 3925 sia,
1855 3841 2054 3918 tanto
2101 3835 2266 3910 laici
2311 3844 2583 3934 quanto
2627 3838 2860 3913 eccle-

221 3960 485 4053 siastici,
520 3963 661 4037 che
689 3962 971 4036 fossero
1012 3961 1079 4036 al
1108 3969 1450 4059 presente
1487 3962 1607 4036 alli
1634 3960 1974 4058 stipendii
2015 3984 2054 4035 e
2090 3961 2351 4035 servitii
2387 3960 2459 4034 di
2498 3966 2854 4060 Prospero

226 4107 261 4157 e
286 4089 579 4162 Fabritio
610 4089 937 4164 Colonna
965 4095 1039 4162 et
1073 4088 1143 4160 di
1172 4087 1560 4162 Antonello
1592 4087 1872 4176 Savelli,
1901 4111 1944 4159 o
1971 4086 2130 4161 loro
2163 4086 2427 4160 fratelli
2457 4087 2766 4182 Trojano
2787 4095 2860 4161 et

226 4212 433 4288 Troilo
464 4215 721 4290 Savelli
750 4239 793 4288 o
826 4213 1191 4288 Girolamo
1221 4215 1435 4286 Tutta
1461 4213 1677 4302 Villa,
1704 4235 1959 4287 ovvero
1991 4211 2153 4285 altri
2182 4211 2584 4285 condu’tieri
2610 4235 2652 4286 e
2689 4235 2860 4286 con-
2893 4287 2898 4292 ,

233 4339 532 4430 testabiIi,
568 4347 765 4415 tanto
807 4364 850 4413 a
890 4338 1083 4436 piedi
1125 4345 1397 4434 quanto
1444 4361 1486 4410 a
1524 4337 1793 4412 cavallo
1842 4335 2222 4411 adherenti
2272 4336 2390 4410 alli
2442 4336 2777 4435 predetti,
2813 4361 2857 4410 o

237 4462 311 4534 ad
338 4465 578 4542 alcuno
614 4467 687 4541 di
730 4467 889 4541 loro
930 4464 1116 4539 infra
1164 4463 1471 4538 termine
1516 4463 1588 4536 di
1640 4462 1741 4537 sei
1792 4461 1865 4534 di
1909 4461 2098 4536 dalla
2143 4461 2630 4557 publicatione
2673 4460 2860 4534 della

240 4598 559 4682 presente,
597 4591 702 4665 sei
744 4591 818 4664 di
847 4589 912 4664 d'
948 4590 1259 4677 ottobre,
1296 4587 1463 4662 delli
1508 4587 1701 4684 quali
1744 4586 1885 4660 due
1927 4609 2058 4683 per
2096 4585 2146 4659 il
2174 4586 2436 4684 prime,
2475 4585 2616 4660 due
2650 4610 2782 4682 per
2809 4585 2857 4660 il

244 4717 516 4791 secondo
558 4741 599 4790 e
644 4715 787 4790 due
833 4737 967 4812 per
1007 4715 1050 4786 l‘
1095 4713 1375 4801 ultim0,
1430 4735 1469 4786 e
1518 4711 1916 4809 perintorio
1961 4711 2267 4784 termine
2322 4711 2379 4782 s'
2416 4733 2852 4809 assegnanO,

244 4833 527 4915 debbano
570 4863 819 4917 essere
865 4839 1105 4940 partiti
1157 4837 1249 4911 da
1294 4837 1451 4911 loro
1494 4837 1853 4934 stipendio
1897 4863 1935 4912 e
1980 4838 2268 4912 servitio
2313 4861 2448 4912 con
2494 4840 2664 4935 ogni
2703 4841 2859 4914 loro

246 4958 451 5055 rabba,
496 4967 677 5040 armi
722 4989 763 5040 e
811 4965 1088 5056 cavalli,
1125 4987 1165 5038 e
1198 4961 1783 5062 personalmente
1810 4961 2250 5060 presentarsi
2297 4961 2369 5034 in
2401 4966 2656 5052 Roma,
2701 4964 2858 5037 cioe

245 5083 318 5179 gli
345 5083 799 5168 ecclesiastici
828 5090 1111 5167 innanzi
1142 5091 1208 5164 al
1251 5088 1647 5162 reverendo
1674 5109 2146 5162 arcevescovo
2178 5085 2249 5159 di
2283 5089 2568 5184 Ragusa
2598 5088 2668 5161 al
2691 5111 2859 5184 pre-
2920 5165 2928 5170 ,

244 5219 414 5288 sente
460 5223 933 5313 governatore
988 5215 1059 5289 di
1117 5220 1374 5302 Roma,
1420 5235 1459 5286 e
1509 5212 1559 5285 li
1618 5210 1924 5288 secolari
1981 5210 2049 5286 al
2105 5210 2388 5306 palazzo
2457 5210 2856 5307 apostolico
