3625 6059
269 606 577 671 [88181485]
905 604 1159 665 RERUM
1206 606 1663 665 URBANARUM
1706 607 2231 665 COMMENTARII.
2801 612 2912 667 243

354 760 559 835 Feria
586 762 866 856 quinta,
894 764 985 833 26
1004 760 1177 836 dicti
1199 762 1470 836 mensis
1500 762 1870 855 februarii,
1899 761 2148 837 civitas
2177 762 2528 859 Gajetana
2551 762 2918 847 devotioni

272 885 441 983 regis
486 885 783 960 Francie
832 910 915 961 se
974 887 1345 977 submisi13
1380 893 1617 962 castro
1676 888 1825 987 regi
1875 888 2350 986 Neapolitano
2398 888 2638 963 adhuc
2696 878 2921 963 fidem

274 1018 606 1087 servante.

356 1137 557 1211 Feria
594 1147 855 1235 quarta
892 1141 1247 1233 cinerum,
1284 1148 1326 1214 4
1360 1140 1633 1215 mensis
1664 1141 1934 1231 martii,
1971 1144 2098 1215 SS.
2143 1144 2226 1214 D.
2264 1149 2514 1215 noster
2540 1140 2612 1212 in
2647 1136 2927 1236 capella

272 1262 555 1361 majore,
582 1263 951 1339 cineribus
973 1272 1047 1341 et
1064 1266 1204 1341 illis
1221 1290 1266 1340 a
1285 1266 1630 1341 cardinali
1658 1290 1716 1339 s,
1746 1266 2068 1366 Dionysii
2095 1266 2555 1341 celebraturo
2577 1263 2920 1362 receptis,

268 1386 445 1461 dedit
488 1410 613 1463 eas
670 1389 801 1479 illi,
870 1399 943 1466 et
1002 1392 1411 1467 successive
1468 1392 1649 1467 aliis.
1710 1396 2061 1467 Cantores
2103 1414 2253 1467 non
2311 1395 2696 1467 cantarunt
2739 1389 2927 1469 anti-

269 1513 567 1610 phonam
604 1514 935 1609 E'oeaudi,
976 1541 1117 1614 que
1168 1518 1387 1593 etiam
1425 1518 1502 1591 in
1546 1518 1733 1593 libro
1786 1523 1980 1617 Pape
2021 1517 2208 1592 male
2259 1526 2372 1595 est
2415 1520 2688 1616 scripta
2747 1516 2920 1607 (hoc

270 1640 480 1715 estin
541 1641 1076 1741 completorio).
1131 1646 1477 1720 Cantor-es
1542 1649 1927 1717 cantarunt
1977 1650 2293 1720 tractum
2356 1652 2426 1721 et
2485 1644 2796 1717 Sanctus
2845 1644 2920 1715 in

262 1768 524 1864 Qum,
562 1779 697 1841 etc.
712 1794 743 1855 ,·
772 1773 847 1842 et
874 1767 1063 1842 male
1098 1768 1258 1861 fuit,
1295 1770 1465 1866 quia
1480 1769 1572 1843 ah
1603 1770 1942 1843 omnibus
1971 1770 2546 1869 blasphematus.
2585 1774 2670 1843 D.
2703 1768 2924 1844 Ville-

266 1890 459 1981 18188,
512 1892 743 1967 abbas
797 1895 1453 1993 Lucemburgensis
1530 1894 1960 1994 appellatus,
2032 1897 2360 1995 pandens
2416 1919 2493 1972 se
2552 1903 2920 1971 oratorem

268 2018 693 2093 serenissimi
724 2018 1191 2096 Maximiliani
1223 2025 1715 2099 Romanorum
1744 2022 1938 2120 regis
1968 2045 2156 2116 esse,
2193 2023 2373 2099 false
2405 2029 2676 2113 tamen,
2705 2024 2924 2118 prout

268 2264 325 2322 de
354 2267 505 2336 jours
535 2270 705 2339 apres
735 2268 791 2325 la
826 2270 971 2337 suite
1010 2272 1087 2327 du
1124 2271 1485 2329 σαν-(11118188
1530 2274 1776 2336 Valence,
1808 2280 1860 2329 et
1903 2274 2167 2329 discit-on
2203 2273 2342 2344 qu'il
2377 2275 2470 2341 fut
2507 2274 2672 2329 baille
2708 2273 2918 2345 empci-

264 2360 425 2412 εωιπέ.
466 2378 495 2407 »
546 2357 651 2427 (De
700 2362 876 2414 meme
924 2358 1315 2429 Guiccierdini,
1365 2359 1689 2431 Paul-Jove,
1729 2360 1766 2420 l.
1821 2361 1889 2431 11,
1951 2365 2079 2433 etc.)
2122 2361 2204 2418 On
2253 2379 2286 2417 8
2339 2379 2412 2417 vu
2459 2362 2914 2436 precedemment,

263 2459 373 2517 pag.
402 2447 522 2517 210,
552 2452 688 2503 note
720 2449 772 2515 1,
805 2466 913 2521 que
944 2448 995 2505 le
1026 2448 1266 2506 cardinal
1295 2450 1364 2506 de
1391 2450 1574 2506 Gurck
1610 2451 1751 2507 dans
1780 2468 1890 2507 une
1929 2450 2308 2507 conversation
2341 2468 2472 2508 avec
2499 2450 2550 2507 le
2578 2450 2789 2507 notaire
2816 2451 2918 2507 flo-

266 2534 423 2591 rentin
447 2535 793 2595 Alessandro
822 2537 1017 2595 Bmcci
1049 2540 1103 2609 (8
1132 2537 1269 2595 avril
1301 2540 1485 2611 1499),
1514 2539 1593 2596 lui
1620 2540 1767 2598 avait
1794 2540 1878 2598 dit
1907 2562 1936 2591 κ
1966 2540 2097 2615 qu’il
2131 2539 2310 2598 savait
2340 2558 2446 2615 que
2475 2540 2526 2597 18
2563 2540 2920 2617 Grand-Turc

266 2623 387 2681 avait
412 2626 565 2685 offert
591 2646 665 2685 au
694 2645 841 2702 pape
864 2628 1110 2698 200‚000
1140 2630 1335 2687 (188818
1364 2628 1451 2686 8’11
1480 2629 1663 2687 1818811
1686 2629 1893 2687 mourir
1924 2646 2026 2687 son
2065 2630 2202 2687 frere
2237 2628 2424 2700 Zizim,
2455 2634 2510 2687 81
2537 2630 2676 2701 qu'il
2697 2630 2920 2701 pentsait

272 2715 327 2771 de
354 2716 403 2771 la
428 2723 567 2773 mort
601 2719 669 2773 de
711 2718 930 2774 celui-ci
956 2736 1013 2775 ce
1045 2720 1183 2793 qu’il
1215 2722 1497 2776 convenait
1530 2723 1651 2777 d'en
1678 2738 1901 2793 penser.
1938 2742 1967 2771 n
2000 2720 2075 2775 Le
2115 2718 2326 2775 conseil
2353 2718 2452 2775 des
2484 2718 2591 2774 Dix
2620 2717 2842 2777 ecrivait
2869 2718 2920 2775 le

268 2804 297 2861 4
319 2822 451 2863 mars
478 2807 616 2864 1495
644 2810 680 2863 8
727 2824 831 2863 son
862 2808 1261 2865 ambassadeur
1289 2812 1323 2866 8
1350 2806 1823 2884 Constantinople,
1853 2810 2038 2866 Andre
2070 2806 2252 2877 Gritti,
2285 2808 2354 2864 de
2391 2807 2523 2864 faire
2559 2811 2919 2864 secretement

268 2894 428 2951 saveir
454 2894 523 2953 au
552 2894 755 2953 Sultan
786 2914 995 2953 comme
1026 2896 1077 2954 18
1106 2896 1187 2955 roi
1216 2898 1285 2955 de
1314 2896 1357 2953 F
1356 2914 1539 2967 rauce,
1573 2916 1635 2954 se
1668 2898 1902 2955 rendant
1935 2900 1968 2953 a
1993 2895 2219 2971 Naples.
2257 2918 2285 2949 «
2317 2896 2456 2955 Fece
2484 2896 2694 2953 condur
2721 2912 2825 2951 con
2855 2911 2916 2951 88

266 2981 391 3041 (11810
416 2982 601 3059 signor
633 2985 846 3059 (Zizim)
879 2986 929 3043 81
958 2987 1087 3061 qual
1115 2987 1293 3045 alcuni
1324 2988 1379 3044 di
1415 2986 1601 3045 avanti
1628 3004 1721 3044 era
1749 2986 1984 3045 88181810
2015 2987 2080 3042 ed
2121 2985 2334 3043 haveva
2362 2984 2414 3042 18
2443 2984 2572 3059 gola
2595 2984 2818 3052 enfiata,
2847 2985 2918 3041 da

266 3080 391 3131 certa
416 3074 629 3133 (1188888
657 3076 716 3131 (11
750 3082 963 3133 catarro
990 3076 1092 3133 che
1120 3075 1211 3150 poi
1244 3074 1281 3131 li
1308 3077 1537 3134 decorse
1569 3076 1659 3133 nel
1689 3082 1842 3150 petto
1872 3075 1928 3133 in
1958 3076 2118 3132 modo
2148 3075 2248 3131 che
2287 3080 2662 3149 quantumque
2694 3073 2729 3128 li
2765 3074 2915 3128 fosse

267 3168 338 3219 sta
354 3168 515 3223 tracto
542 3184 786 3241 sangue,
819 3184 928 3222 non
948 3172 1195 3224 recevete
1224 3172 1355 3241 pero
1386 3164 1633 3236 rimedio,
1663 3182 1754 3222 ma
1781 3183 1814 3221 a
1845 3166 1901 3221 di
1929 3167 2002 3222 25
2029 3164 2118 3222 (181
2150 3182 2296 3223 mese
2336 3170 2564 3237 passato
2601 3162 2670 3219 (18
2707 3161 2912 3220 matina

265 3248 311 3305 in
334 3251 512 3329 Napoli
538 3253 689 3311 dicto
734 3253 928 3329 signer
959 3254 1094 3313 Gem
1123 3272 1185 3313 88
1212 3272 1283 3312 ne
1312 3256 1505 3313 merite
1534 3256 1602 3313 de
1630 3262 1802 3313 morte
1832 3255 2100 3313 naturale.
2133 3256 2202 3313 Et
2227 3259 2426 3327 questo
2455 3256 2484 3308 8
2512 3251 2840 3309 certissimo.
2874 3273 2904 3303 s>

266 3337 476 3398 Ludovie
500 3341 553 3401 18
585 3346 745 3401 More
780 3343 1067 3417 repondait
1091 3346 1125 3401 8
1152 3343 1587 3402 l’ambassadeur
1615 3344 1867 3403 venetie-n
1897 3346 2191 3403 Sebastien
2223 3344 2436 3401 Badoer
2464 3342 2558 3416 qui
2587 3341 2662 3397 lui
2690 3358 2902 3398 annon-

266 3427 357 3496 8811
376 3427 427 3486 18
452 3440 593 3495 mort
617 3433 697 3489 du
729 3432 917 3507 prince
940 3439 1061 3490 turc
1092 3452 1107 3490 ε
1142 3456 1173 3486 «
1201 3434 1309 3492 Vui
1337 3434 1451 3492 dite
1479 3434 1517 3491 11
1545 3452 1696 3507 vero,
1728 3442 1928 3510 questa
1957 3441 2130 3492 morte
2169 3452 2198 3491 e
2227 3434 2286 3490 di
2315 3432 2526 3507 grande
2555 3430 2910 3505 importanza3

264 3532 341 3573 ma
362 3522 391 3577 8
413 3526 561 3579 tanto
594 3522 855 3597 maggior
888 3522 1065 3581 carico
1102 3542 1135 3581 8
1172 3540 1433 3599 graveas
1470 3524 1519 3581 si
1556 3530 1667 3601 puo
1694 3543 1725 3582 8
1762 3525 1902 3581 deve
1937 3526 2040 3581 dar
2075 3541 2175 3598 per
2204 3522 2329 3581 tutti
2368 3520 2654 3580 christiani
2682 3519 2736 3578 81
2771 3536 2828 3577 re
2857 3518 2914 3575 di

268 3604 447 3665 Franza
472 3611 569 3668 8118
601 3612 691 3673 818
726 3618 872 3673 81810
912 3629 1083 3670 88888
1108 3612 1165 3669 (11
1204 3611 1385 3688 quella
1422 3612 1478 3669 in
1521 3613 1705 3670 averlo
1743 3614 1879 3672 tolto
1915 3613 2006 3672 (181
2044 3613 2326 3670 Ponteflce
2453 3630 2484 3669 e
2511 3609 2679 3669 fatolo
2721 3609 2916 3665 mudar

268 3714 372 3753 aere
407 3700 715 3759 sanz’aleun
754 3710 993 3777 respeto.
1041 3725 1071 3755 >³
1114 3702 1256 3775 (Cite
1284 3721 1340 3777 p.
1373 3704 1669 3776 Romenin,
1700 3708 1846 3764 Scor.
1881 3708 2092 3764 docum.
2129 3706 2191 3761 di
2232 3708 2480 3774 Venena,
2521 3710 2564 3761 t.
2603 3700 2675 3771 V,
2717 3718 2772 3775 p.
2813 3701 2909 3766 61,

268 3793 375 3843 note
406 3792 480 3861 2.)
522 3791 677 3849 Voici
730 3791 785 3849 18
824 3792 1052 3849 relation
1100 3792 1169 3849 (18
1218 3792 1431 3850 Marino
1476 3793 1701 3851 Sanudo
1739 3794 1836 3869 qui
1875 3793 2027 3851 vient
2077 3792 2368 3851 confirmer
2403 3808 2496 3849 888
2535 3789 2682 3846 deux
2719 3787 2910 3845 188101-

268 3892 454 3952 gunges
485 3896 499 3936 ε
533 3904 563 3933 «
590 3882 655 3937 In
684 3888 889 3957 questo
916 3898 1079 3941 zorno
1114 3882 1170 3937 di
1198 3900 1310 3939 xxv
1348 3881 1546 3939 Fevrer
1574 3884 1797 3941 acadete
1826 3901 1958 3941 cosa
1985 3882 2044 3939 in
2071 3882 2270 3957 Napoli
2305 3880 2472 3939 molto
2500 3878 2715 3947 acerba,
2749 3883 2812 3934 ut
2838 3876 2914 3933 ita

266 3962 435 4038 dicam,
465 3986 498 4026 a
522 3975 666 4028 18118
695 3970 751 4026 18
772 3970 1121 4031 8111181188118
1152 3989 1167 4028 z
1200 3972 1301 4028 che
1332 3971 1485 4029 Giem
1508 3974 1729 4044 sultam,
1750 3972 1963 4030 fratello
1979 3972 2054 4029 dil
2083 3990 2222 4045 gran
2251 3972 2447 4041 Turco,
2479 3968 2529 4025 81
2559 3966 2688 4042 qual
2715 3971 2912 4041 questo

268 4051 335 4109 Re
350 4056 477 4115 10188
504 4059 591 4115 dal
621 4058 891 4117 pontifice
922 4068 977 4118 et
1004 4060 1057 4119 lo
1098 4066 1259 4121 meno
1291 4077 1394 4118 con
1425 4061 1521 4133 lui,
1553 4070 1609 4121 81
1633 4062 1691 4118 in
1720 4062 1935 4120 camino
1965 4061 2150 4119 avanti
2183 4059 2230 4117 el
2259 4060 2343 4116 Re
2373 4059 2610 4116 intrasse
2637 4056 2694 4111 in
2723 4054 2915 4128 Capua

270 4142 509 4219 simale,
539 4150 593 4206 fo
619 4150 909 4224 divulgato
938 4150 1011 4207 da
1033 4144 1238 4220 catate,
1272 4151 1322 4207 el
1353 4151 1482 4225 qual
1510 4152 1544 4209 li
1574 4170 1667 4210 era
1696 4152 1915 4209 disceso
1946 4152 2002 4207 in
2033 4168 2144 4208 uno
2173 4150 2332 4219 ochio
2361 4155 2418 4205 et
2443 4146 2532 4205 nel
2570 4152 2844 4219 stomego,
2875 4158 2909 4200 o

271 4250 379 4290 vero
402 4237 545 4296 fusse
573 4256 787 4312 reuma,
818 4246 999 4297 tamen
1030 4238 1173 4299 intro
1201 4240 1259 4301 in
1286 4240 1495 4316 Capua,
1530 4249 1585 4299 et
1613 4249 1770 4300 stava
1798 4258 2013 4315 sempre
2044 4256 2272 4313 api-esso
2301 4238 2389 4295 del
2412 4236 2514 4294 Re.
2542 4236 2608 4293 Et
2633 4252 2736 4310 pur
2764 4250 2912 4291 cres-

269 4324 453 4381 cendoli
496 4326 545 4384 81
581 4326 714 4398 mal,
754 4327 811 4383 fu
842 4336 1060 4403 portato
1103 4329 1157 4385 in
1196 4328 1331 4391 bun
1372 4327 1430 4386 in
1469 4332 1697 4400 Aversa,
1740 4330 1832 4404 poi
1869 4330 1927 4384 in
1967 4327 2182 4401 Napoli,
2224 4328 2363 4384 dove
2401 4324 2439 4381 11
2475 4323 2671 4381 medici
2708 4322 2748 4378 li
2785 4324 2910 4379 18110

274 4412 411 4471 molta
436 4416 769 4490 provisione,
809 4421 1053 4477 cavando
1082 4436 1297 4495 sangue
1327 4426 1384 4481 et
1410 4419 1531 4478 altri
1559 4419 1792 4489 rimedii,
1825 4426 1882 4477 et
1907 4417 2173 4491 alquanto
2197 4414 2470 4491 miglioro.
2503 4414 2614 4469 Pur
2639 4410 2694 4467 18
2719 4409 2908 4467 febbre

278 4498 305 4553 Ιί
336 4512 580 4577 81888818,
612 4508 756 4564 onde
794 4526 905 4565 non
942 4507 1085 4566 volle
1124 4508 1441 4585 provisione
1476 4509 1671 4567 alcuna
1708 4510 1832 4580 che,
1863 4508 1941 4566 ita
1977 4507 2194 4565 volente
2232 4506 2369 4575 fat0,
2399 4504 2457 4559 in
2485 4507 2682 4576 questa
2709 4499 2916 4557 11181188

278 4591 457 4663 expuo,
486 4594 655 4653 fermo
684 4614 716 4653 8
756 4604 1007 4655 80818818
1048 4617 1115 4655 ne
1156 4598 1209 4654 18
1244 4599 1367 4655 fede
1398 4617 1515 4661 soa.
1557 4600 1635 4655 La
1671 4598 1801 4674 qual
1838 4605 2009 4655 morte
2047 4598 2101 4652 fo
2143 4592 2515 4669 grandissimo
2552 4591 2737 4646 danno
2777 4591 2824 4645 81
2861 4586 2914 4645 81

282 4677 345 4735 Re
385 4681 433 4737 di
474 4683 679 4742 Franza
724 4705 889 4761 quam
935 4707 969 4745 8
1005 4695 1150 4747 18118
1186 4689 1343 4747 ltalia
1380 4695 1434 4747 81
1479 4690 1713 4751 maxime
1750 4689 1803 4747 al
1843 4688 2150 4755 Pontifice;
2189 4686 2290 4741 che
2338 4684 2390 4741 lo
2427 4681 2582 4757 privo
2618 4681 2686 4736 de
2725 4678 2908 4735 ducati

282 4766 336 4821 ⁴0
360 4767 493 4828 milia
518 4773 670 4831 d'oro
710 4776 919 4835 haveva
947 4778 1081 4853 ogni
1109 4796 1253 4835 anno
1281 4780 1355 4835 (18
1395 4796 1497 4836 880
1525 4778 1756 4848 11818110,
1784 4795 1886 4852 per
1919 4794 2092 4833 caxon
2123 4775 2358 4831 havesse
2386 4770 2638 4828 custodia
2665 4770 2734 4825 de
2761 4767 2906 4827 lui...

282 4855 337 4914 Et
371 4862 415 4919 el
452 4864 529 4923 Re
578 4868 635 4925 di
684 4874 883 4943 questa
918 4874 1090 4925 morte
1136 4866 1401 4926 dimostro
1439 4869 1609 4926 haver
1645 4886 1783 4943 gran
1823 4868 1997 4935 dolor,
2029 4870 2088 4921 et
2125 4866 2516 4937 sospettavano
2557 4858 2608 4918 el
2644 4858 2910 4917 Pontifice

284 4964 370 5005 non
398 4971 461 5025 ge
486 4955 759 5016 l‘havesse
787 4958 915 5016 dato
941 4956 1263 5017 attossicato
1290 4976 1325 5015 a
1352 4964 1595 5015 termene
1628 4975 1641 5013 :
1666 4958 1719 5015 la
1745 4955 1873 5033 qual
1901 4972 2035 5012 cosa
2051 4972 2164 5011 non
2195 4959 2313 5011 erat
2329 4952 2682 5021 credendum,
2705 4947 2908 5023 perche

282 5040 477 5101 sarebbe
514 5052 657 5105 stato
698 5066 799 5105 suo
834 5049 1036 5106 danne.
1070 5048 1145 5105 Or
1182 5066 1335 5106 come
1374 5046 1424 5105 si
1458 5047 1632 5116 fusse,
1666 5046 1889 5117 morite3
1921 5051 1977 5102 81
2002 5045 2062 5101 fu
2089 5044 2180 5119 poi
2209 5044 2266 5100 in
2305 5041 2558 5118 deposito
2587 5040 2845 5096 mandato
2875 5055 2908 5092 8

288 5122 446 5190 (heta.
475 5134 701 5207 Questo,
728 5144 934 5195 mentre
964 5154 1059 5195 era
1085 5136 1141 5194 in
1184 5137 1416 5206 camino,
1451 5152 1545 5193 era
1581 5135 1858 5193 custodito
1884 5135 1956 5191 da
1995 5136 2136 5191 1000
2163 5133 2396 5191 franzesi
2425 5139 2482 5191 et
2507 5130 2644 5188 altre
2674 5144 2908 5203 genera-

286 5210 433 5285 tione:
458 5222 613 5282 havia
649 5244 753 5284 con
790 5226 861 5285 lui
904 5226 1083 5285 turchi
1112 5227 1213 5284 che
1251 5226 1305 5285 lo
1344 5226 1577 5297 serviva,
1610 5232 1666 5283 et
1701 5227 1878 5285 havea
1904 5224 2098 5285 liberta
2125 5224 2196 5282 de
2225 5225 2398 5283 andar
2432 5238 2531 5297 per
2569 5218 2619 5276 81
2649 5234 2840 5291 campo
2878 5234 2911 5274 8

284 5318 369 5360 ³¹¹0
392 5309 577 5381 piacet.
610 5337 641 5367 »
674 5316 775 5387 (La
796 5320 1004 5390 spadix.
1028 5319 1091 5375 αι·
1120 5318 1279 5376 sarto
1313 5318 1457 5387 vm,
1489 5335 1545 5392 p.
1575 5316 1791 5386 243-4.)
