3625 6059
757 582 862 634 430
1538 509 1547 520 ‘
1663 560 2003 620 JOHANNIS
2052 560 2495 625 BURCHARD1‚
3002 558 3207 619 [lanvier
3220 562 3293 623 tw,

747 724 1075 797 oratione
1117 722 1341 795 misse
1369 726 1454 793 ’et
1490 721 1653 812 post
1691 713 2283 788 communionem
2323 712 2498 786 dixit
2534 737 2550 784 ε
2586 712 2935 783 Animam
2972 712 3214 811 famuli
3233 714 3301 801 tui,

741 844 1097 919 Johannis
1115 842 1457 941 princepis
1489 839 1735 929 nostri,
1771 850 1932 929 etc„
1978 844 2050 911 et
2078 838 2221 911 alia
2260 836 2507 911 omnia
2542 843 2705 911 acta
2743 841 2905 909 sunt
2940 834 3160 910 solitis
3186 859 3307 910 cere·

741 972 1031 1045 moniis.

845 1092 1172 1168 Intellexi
1219 1096 1529 1187 quatuor
1576 1088 1798 1163 millia
1845 1088 2065 1162 libras
2116 1111 2285 1163 cere
2334 1088 2555 1163 fuisse
2604 1087 2821 1163 hodie
2866 1087 2939 1160 in
2988 1086 3321 1183 hujusmodi

747 1218 1064 1314 exequiis
1087 1215 1572 1313 dispensatas;
1609 1238 1750 1311 que
1780 1237 1950 1287 cera
1974 1212 2047 1285 in
2079 1212 2415 1287 omnibus
2447 1212 2829 1287 intorticiis
2854 1210 3180 1287 bombice
3202 1235 3327 1285 com-

745 1342 980 1440 posita
1007 1348 1160 1416 erat
1197 1348 1269 1414 et
1303 1340 1404 1414 ita
1439 1338 1825 1438 diligenter
1850 1338 2174 1412 laborata
2215 1361 2299 1411 ac
2342 1338 2399 1410 si
2434 1338 2687 1411 fuisset
2725 1339 2799 1412 in
2842 1340 3031 1413 sesto
3060 1337 3331 1435 purifica-

743 1467 958 1541 tionis
985 1465 1198 1541 beate
1227 1464 1454 1538 Marie
1477 1463 1772 1561 virginis
1804 1461 2315 1561 dispensanda.

834 1590 1046 1665 Feria
1076 1597 1304 1680 sexta,
1346 1596 1433 1665 19
1470 1590 1640 1665 dicti
1682 1590 1954 1663 mensis
1988 1590 2331 1688 Januarii‚
2368 1595 2451 1663 R.
2488 1590 2560 1663 in
2602 1590 2887 1663 Christo
2930 1593 3009 1662 P.
3046 1592 3132 1663 D.
3174 1592 3337 1663 Fran-

744 1716 982 1789 ciscus
1021 1717 1316 1789 Brevius
1357 1716 1714 1812 palatinus
1755 1715 1939 1789 sacri
1977 1715 2223 1811 palatii
2264 1714 2668 1812 apostolici,
2704 1738 3087 1788 causarum
3116 1712 3344 1786 auditor

737 1865 867 1937 per
915 1843 1043 1914 SS.
1086 1845 1172 1914 D.
1219 1844 1303 1914 N.
1344 1839 1835 1915 Alexandrum
1874 1864 2136 1938 papam
2186 1832 2467 1925 sextusm
2517 1841 2591 1913 in
2639 1847 2918 1915 secreto
2970 1838 3345 1914 consistorio

737 1965 1038 2056 electuS‚
1073 1972 1448 2062 promotus
1479 1973 1552 2040 et
1579 1966 2096 2062 pronunciatus
2137 1966 2267 2041 suit
2311 1966 2407 2067 ad
2454 1965 2838 2041 ecclesiam
2884 1970 3343 2041 cenetensem.

736 2112 904 2163 cum
937 2089 1420 2164 reservatione
1453 2091 1775 2164 omnium
1813 2090 2335 2167 beneficiorum
2362 2114 2657 2165 suorum
2688 2092 2907 2164 etiam
2938 2116 3083 2189 que
3112 2097 3352 2187 specta-

735 2215 910 2288 bant
949 2238 1146 2307 eum,
1183 2221 1256 2289 et
1295 2215 1439 2289 loci
1483 2215 1953 2308 auditoratus,
1989 2216 2185 2312 quod
2216 2216 2349 2289 sibi
2381 2216 2514 2290 suit
2556 2240 2688 2313 per
2731 2239 2955 2290 unum
2997 2240 3087 2291 ex
3128 2218 3243 2291 SS.
3284 2217 3349 2286 I).

731 2341 960 2414 nostri
1003 2341 1458 2416 cubiculariis
1503 2342 1594 2415 ad
1637 2349 1868 2416 rotam
1903 2340 2361 2430 nunciatum3
2392 2348 2467 2415 et
2506 2341 2781 2416 ibidem
2821 2365 2953 2439 per
3002 2344 3153 2416 DD.
3187 2338 3357 2413 audi-

722 2474 924 2541 tores
955 2467 1330 2542 decretum
1362 2468 1578 2564 quod,
1609 2466 1981 2541 audientia
2004 2467 2233 2555 finita,
2265 2465 2564 2542 deberet
2594 2490 2737 2565 per
2752 2488 3007 2541 omnes
3034 2460 3361 2541 auditores

735 2616 962 2688 usque
1011 2592 1100 2665 ad
1143 2592 1440 2665 domum
1491 2616 1695 2665 suam
1745 2591 2221 2689 collegialiter
2261 2592 2632 2682 associari,
2678 2597 2893 2689 prout
2936 2593 3200 2666 sactum
3242 2596 3359 2664 est.

728 2716 927 2790 Idem
959 2722 1045 2791 D.
1083 2718 1536 2809 FranciscuS,
1569 2741 1738 2791 cum
1771 2717 2199 2825 surrexisset
2232 2716 2323 2793 de
2363 2717 2553 2807 1000,
2590 2717 2923 2816 apposuit
2962 2717 3098 2791 sibi
3129 2715 3367 2789 roche·
3513 2728 3522 2799 ἶ

711 2847 876 2917 tum
923 2842 1016 2917 ad
1064 2842 1596 2917 ordinationem
1643 2866 1884 2916 meam
1935 2850 2007 2916 et
2054 2841 2212 2916 sine
2262 2865 2376 2933 eo,
2424 2851 2503 2917 ut
2555 2844 2863 2933 auditor,
2916 2842 3249 2939 equitavit
3288 2838 3369 2912 ad
3522 2817 3526 2861 ²

725 2969 1024 3042 domum
1071 2992 1300 3061 suam,
1347 2968 1625 3043 medius
1683 2968 1874 3042 inter
1918 2966 2327 3042 Silvestrem
2375 2974 2447 3043 et
2496 2968 2929 3043 Adriensem
2976 2968 3365 3065 episcopos.

723 3094 895 3166 Post
921 3117 1050 3168 eos
1075 3094 1489 3189 equitarunt
1509 3093 1626 3167 alii
1653 3118 1778 3168 sex
1805 3093 2169 3167 auditores
2194 3092 2341 3167 bini
2370 3100 2442 3167 et
2464 3093 2642 3184 bini,
2666 3093 2997 3169 videlicet
3022 3092 3371 3167 Mattheus

721 3217 812 3291 de
845 3218 1137 3292 Ubaldis
1169 3226 1238 3293 et
1270 3223 1525 3293 Petrus
1556 3220 1644 3293 de
1681 3220 2029 3317 AcolytiS,
2064 3218 2382 3293 Achilles
2424 3218 2513 3293 de
2546 3219 2827 3293 Grassis
2860 3232 2931 3293 et
2964 3217 3375 3293 Dominicus

723 3342 812 3412 de
842 3342 1258 3431 Jacobatiis,
1292 3343 1645 3417 Antonius
1675 3343 1764 3415 de
1795 3346 2041 3417 Monte
2072 3349 2144 3416 et
2167 3343 2477 3418 Jacobus
2509 3344 2917 3441 DragatiuS.
2952 3349 3037 3417 R.
3076 3348 3161 3417 D.
3194 3341 3377 3417 Feli-

721 3489 883 3554 nuS‚
934 3465 1321 3562 episcopus
1370 3466 1796 3555 PennensiS‚
1850 3490 1997 3542 non
2035 3469 2261 3559 ⁴venit,
2311 3469 2477 3566 quia
2526 3492 2674 3544 non
2722 3491 3003 3544 moram
3048 3468 3265 3543 trahit
3310 3472 3379 3540 et

719 3588 987 3662 residet
1027 3589 1102 3662 in
1142 3589 1404 3686 palatio
1438 3591 1834 3688 apostolico
1872 3618 1888 3666 :
1920 3599 2086 3667 ante
2125 3594 2423 3668 domum
2469 3595 2614 3691 egit
2659 3595 2926 3692 gratias
2970 3600 3043 3668 et
3080 3594 3379 3692 quisque

719 3712 935 3785 rediit
977 3712 1276 3788 domum
1327 3739 1555 3790 suam.
1601 3717 1833 3791 Mansi
1881 3742 2045 3793 cum
2099 3719 2394 3794 domino
2448 3721 2683 3795 electo
2734 3720 2809 3793 in
2862 3719 3192 3817 prandio,
3232 3740 3385 3791 non

721 3838 1202 3932 comedendo,
1235 3841 1406 3938 quia
1434 3843 1632 3938 prius
1663 3844 2120 3940 pranderem.
2140 3844 2469 3919 ·Prandio
2500 3853 2822 3942 peracto,
2858 3844 3029 3919 fecit
3062 3844 3193 3917 sibi
3222 3838 3387 3917 fieri

718 3969 1090 4039 tonsuram
1127 3965 1456 4057 solitam3
1494 3992 1633 4063 qua
1664 3967 1880 4058 facta,
1916 3970 2194 4066 accepit
2233 3970 2616 4044 rochetum
2657 3970 2729 4043 in
2774 3993 2916 4067 quo
2956 3967 3387 4068 permansit,

714 4096 1107 4188 expectans
1137 4092 1560 4167 mandatum
1593 4097 1810 4189 Pape.
1848 4095 2283 4169 Attendebat
2314 4095 2384 4169 in
2418 4120 2650 4193 cappa
2676 4094 2965 4171 visitare
2999 4102 3074 4169 et
3105 4091 3391 4169 Sancti-

710 4217 837 4289 tati
871 4241 998 4290 sue
1027 4224 1098 4292 et
1131 4218 1618 4292 cardinalibus
1650 4220 1913 4315 gratias
1944 4242 2161 4317 agere
2191 4220 2304 4293 vel
2333 4219 2488 4293 sine
2516 4244 2787 4319 cappa:
2816 4220 3101 4317 accepit
3128 4226 3396 4319 postea

712 4339 1154 4416 voluntatem
1187 4346 1378 4441 Pape
1409 4344 1602 4440 quod
1629 4344 1700 4416 in
1732 4368 1963 4442 cappa
1988 4344 2224 4419 faciat.

805 4467 960 4540 Hoc
1004 4491 1246 4559 mane,
1296 4469 1487 4566 cepit
1537 4492 1824 4544 cessare
1867 4470 2093 4567 frigus
2132 4477 2204 4546 et
2250 4473 2521 4570 glacies
2550 4472 2840 4548 dissolvi
2878 4496 3023 4569 que
3052 4496 3099 4547 a
3124 4472 3397 4548 decem

705 4589 958 4665 diebus
1002 4594 1182 4667 citra
1210 4594 1584 4669 durarunt.
1619 4598 1797 4669 Item
1832 4599 1916 4670 D.
1966 4596 2240 4673 electus
2269 4598 2558 4673 donavit
2584 4597 2805 4672 hodie
2837 4597 3281 4673 tubibucinis
3320 4602 3399 4671 et

705 4716 1116 4792 trombettis
1161 4744 1220 4793 s.
1264 4720 1523 4817 Angeli
1567 4725 1638 4795 et
1681 4720 2009 4797 custodie
2056 4726 2248 4821 Pape
2296 4724 2540 4821 palatii
2588 4722 2892 4797 ducatos
2934 4732 3277 4820 quatuor,
3316 4730 3399 4797 et

703 4838 928 4914 tribus
961 4842 1200 4916 mimis
1238 4844 1382 4919 sive
1415 4844 1942 4944 joculatoribus
1977 4848 2311 4946 Hispanis
2352 4850 2811 4924 senatoribus
2854 4850 3160 4924 ducatos
3190 4856 3389 4923 tres,

708 4965 984 5063 Incepit
1021 4964 1308 5043 visitare
1356 4971 1430 5044 in
1475 4995 1705 5070 cappa
1753 4976 2105 5047 RRmum.
2156 4977 2242 5048 D.
2294 4975 2734 5049 cardinalem
2782 4974 3387 5073 Neapolitanum,

703 5090 873 5165 lune
920 5096 1010 5167 23
1065 5094 1422 5191 presentis
1465 5097 1738 5171 mensis
1777 5098 2119 5195 januarii,
2164 5106 2237 5174 et
2282 5100 2583 5177 visitavit
2630 5103 2757 5175 SS.
2804 5104 2892 5174 D.
2940 5102 3028 5175 N.
3070 5124 3387 5199 papam,

705 5216 1104 5293 associatus
1147 5219 1238 5293 ab
1286 5220 1622 5295 omnibus
1670 5222 1808 5296 illis
1856 5223 2303 5300 auditoribus
2344 5227 2467 5325 qui
2512 5250 2678 5303 eum
2722 5225 2811 5300 de
2860 5224 3231 5301 audientia
3285 5228 3395 5303 ad
