3625 6059
344 580 515 642 [Μᾶῑῖ
546 582 693 642 ¹49⁴⁸]
1039 581 1293 639 RERUM
1342 582 1799 640 URBANARUM
1850 581 2371 640 COMMENTARII.
2969 589 3038 646 97

462 767 499 804 (ι
553 735 768 812 Valet
807 741 1149 810 statutum
1191 736 1509 835 episcopi
1544 737 1936 835 disponens
1976 738 2051 810 id
2089 737 2284 836 quod
2325 737 2576 834 regula
2603 739 3035 814 cancellarie

354 862 451 935 110
476 861 843 936 verisimili
874 863 1130 936 notitia
1154 867 1263 936 est
1286 863 1627 952 validum,
1653 864 1894 960 quoad
1919 863 2274 938 beneficia
2298 863 2386 938 ab
2415 887 2503 938 eo
2531 865 2986 964 impetranda
3015 893 3028 938 :

352 994 671 1062 statuere
705 993 945 1084 potest
974 988 1359 1086 episcopus
1390 989 1583 1062 circa
1612 997 1977 1064 reservata
2007 995 2225 1088 Pape.

459 1144 494 1180 «
553 1087 879 1191 Verbum
922 1114 1291 1204 moriatur,
1327 1115 1691 1210 prolatum
1722 1139 1765 1188 a
1800 1138 2110 1206 canone,
2147 1140 2293 1189 non
2324 1119 2542 1192 debet
2569 1119 2874 1217 intelligi
2903 1144 3034 1218 pro

346 1249 591 1314 morte
633 1239 1028 1334 infligenda
1068 1264 1197 1336 per
1220 1240 1545 1336 judicem
1584 1240 1990 1314 secularem
2033 1242 2328 1333 cleric0,
2374 1244 2594 1318 etiam
2635 1245 2693 1317 si
2726 1249 3034 1320 commi-

346 1365 529 1438 serit
566 1367 847 1438 crimen
892 1365 1409 1462 qualificatum,
1456 1366 1591 1439 nisi
1630 1367 1705 1438 in
1742 1366 2029 1440 casibus
2073 1391 2116 1440 a
2145 1369 2311 1465 jure
2352 1370 2738 1465 expressis.
2797 1401 2830 1438 »

456 1491 671 1564 Feria
708 1496 935 1578 sexta,
979 1496 1062 1562 14
1096 1491 1364 1581 martii,
1400 1491 1584 1566 hora
1618 1517 1715 1564 xx
1732 1493 1844 1566 vel
1876 1492 2098 1583 circa,
2131 1517 2262 1589 per
2286 1503 2570 1590 portam
2602 1500 3037 1572 Lateranen-

350 1639 541 1704 sem,
592 1615 995 1690 Asinariam
1038 1625 1553 1712 nuncupatam,
1599 1616 1706 1690 lll.
1753 1620 1836 1690 D.
1877 1620 2035 1691 Don
2069 1619 2475 1692 Ludovicus
2513 1620 2604 1693 de
2642 1623 3028 1718 Aragonia,

349 1740 679 1814 marchio
722 1740 986 1829 Giraci,
1033 1744 1117 1813 R.
1164 1745 1249 1814 D.
1286 1741 1697 1815 Alexander
1728 1742 2036 1832 Caraffa,
2075 1743 2664 1840 archiepiscopus
2697 1746 3034 1844 Neapoli-

353 1874 593 1955 tanus,
630 1865 856 1940 frater
886 1889 1277 1962 germanus
1308 1867 1496 1939 Rmi.
1544 1870 1628 1940 D.
1666 1867 2049 1940 cardinalis
2082 1869 2566 1965 Neapolitani,
2603 1871 3062 1967 magnificus-

356 1995 445 2065 D.
477 1992 855 2066 Iohannes
883 1993 1241 2066 Antonius
1264 1990 1353 2065 de
1378 1995 1731 2082 Guevara,
1768 2016 2018 2066 comes
2051 1993 2408 2085 Potentie,
2443 2001 2514 2068 et
2544 1997 3032 2092 prestantissi-

350 2139 515 2192 mus
550 2118 922 2215 utriusque
960 2118 1143 2224 juris
1188 2118 1447 2193 doctor
1475 2122 1561 2193 D.
1612 2118 1970 2191 Antonius
2009 2118 2098 2192 de
2141 2120 2551 2194 Alexandro
2585 2122 3030 2196 serenissimi

346 2243 703 2341 Alphonsi
738 2244 981 2318 Sicilie
1012 2250 1083 2318 et
1106 2244 1554 2318 Hierusalem
1588 2243 1777 2340 regis
1796 2244 2251 2342 Neapolitani
2285 2254 2612 2320 oratores
2643 2272 2774 2346 pro
2804 2249 3031 2345 parti-

348 2369 719 2442 cularibus
750 2369 1074 2467 negociis
1104 2371 1362 2466 prefati
1396 2371 1585 2467 regis
1606 2376 1709 2469 (1)
1735 2377 1807 2443 et
1835 2371 2057 2444 etiam
2083 2369 2171 2442 ad
2197 2373 2662 2467 prestandam
2689 2371 3032 2445 obedien-

350 2495 555 2581 tiam,
606 2503 969 2591 quatenus
1004 2497 1128 2570 SS.
1170 2499 1254 2569 D.
1305 2499 1389 2568 N.
1435 2495 1741 2593 placeat,
1789 2502 1862 2569 et
1894 2495 1985 2568 ad
2021 2519 2190 2568 eum
2233 2495 2460 2586 missi,
2507 2497 2626 2592 qui
2659 2521 2702 2570 a
2740 2498 3028 2571 familiis

348 2620 831 2706 cardinalium
858 2627 931 2694 et
962 2623 1085 2695 SS.
1118 2624 1207 2693 D.
1244 2624 1330 2694 N.
1363 2645 1547 2719 pape
1579 2621 1853 2718 recepti
1886 2629 2076 2710 sunt,
2114 2627 2184 2694 et
2217 2643 2421 2695 more
2454 2621 2666 2696 solito
2694 2623 3026 2697 associati

348 2746 441 2820 ad
469 2746 825 2842 palatium
854 2746 1123 2820 montis
1150 2745 1447 2818 Jordani
1492 2745 1944 2838 Ursinorum,
1979 2745 2054 2817 in
2094 2767 2237 2842 quo
2280 2747 2631 2837 marchiO,
2671 2769 2919 2820 comes
2953 2751 3025 2821 et

344 2869 606 2942 doctor
642 2869 987 2967 hospitati
1039 2879 1239 2952 sunt:
1291 2869 1884 2967 archiepiscopus
1927 2892 2093 2944 vero
2139 2877 2304 2966 post
2352 2871 2676 2944 omnium
2715 2871 3026 2944 familia-

346 2995 539 3068 rium
585 3018 955 3069 recessum
1000 2995 1341 3091 equitavit
1384 2995 1477 3068 ad
1515 2996 1813 3068 domum
1842 2995 2222 3068 cardinalis
2256 2995 2738 3092 Neapolitani,
2786 2995 3028 3068 fratris

346 3121 491 3209 sui,
524 3121 601 3193 111
631 3145 775 3217 quo
805 3121 960 3218 ipse
991 3120 1305 3218 hospitio
1346 3127 1681 3218 receptus
1714 3129 1850 3194 est.

446 3246 945 3342 Equitavimus
992 3270 1125 3344 per
1173 3247 1557 3335 Coliseum‚
1611 3244 2060 3332 Max-forium,
2115 3249 2449 3320 sanctum
2488 3248 2840 3336 Marcum,
2894 3244 3026 3318 do-

342 3395 551 3444 mum
600 3369 956 3446 Dominici
1013 3371 1103 3444 de
1160 3371 1527 3460 MaximiS,
1581 3393 1922 3466 campum
1974 3369 2183 3443 Flore
2241 3370 2348 3443 via
2396 3377 2598 3444 recta
2646 3393 2874 3465 usque
2933 3370 3026 3444 ad

340 3505 650 3570 stratam
683 3521 827 3593 qua
859 3521 992 3595 per
1020 3497 1394 3592 parionem
1425 3495 1829 3583 revertitur,
1872 3494 2040 3568 inde
2073 3493 2166 3567 ad
2195 3493 2543 3591 palatium
2583 3494 3015 3591 predictum.

338 3622 675 3695 Marchio
720 3622 1060 3717 equitavit
1120 3621 1403 3695 medius
1457 3619 1649 3693 inter
1694 3624 1780 3692 D.
1829 3619 2105 3693 Pisauri
2164 3642 2208 3692 a
2273 3618 2571 3709 dextriS,
2631 3625 2704 3694 et
2759 3619 3024 3717 guber-

342 3755 683 3820 natorem
747 3747 959 3821 Urbis
1016 3772 1059 3821 a
1124 3746 1459 3836 sinistriS,
1538 3744 2132 3842 archiepiscopus
2187 3745 2383 3819 inter
2433 3743 3025 3842 archiepiscopos

340 3871 851 3947 Nicosiensem
882 3878 953 3946 et
982 3873 1457 3969 Ragusinum,
1512 3893 1759 3945 0011105
1807 3870 1999 3943 inter
2033 3870 2648 3944 concordiensem
2688 3877 2756 3944 et
2798 3874 3026 3968 Sego-

336 3997 761 4072 bricensem
811 3998 1193 4094 episcopos
1248 3996 1564 4093 prelatos
1602 3995 1872 4092 palatii,
1921 3998 2005 4068 D.
2053 3995 2406 4069 Antonius
2444 3995 2633 4070 inter
2662 3995 3022 4092 prelatum

338 4122 589 4220 palatii
621 4145 665 4195 a
699 4120 969 4197 dextris
1001 4129 1073 4194 et
1104 4121 1529 4218 episcopum
1558 4124 1984 4208 Pacensem,
2022 4127 2391 4192 oratorem
2426 4119 2618 4216 regis
2656 4125 2730 4210 et
2770 4118 3022 4216 regine

340 4248 886 4345 Hispaniarum,
933 4273 976 4320 a
1010 4247 1358 4335 sinistris3
1399 4246 1657 4321 deinde
1699 4246 1973 4342 antiqui
2005 4251 2334 4319 oratores
2366 4267 2535 4316 eum
2566 4242 2860 4340 prelatis
2891 4265 3022 4340 pa-

335 4373 522 4460 latii,
576 4378 728 4444 tum
777 4372 899 4444 alii
941 4371 1194 4467 prelati
1241 4393 1445 4444 more
1492 4370 1729 4444 solito.
1788 4369 2182 4445 Cardinalis
2233 4369 2462 4442 sancti
2506 4367 2828 4466 Dionysii
2875 4389 3018 4440 non

338 4498 543 4571 misit
601 4497 947 4570 familiam
1005 4521 1239 4588 suam,
1302 4519 1440 4570 nec
1499 4505 1825 4571 oratores
1884 4495 2077 4592 regis
2137 4469 2438 4568 Francie
2501 4499 2852 4566 venerunt
2907 4490 3021 4563 his

340 4621 895 4697 advenientibus
927 4621 1231 4696 obviam.
1269 4622 1427 4695 Alia
1458 4627 1625 4694 sunt
1656 4621 2035 4695 observata
2064 4643 2268 4694 more
2301 4627 2679 4694 consueto.

413 4828 463 4887 1.
497 4829 783 4885 Insessura
813 4826 1023 4883 s’etend
1055 4845 1185 4885 avec
1214 4826 1377 4883 detail
1409 4843 1503 4882 sur
1533 4843 1623 4881 ces
1656 4826 1883 4897 affaires
1905 4825 2314 4898 particuliarea
2347 4823 2487 4897 Voy.
2521 4822 2574 4878 d.
2609 4819 2836 4890 Eccard,
2870 4825 2910 4878 t.
2949 4817 3017 4888 11,

337 4915 441 4976 col.
473 4917 637 4978 2016.
672 4918 751 4974 La
780 4914 909 4990 plus
946 4915 1269 4990 importante
1308 4931 1414 4970 aux
1444 4931 1587 4988 yeux
1618 4913 1694 4970 du
1733 4915 1903 4987 Pape,
1935 4911 2284 4969 c'est-a-dire
2321 4911 2371 4968 le
2409 4911 2651 4986 mariage
2681 4912 2750 4968 de
2790 4929 2892 4968 son
2931 4907 3019 4965 fils

334 5009 499 5065 some
527 5027 663 5066 avec
694 5006 749 5063 la
776 5005 890 5061 fille
928 5004 1189 5062 naturelle
1226 5003 1299 5060 du
1328 5004 1434 5059 duc
1463 5004 1531 5058 de
1566 5002 1815 5074 Calabre,
1848 5010 1936 5058 est
1973 5000 2320 5058 mentionnee
2349 5018 2480 5060 avec
2510 5007 2692 5058 toutes
2722 5001 2804 5058 les
2845 4999 3019 5074 stipu-

334 5099 529 5158 lations
560 5099 635 5156 du
662 5101 891 5154 contrat
917 5094 1059 5152 dans
1080 5094 1131 5151 la
1150 5094 1304 5151 lettre
1330 5094 1399 5150 de
1424 5093 1649 5150 Stefano
1668 5093 1737 5149 de
1758 5091 2079 5149 Castrocaro
2099 5107 2169 5148 au
2190 5091 2564 5149 commissaire
2584 5092 2652 5148 de
2673 5089 3016 5156 CastrocarO,

333 5191 489 5249 Petro
527 5191 599 5248 de
650 5184 964 5253 Vec'toriiS,
1015 5190 1071 5241 et
1112 5185 1327 5241 donnee
1366 5187 1398 5240 a
1436 5181 1775 5256 l’appendice
1814 5191 1878 5237 n⁰
1919 5183 2008 5240 23.
2045 5179 2183 5256 Voy.
2230 5179 2618 5250 Guiociardini,
2658 5181 2798 5235 Dell'
2821 5179 3020 5234 [storia

334 5283 572 5346 a’ttatm,
606 5297 736 5346 an„
780 5273 1007 5344 usal.
1032 5273 1075 5330 1.
1148 5303 1157 5312 -

611 5425 667 5462 τ.
716 5421 783 5457 11.
2671 5396 2701 5445 7
