3625 6059
735 545 844 602 τοι
1653 538 2007 601 JOHANNIS
2054 538 2497 612 BURCHARDI,
2910 548 3233 606 tneeembro
3260 557 3383 621 μοι]

741 699 1086 796 Majestas
1103 701 1478 794 pateretur
1495 717 1760 794 magau
1772 718 1845 771 m
1870 696 2221 772 interesse
2232 754 2249 786 ‚
2264 702 2415 771 tum
2437 705 2739 797 propter
2755 702 3211 799 ereptionem
3226 706 3385 782 Gem

741 823 980 899 sultan
1009 823 1250 897 fratris
1281 822 1421 912 sui,
1458 829 1608 898 tum
1645 822 1865 898 etiam
1908 824 2079 920 quia
2118 831 2733 922 prosequerentur
2760 826 3299 925 expeditionem
3328 839 3388 908 et

737 949 956 1046 longe
985 971 1152 1024 cum
1185 948 1444 1045 majori
1481 953 1744 1023 conatu
1775 954 2033 1024 contra
2060 948 2583 1025 celsitudinem
2612 975 2849 1042 suam,
2884 957 2955 1027 et
2986 953 3067 1026 in
3096 953 3215 1028 tali
3238 978 3389 1031 casu

733 1073 1087 1148 haberent
1113 1071 1460 1146 auxilium
1493 1070 1582 1147 ab
1609 1071 1971 1171 Hispanis,
2008 1073 2357 1170 Angticis‚
2392 1076 2881 1152 Maximiliano
2906 1083 2981 1154 et
3016 1081 3384 1176 Hungaris,

741 1197 1032 1273 Polonis
1065 1205 1140 1273 et
1167 1197 1538 1287 BohemiS,
1557 1198 1678 1295 qui
1707 1219 1965 1272 omnes
1994 1206 2161 1272 sunt
2180 1201 2663 1298 potentissimi
2684 1203 3078 1303 principes.
3112 1208 3393 1280 Persua-

738 1323 946 1399 debis
989 1330 1062 1399 et
1107 1322 1604 1399 exhortaberis
1645 1323 2101 1421 Majestatem
2146 1348 2356 1401 suam
2392 1351 2613 1424 quam
2654 1335 2991 1404 tenemur
3018 1332 3389 1408 certiorem

741 1449 1052 1528 reddere
1075 1449 1172 1523 ob
1195 1471 1436 1525 veram
1455 1454 1528 1525 et
1542 1449 1810 1524 bonam
1824 1449 2217 1526 amicitiam
2228 1476 2449 1549 quam
2468 1453 2825 1530 babemus
2848 1456 3291 1548 adinvicem,
3314 1482 3391 1532 ne
3525 1477 3526 1540 ς

739 1578 1058 1676 patiatur
1075 1575 1346 1674 aliquid
1363 1576 1744 1665 interesse,
1773 1582 1849 1652 et
1872 1576 2117 1651 statim
2138 1578 2377 1654 mittat
2409 1603 2633 1654 unum
2658 1587 3027 1656 oratorem
3050 1580 3146 1658 ad
3170 1583 3393 1659 Domi-

739 1725 914 1777 num
943 1705 1418 1792 Venetorum,
1455 1700 1931 1798 significando
1962 1702 2273 1800 qualiter
2294 1712 2493 1782 certe
2516 1705 2871 1781 intellexit
2904 1730 3160 1806 regem
3186 1711 3391 1782 Fran·
3525 1695 3526 1762 ἶ

744 1828 855 1903 cie
885 1849 1177 1902 movere
1199 1850 1278 1903 se
1310 1826 1404 1902 ad
1425 1825 1859 1902 veniendum
1890 1831 2195 1905 Romani
2217 1831 2311 1906 ad
2336 1831 2773 1931 capiendum
2800 1834 2979 1907 Gem
3002 1833 3243 1907 sultan
3268 1833 3393 1908 fra-
3525 1849 3526 1888 ³

741 1958 926 2028 trem
976 1975 1215 2042 snum,
1275 1950 1446 2026 inde
1489 1974 1801 2049 regnum
1856 1953 2433 2051 Neapolitanum,
2482 1953 2777 2028 demum
2839 1959 3039 2029 terra
3082 1955 3389 2050 marique
3524 1965 3526 1978 ¹

739 2084 996 2153 contra
1013 2101 1092 2152 se
1123 2100 1512 2177 preparare
1541 2078 1738 2175 quod
1760 2078 1925 2155 velit
1958 2080 2197 2157 facere
2222 2104 2515 2157 omnem
2549 2081 3041 2158 resistentiam
3076 2090 3153 2158 et
3182 2107 3257 2158 se
3286 2082 3389 2157 de·
3525 2083 3526 2172 ξ

741 2203 1040 2280 tendere
1064 2211 1318 2280 contra
1343 2205 1581 2303 ipsum
1612 2212 1686 2280 et
1717 2203 2007 2283 deviare
2050 2229 2141 2282 ne
2164 2207 2389 2283 frater
2410 2231 2587 2282 suns
2616 2208 2945 2305 capiatur
2958 2232 3054 2284 ex
3074 2208 3388 2286 manibus
3525 2213 3526 2254 ³

741 2329 1035 2419 nostris,
1083 2331 1279 2427 quod
1330 2330 1756 2407 exhortetur
1803 2338 1877 2407 et
1932 2331 2329 2431 adstringat
2381 2333 2576 2430 quod
2617 2356 2749 2432 pro
2796 2342 3073 2431 quanto
3126 2358 3389 2411 corres-
3525 2349 3526 2430 ᾖ

741 2453 1013 2554 pondet
1037 2454 1358 2531 amicitia
1385 2479 1542 2548 sua,
1579 2454 1841 2534 debeat
1865 2479 2027 2534 esse
2048 2457 2469 2556 adjumento
2499 2465 2573 2534 et
2602 2458 3011 2535 defensioni
3056 2467 3300 2535 nostre
3326 2467 3385 2534 et

743 2582 936 2680 regis
963 2582 1342 2681 Alphonsi‚
1369 2589 1566 2656 terra
1593 2583 1921 2680 marique
1952 2591 2025 2658 et
2044 2584 2240 2680 quod
2268 2606 2523 2659 omnes
2544 2586 2819 2659 amicos
2840 2591 3137 2660 nostros
3160 2593 3233 2661 et
3248 2608 3389 2682 pre-

745 2711 1230 2784 memoratum
1243 2731 1490 2804 regem
1507 2706 1809 2783 babebit
1822 2731 1958 2806 pro
1974 2709 2185 2785 bonis
2202 2708 2455 2784 amicis
2476 2709 2653 2801 suis,
2670 2717 2744 2786 et
2762 2717 3055 2787 nostros
3074 2711 3384 2785 inimicos

738 2855 870 2932 pro
897 2833 1246 2923 inimicis;
1281 2841 1352 2908 et
1386 2833 1445 2908 si
1476 2834 1893 2910 Dominium
1926 2835 2383 2933 pollicebitur
2412 2836 2596 2912 velle
2626 2837 3045 2912 consentire
3080 2837 3199 2912 tali
3220 2835 3385 2934 peti·

745 2959 924 3034 tioni
965 2981 1123 3050 sue,
1155 2964 1402 3034 orator
1437 2959 1705 3034 habeat
1743 2959 2165 3035 mandatum
2215 2962 2306 3038 de
2354 2985 2499 3036 non
2542 2961 2908 3037 credendo
2945 2986 3037 3038 ex
3076 2959 3383 3040 Venetiis
3525 2967 3526 3058 J

742 3107 1118 3184 quousque
1161 3083 1417 3160 viderit
1447 3083 1790 3161 effectum
1840 3091 1914 3162 et
1949 3087 2146 3184 quod
2185 3088 2356 3162 dicti
2400 3089 2657 3166 Veneti
2675 3087 3064 3164 declarent
3098 3111 3175 3162 se
3234 3108 3377 3161 esse
3524 3081 3526 3138 ἲ

735 3211 1010 3285 amicos
1041 3217 1116 3285 et
1139 3212 1558 3308 adjumento
1611 3211 1821 3286 nobis
1838 3219 1911 3288 et
1938 3212 2087 3311 regi
2110 3213 2482 3312 Alpbonso
2513 3220 2587 3290 et
2634 3237 2797 3290 esse
2830 3221 3092 3290 contra
3120 3212 3373 3287 amicos

737 3338 1180 3412 Francorum
1211 3345 1284 3413 et
1317 3337 1622 3412 aliorum
1648 3336 2155 3413 adherentium
2184 3339 2340 3437 regi
2368 3339 2669 3415 Francie
2692 3363 2710 3412 ε
2734 3346 2807 3414 et
2836 3340 2895 3412 si
2916 3348 3177 3415 contra
3206 3337 3378 3411 dixe·

741 3459 910 3552 rint,
947 3460 1307 3560 significet
1349 3461 1582 3537 dictus
1613 3470 1859 3537 orator
1888 3464 2080 3560 quod
2124 3465 2536 3539 Dominatio
2576 3488 2709 3541 sua
2756 3487 2901 3540 non
2939 3463 3239 3540 habebit
3266 3483 3377 3535 eos
3525 3473 3526 3476 ‘

739 3585 1014 3660 amicos
1046 3591 1118 3660 et
1147 3591 1404 3685 postea
1445 3584 1736 3660 recedat
1775 3586 1865 3662 ab
1910 3588 2015 3662 eis
2045 3588 2457 3688 indignatus
2495 3616 2513 3665 :
2545 3613 2983 3688 quamquam
3034 3589 3377 3666 credimus

737 3707 930 3806 quod
985 3709 1043 3783 si
1089 3733 1220 3784 sua
1269 3711 1608 3810 MaJestas
1651 3711 1989 3788 ardenter
2033 3714 2430 3814 adstringat
2480 3739 2608 3791 eos
2666 3719 2883 3792 modo
2934 3711 3370 3791 convenienti

738 3835 933 3934 quod
959 3835 1546 3912 condescendent
1576 3835 1668 3911 ad
1694 3837 2098 3915 faciendam
2122 3841 2565 3918 voluntatem
2588 3843 2983 3940 Majestatis
3014 3865 3175 3933 sue,
3200 3836 3373 3915 etsie

737 3962 1176 4060 persuadeas
1216 3962 1323 4037 eis
1363 3961 1670 4037 multum
1704 3972 1780 4039 ut
1822 3963 2060 4042 tacere
2100 3967 2243 4042 hoc
2280 3967 2528 4060 velint,
2563 3968 2733 4064 quia
2777 3967 2970 4042 istud
3022 3975 3139 4044 est
3166 3963 3376 4061 majus

735 4087 1162 4188 adjuvamen
1201 4093 1276 4164 et
1303 4089 1710 4165 remedium
1757 4092 1951 4188 quod
1988 4092 2263 4169 habere
2302 4117 2716 4196 possumus,
2747 4094 3137 4193 impetrare
3175 4095 3248 4165 ut
3274 4109 3373 4160 re-

739 4213 944 4289 sistet
993 4213 1272 4312 injuriis
1301 4214 1568 4289 nostris
1628 4221 1700 4289 et
1743 4217 2169 4294 sollicitabis
2219 4226 2487 4317 quanto
2526 4218 2739 4292 citius
2775 4218 3135 4294 licentiari
3180 4213 3369 4290 talem

738 4344 1102 4413 oratorem
1141 4345 1219 4413 ut
1261 4339 1553 4414 recedat
1611 4348 1776 4416 ante
1825 4349 1923 4431 te,
1986 4366 2155 4417 nam
2210 4344 2518 4419 multum
2572 4343 2911 4440 importat
2962 4335 3371 4418 acceleratio

735 4484 890 4537 sua.

833 4591 1224 4667 Denotabis
1255 4591 1524 4691 pariter
1537 4593 1802 4690 Magno
1829 4595 2059 4668 Turce
2080 4593 2467 4670 adventum
2500 4595 2810 4671 oratoris
2833 4595 3073 4692 Magni
3096 4584 3359 4671 Soldani

729 4712 823 4788 ad
865 4738 998 4790 nos
1041 4739 1208 4791 cum
1256 4715 1482 4793 literis
1525 4722 1598 4792 et
1652 4717 2075 4792 muneribus
2119 4743 2261 4817 que
2300 4721 2699 4796 transmisit
2754 4719 2966 4795 nobis
3020 4711 3362 4817 querendo

731 4841 910 4914 Gem
963 4839 1258 4917 fratrem
1308 4866 1516 4917 suum
1571 4865 1654 4918 ac
1705 4865 2007 4942 magnas
2055 4845 2459 4923 oblationes
2507 4854 2581 4922 et
2631 4844 3151 4944 promissiones
3203 4855 3358 4936 quas

731 4962 942 5040 nobis
973 4964 1146 5040 fecit
1162 4965 1254 5041 de
1277 4989 1540 5067 magno
1569 4969 1911 5046 thesauro
1936 4993 2021 5046 ac
2051 4970 2141 5047 de
2163 4971 2411 5046 multis
2436 4971 2595 5046 aliis
2617 4970 2866 5060 rebus;
2904 4975 2977 5043 et
3000 4967 3185 5043 bene
3206 4959 3355 5044 scia

727 5088 1312 5190 quandoquidem
1343 5099 1468 5168 tuo
1498 5094 1741 5170 medio
1771 5097 2015 5172 omnia
2044 5098 2184 5173 sint
2212 5098 2610 5195 practicata
2648 5105 2723 5172 et
2760 5099 2945 5172 sicut
2979 5090 3362 5168 continetur

729 5214 798 5286 in
821 5214 1153 5311 capitulis
1177 5238 1318 5313 que
1339 5215 1570 5292 dictus
1597 5224 1839 5292 orator
1865 5217 2035 5294 tecit
2057 5227 2127 5295 et
2151 5219 2381 5312 dedit;
2410 5219 2856 5318 significabis
2880 5214 3225 5319 Majestati
3248 5231 3355 5284 sue
