3625 6059
222 562 415 619 [Αοὺι
442 562 573 621 1496]
920 556 1172 613 RERUM
1221 555 1679 613 URBANARUM
1728 555 2254 613 COMMENTARH.
2808 561 2914 615 317

226 734 549 785 numero
592 735 723 783 sex
768 709 882 785 vel
929 712 1147 800 circa,
1200 718 1272 785 et
1324 735 1491 784 cum
1542 711 1646 784 eis
1704 709 2116 784 Alexandro
2173 710 2263 784 de
2316 710 2700 784 Bentivolis
2762 712 2914 785 sive

226 860 271 906 e
272 836 409 933 jus
434 835 655 925 fratri,
686 835 812 932 qui
842 844 1083 910 orator
1112 838 1335 935 patris
1366 838 1533 911 illuc
1566 844 1884 910 venerat.

338 961 452 1033 Ad
503 960 1016 1054 elevationem,
1066 970 1379 1058 quatuor
1434 962 1679 1037 clerici
1745 967 2130 1035 tenuerunt
2183 961 2530 1035 intortitia
2579 987 2592 1035 :
2639 963 2903 1037 librum

226 1094 303 1159 et
362 1110 611 1183 pacem
669 1087 1097 1161 ministravit
1144 1089 1419 1162 electus
1472 1088 1846 1177 Bai-ensiS,
1900 1092 1974 1159 ut
2017 1086 2205 1176 heri,
2257 1093 2328 1161 et
2380 1087 2499 1160 alii
2557 1089 2912 1185 capellani

228 1212 486 1308 legati.

306 1338 558 1411 ‚Missa
589 1339 822 1426 finita,
855 1340 1136 1436 legatus
1168 1340 1363 1414 dedit
1386 1340 1973 1415 benedictionem
2011 1342 2416 1415 solemnem
2446 1340 2521 1411 in
2550 1344 2793 1428 cautu,
2838 1337 2910 1411 in

236 1464 488 1537 medio
545 1464 790 1537 altaris
852 1471 1083 1557 stanS,
1136 1471 1214 1538 ut
1262 1466 1461 1555 heri,
1516 1473 1588 1539 et
1639 1490 1934 1541 crucem
1996 1490 2122 1540 sue
2177 1464 2560 1562 legationis
2614 1471 2782 1538 ante
2837 1488 2915 1535 se

234 1588 549 1677 habenS,
585 1597 658 1664 et
702 1591 1062 1663 concessit
1096 1589 1579 1687 indulgentias
1627 1591 1846 1665 trium
1893 1614 2250 1666 annorum
2294 1596 2365 1663 et
2406 1589 2712 1663 totidem
2743 1613 2917 1685 qna-

238 1714 759 1812 dragenarum,
817 1741 993 1814 quas
1048 1740 1221 1814 ege,
1272 1740 1363 1791 ex
1419 1717 1936 1791 commissione
2004 1719 2088 1789 D.
2143 1715 2361 1812 legati
2417 1714 2907 1811 pronunciavi.

244 1839 525 1915 Deinde
566 1842 857 1917 intravit
901 1842 976 1915 in
1020 1842 1543 1917 monasterium
1586 1842 1994 1940 predictum
2046 1848 2117 1915 et
2161 1841 2468 1914 chorum
2515 1841 2912 1914 monalium

239 1991 419 2039 rum
456 1966 669 2054 duce,
706 1968 1111 2041 oratoribus
1157 1977 1228 2043 et
1268 1968 1721 2066 paucissimis
1764 1991 1852 2040 ex
1896 1967 2140 2046 nobis:
2178 1966 2348 2039 vidit
2377 1964 2914 2039 multitudinem

242 2092 652 2187 puellarum
693 2093 1180 2191 professarum
1224 2094 1295 2165 in
1336 2093 1562 2167 choro
1605 2092 1934 2167 ordinate
1977 2091 2344 2181 stantium,
2387 2092 2646 2187 quibus
2688 2093 2912 2167 bene-

240 2216 423 2292 dixit
443 2226 541 2307 et,
577 2217 1035 2315 paucissimis
1065 2218 1297 2291 verbis
1330 2240 1497 2290 cum
1528 2216 1894 2290 abbatissa
1921 2216 2215 2306 habitis,
2245 2215 2455 2289 rediit
2481 2215 2572 2288 ad
2593 2223 2908 2289 castrum

245 2343 497 2417 ordine
530 2367 676 2440 quo
709 2352 1025 2419 venerat.

346 2468 617 2542 Eadem
649 2469 795 2559 die,
824 2470 1141 2567 acceptis
1172 2469 1425 2544 litteris
1456 2468 1824 2567 magnifici
1850 2475 1934 2543 D.
1965 2467 2375 2565 Marquardi
2394 2467 2484 2541 de
2509 2465 2904 2565 Breysach,

252 2594 695 2666 serenissimi
730 2598 1222 2669 Romanorum
1254 2596 1446 2691 regis
1482 2595 1946 2669 Maximiliani
1979 2594 2350 2669 secretarii
2383 2601 2456 2667 et
2486 2593 2904 2685 consiliarii,

250 2716 337 2789 de
368 2719 725 2793 veniendo
754 2720 845 2793 ad
873 2721 1129 2818 prefati
1167 2696 1613 2794 serenissimi
1659 2720 1846 2817 regis
1878 2722 2337 2817 Majestatem
2368 2720 2488 2816 qui
2521 2719 2636 2791 his
2666 2726 2911 2816 prete-

254 2842 399 2915 ritis
438 2844 698 2919 diebus
744 2870 835 2919 ex
878 2846 1087 2919 terris
1133 2846 1279 2919 suis
1327 2870 1459 2943 per
1486 2850 1807 2920 Montem
1841 2846 2133 2919 Bormie
2175 2868 2343 2917 cum
2389 2844 2914 2940 quinquaginta

254 2968 359 3040 vel
407 2969 603 3043 circa
650 2993 740 3043 ex
794 2970 941 3044 suis
987 2977 1229 3045 tamen
1277 2972 1351 3043 in
1406 2995 1711 3046 numero
1770 2970 2065 3068 copioso
2121 2970 2358 3065 ipsum
2412 2965 2906 3064 sequentibuS,

252 3095 545 3167 veniens
576 3095 649 3166 in
679 3100 1011 3170 Castrum
1044 3100 1299 3171 Creme
1332 3121 1375 3171 a
1404 3096 1813 3171 Mediolano
1863 3095 1955 3169 ad
2003 3093 2370 3167 sexdecim
2414 3091 2768 3181 milliaria,
2801 3088 2910 3163 vel

252 3218 465 3310 circa,
517 3220 821 3312 distanS,
882 3242 961 3295 se
1022 3222 1432 3297 firmaverat
1494 3230 1566 3295 et
1619 3227 2015 3319 receperat.
2071 3217 2304 3293 Retuli
2361 3215 2499 3287 hec
2558 3218 2765 3288 Rmo.
2817 3217 2902 3287 D.

250 3343 515 3440 legato,
554 3344 616 3417 si
650 3346 835 3421 forte
866 3346 1073 3421 vellet
1100 3347 1292 3445 apud
1322 3347 1510 3420 illius
1539 3348 1996 3445 Majestatem
2018 3343 2190 3442 quid
2214 3367 2346 3440 per
2375 3365 2493 3415 me
2523 3339 2708 3414 fieri.
2747 3338 2910 3413 Pla-

249 3469 391 3541 cuit
420 3471 1023 3546 reverendissime
1055 3471 1545 3545 Dominationi
1576 3497 1729 3563 sue,
1762 3474 1969 3570 juxta
2000 3469 2586 3545 informationem
2619 3490 2662 3539 a
2692 3470 2902 3539 Rmo.

256 3596 333 3665 l).
382 3593 747 3669 cardinale
798 3596 1103 3671 Senensi
1133 3596 1223 3695 ⁸in
1274 3597 1451 3671 urbe
1496 3597 1844 3687 habitam,
1893 3598 2112 3673 verba
2157 3595 2431 3670 habere
2480 3594 2790 3667 honeste
2839 3598 2912 3665 et

256 3730 687 3813 opportune3
723 3718 902 3792 mihi
956 3721 1321 3794 commisit
1372 3722 1567 3817 quod
1616 3723 1771 3797 sine
1833 3723 2016 3797 scitu
2063 3722 2266 3796 ducis
2315 3716 2699 3793 Mediolani
2759 3736 2907 3787 non

260 3844 692 3933 recederem,
736 3847 945 3943 cujus
1002 3847 1443 3921 Excellentia
1489 3848 1687 3922 dedit
1730 3849 1910 3921 mihi
1956 3849 2028 3920 in
2083 3845 2428 3921 comitem
2479 3845 2563 3915 D.
2614 3845 2909 3915 Petrum

253 3970 835 4061 Cremonensem,
888 3973 1363 4045 camerarium
1434 3997 1669 4064 suum,
1730 3973 1850 4069 qui
1899 3974 1972 4044 in
2027 3976 2384 4045 Cremona
2437 3968 2526 4041 de
2587 3964 2906 4062 bospitio

260 4093 418 4167 mihi
448 4096 865 4192 providerat
896 4105 966 4170 et
996 4098 1153 4171 aliis
1187 4100 1633 4195 opportunis.
1670 4098 2021 4173 Venimus
2059 4096 2180 4169 illo
2213 4116 2372 4168 sero
2413 4091 2505 4166 ad
2543 4094 2903 4177 Cremam,

258 4217 439 4291 circa
496 4220 889 4293 secundam
948 4220 1205 4293 horam
1253 4222 1513 4313 noctiS‚
1568 4229 1640 4297 et
1699 4246 1843 4297 non
1900 4229 2055 4296 erat
2113 4229 2400 4316 tempus
2454 4216 2908 4314 Majestatem

260 4343 519 4439 regiam
573 4342 915 4433 adeundi,
966 4368 1102 4418 nec
1158 4344 1429 4419 ibidem
1486 4346 1836 4445 hospitari
1884 4349 2276 4446 potuimus.
2333 4340 2908 4417 Retrocessimus

258 4468 459 4558 igitur
490 4474 582 4545 ad
624 4473 861 4547 villam
904 4472 1185 4547 Tercha
1213 4482 1724 4571 nuncupatam,
1760 4473 1882 4546 ubi
1920 4471 2525 4570 pernoctavimuS,
2563 4466 2654 4541 ad
2687 4486 2908 4537 unum

258 4594 549 4671 milliare
603 4622 768 4671 cum
817 4597 1111 4672 dimidio
1155 4596 1268 4671 vel
1318 4598 1533 4689 circa,
1588 4622 1631 4672 a
1674 4603 1936 4673 Crema
1975 4598 2387 4672 distantem.
2425 4598 2504 4666 ln
2533 4612 2748 4665 mane
2792 4611 2908 4663 se·-

258 4724 517 4817 quenti,
546 4724 990 4797 accessimus
1013 4725 1102 4798 ad
1126 4728 1459 4799 Cremam
1488 4724 1609 4799 ubi
1638 4724 1980 4821 Majestas
2011 4721 2202 4819 regis
2229 4742 2346 4793 me
2371 4715 2662 4807 audivit,
2690 4736 2910 4810 quam

262 4846 325 4919 in
360 4849 613 4946 primis
649 4858 1035 4924 veneratus
1075 4874 1265 4941 sum,
1301 4855 1379 4923 ut
1409 4850 1830 4924 servitorem
1862 4848 2094 4923 decet.
2132 4844 2482 4919 Venimus
2527 4838 2788 4916 deinde
2819 4838 2910 4913 ad

264 4970 485 5049 locum
524 4976 931 5074 Majestatis
968 5000 1093 5050 sue
1130 5005 1145 5065 ;
1190 4998 1359 5051 cum
1397 4977 1590 5075 apud
1624 4977 1946 5074 legatum
1991 4970 2406 5046 conveniret
2446 4965 2790 5052 debitum,
2834 4962 2910 5033 in

268 5120 389 5191 quo
418 5100 943 5175 advertendum
976 5107 1170 5177 esset
1202 5098 1685 5175 differentiam
1717 5098 1905 5172 inter
1933 5096 2445 5193 imperatorem
2485 5090 2910 5164 coronatum

272 5232 329 5296 et
356 5230 847 5303 Romanorum
882 5250 1131 5323 regem
1165 5226 1483 5301 nondum
1516 5229 1970 5314 coronatum,
2028 5226 2102 5294 et
2131 5218 2444 5293 rationes
2476 5217 2912 5312 opportunas
