3625 6059
225 511 398 573 [3002
431 472 592 578 μετ’]
911 509 1166 569 RERUM
1214 507 1670 569 URBANARUM
1716 508 2242 577 COMMENTARH.
2808 519 2915 575 395

329 666 554 741 Feria
585 670 864 764 quarta,
902 669 992 741 23
1025 664 1196 739 dicti
1227 662 1502 739 mensis
1537 663 1853 761 augusti,
1889 664 2183 739 fuerunt
2214 666 2577 741 celebrate
2608 670 2911 766 exequie

225 791 422 869 bone
473 789 842 871 memorie
891 790 1276 866 cardinalis
1327 789 1416 865 de
1474 793 1747 863 Lunata
1803 790 1875 863 in
1930 790 2241 865 ecclesia
2292 792 2501 867 beate
2550 793 2771 869 Marie
2821 796 2911 870 de

227 917 544 1015 Populo.
579 921 834 992 Rmus.
865 920 955 993 D.
982 915 1368 993 cardinalis
1397 940 1457 990 S.
1489 915 1738 991 Crucis
1765 916 2154 991 celebravit
2183 917 2481 993 missam
2506 920 2905 1019 publicam3

215 1042 532 1139 ,quidam
575 1042 804 1119 frater
843 1042 932 1117 de
976 1047 1338 1131 RanzanO,
1379 1040 1790 1133 SicilianuS,
1834 1043 2175 1140 magister
2206 1042 2282 1115 in
2312 1043 2707 1141 theologia,
2740 1068 2911 1145 pro-

225 1167 464 1243 fessus
493 1168 775 1243 ordinis
806 1168 1370 1267 predicatorum,
1399 1165 1810 1263 capellanus
1844 1171 1931 1241 D.
1959 1166 2273 1259 Ascanii,
2302 1167 2477 1241 fecit
2505 1168 2911 1247 orationem

225 1298 390 1390 post
429 1290 790 1381 missam;
835 1291 1100 1367 deinde
1139 1289 1387 1365 RRmi.
1427 1293 1577 1364 DD.
1617 1314 1674 1362 S.
1712 1290 2083 1381 Praxedis,
2120 1314 2179 1363 s.
2216 1290 2569 1391 Dionysii,
2598 1294 2909 1371 Alexan-

229 1417 482 1493 drinus
529 1425 612 1493 et
663 1415 1084 1505 PerusinuS,
1131 1415 1538 1514 presbyteri
1585 1414 2012 1506 cardinales,
2058 1440 2205 1491 una
2248 1440 2413 1491 cum
2462 1418 2903 1513 celebrante,

227 1542 702 1619 absolverunt
734 1542 870 1617 sub
893 1548 1136 1617 castro
1163 1540 1461 1632 doloriS‚
1499 1563 1704 1616 more
1731 1541 1968 1615 solito.
1998 1542 2199 1617 Ultra
2216 1564 2399 1638 quos
2426 1542 2908 1619 interfuerunt

227 1668 446 1743 misse
490 1691 588 1743 ex
631 1666 908 1758 officio,
941 1665 1247 1765 predicti
1291 1666 1543 1741 RRmi.
1594 1669 1745 1741 DD.
1791 1667 2335 1765 Neapolitanus,
2372 1668 2901 1764 UlixbonensiS,

233 1793 556 1893 episcopi
587 1820 606 1882 ;
657 1818 717 1865 s.
755 1792 1175 1885 Clementis,
1219 1791 1638 1891 presbyten
1685 1792 2058 1881 SenensiS,
2094 1818 2153 1867 s,
2192 1793 2509 1891 Georgii,
2548 1795 2900 1886 Sabellus,

231 1921 608 2012 Ammine,
664 1920 1068 2010 Grimanus,
1115 1917 1400 1993 diaconi
1433 1916 1867 2007 cardinaleS,
1902 1901 2119 1993 ambo
2150 1925 2477 1993 oratores
2506 1919 2699 2017 regis
2740 1921 2905 1994 His-

231 2048 466 2146 panie,
511 2046 718 2144 regis
761 2043 1239 2143 Neapolitani,
1283 2042 1488 2117 ducis
1539 2041 1959 2134 Mediolani,
2011 2049 2085 2117 et
2124 2044 2571 2141 prelatorum
2619 2045 2907 2123 circiter

233 2173 782 2273 quinquagenta
831 2198 848 2244 :
901 2171 1044 2246 duo
1093 2174 1375 2245 tantum
1423 2168 1714 2243 fuerunt
1763 2191 2059 2245 scamna
2101 2192 2233 2267 pro
2288 2171 2773 2247 cardinalibus
2830 2172 2903 2248 in

235 2322 356 2373 suo
393 2298 630 2396 gradu
677 2296 1036 2395 longiora,
1079 2295 1168 2367 de
1213 2294 1336 2369 illo
1379 2316 1650 2393 genere
1689 2294 1885 2390 quod
1930 2294 2165 2369 dictus
2210 2302 2605 2371 conventus
2647 2297 2895 2385 habet,

235 2448 528 2520 quorum
577 2446 817 2499 unum
864 2422 1077 2521 posui
1127 2422 1198 2495 in
1245 2428 1728 2499 transversum
1779 2448 1825 2499 a
1872 2425 2103 2523 capite
2154 2424 2487 2497 columne
2526 2423 2903 2497 exterioris

239 2548 554 2627 videlicet
583 2572 846 2625 versus
885 2546 1208 2622 medium
1247 2548 1556 2623 ecclesie
1591 2551 1796 2648 juxta
1832 2550 2167 2625 infimum
2202 2550 2508 2647 gradum
2552 2550 2899 2647 evangelii

237 2673 464 2751 altaris
501 2675 788 2774 posite,
823 2674 916 2749 ad
947 2679 1294 2771 quantum
1325 2698 1406 2749 se
1436 2676 1897 2768 extendebat,
1934 2676 2009 2750 in
2043 2699 2187 2773 quo
2226 2674 2579 2751 sedebant
2618 2673 2899 2750 diaconi

243 2800 642 2877 cardinales
671 2799 1132 2897 incipientes,
1169 2808 1242 2873 et
1270 2806 1483 2897 caput
1525 2800 1879 2875 facientes
1907 2824 2135 2899 prope
2174 2800 2584 2875 columnam
2615 2799 2900 2896 predic-

247 2930 406 3017 tam,
435 2926 634 3001 aliud
664 2949 714 3001 a
737 2925 882 2999 fine
912 2924 1104 2999 illius
1133 2925 1206 2998 in
1241 2934 1756 3017 transversum,
1787 2927 1889 3001 ita
1916 2925 2111 3023 quod
2142 2932 2357 3023 caput
2383 2925 2573 2999 illius
2600 2924 2899 3000 secundi

249 3051 666 3149 respiciebat
718 3050 944 3125 altare
993 3050 1140 3125 sive
1191 3050 1542 3149 capellam
1595 3051 1963 3149 sepulture
2013 3049 2397 3124 cardinalis
2444 3048 2788 3123 Fosc'hari
2827 3056 2901 3124 et

255 3174 398 3249 finis
420 3176 770 3274 tangebat
799 3199 1178 3251 scamnum
1206 3175 1406 3273 prius
1435 3177 1782 3273 positum,
1818 3183 1892 3251 et
1920 3176 1995 3249 in
2024 3176 2164 3249 isto
2196 3175 2545 3251 sedebant
2574 3174 2897 3271 episcopi

255 3300 744 3400 etpresbyteri
781 3300 1085 3399 predicti
1125 3306 1342 3398 caput
1379 3299 1730 3376 facientes
1769 3322 2014 3377 versus
2046 3301 2313 3377 dictam
2347 3300 2698 3398 capellam
2732 3302 2900 3374 Fos-

255 3423 458 3517 chari,
489 3426 612 3524 qui
655 3424 736 3499 in
775 3448 864 3501 eo
909 3425 1247 3500 sedentes
1283 3426 1658 3501 vertebant
1701 3426 1967 3501 faciem
2012 3426 2218 3505 altari
2262 3426 2523 3522 majori
2566 3431 2643 3500 et
2681 3449 2897 3499 renes

258 3550 436 3629 altari
464 3554 652 3632 bone
685 3554 1040 3631 memorie
1065 3553 1594 3652 archiepiscopi
1614 3552 2071 3629 Salernitani.
2092 3551 2487 3627 Cardinalis
2507 3552 2895 3627 Perusinus

261 3674 422 3753 sedit
449 3704 492 3753 a
517 3680 836 3779 sinistris
864 3678 1248 3757 cardinalis
1279 3678 1626 3768 Grimani,
1660 3679 1988 3776 quisquis
2024 3677 2369 3753 tamenin
2402 3700 2704 3752 scamno
2731 3702 2891 3767 suo,

261 3804 486 3897 prelati
517 3808 872 3883 sederunt
899 3808 972 3883 in
1005 3808 1320 3883 scamnis
1349 3829 1478 3903 pro
1509 3804 1614 3880 eis
1658 3804 1750 3880 ab
1789 3804 1929 3879 alia
1955 3812 2161 3901 parte
2200 3804 2441 3879 altaris
2472 3804 2739 3901 paratis
2770 3826 2895 3877 eo-

263 3926 404 4007 dem
431 3934 644 4011 modo
673 3935 864 4009 sicut
887 3935 1206 4032 positum
1236 3932 1364 4006 fuit
1390 3953 1768 4006 scamnum
1789 3930 2301 4029 episcoporum
2332 3934 2403 4003 et
2432 3930 2893 4026 presbytero-

267 4076 404 4131 rum
439 4060 938 4137 cardinalium.
976 4062 1196 4134 Erant
1243 4065 1487 4132 autem
1536 4078 1833 4131 scamna
1872 4078 2004 4153 pro
2042 4054 2337 4152 prelatis
2371 4076 2676 4127 numero
2708 4054 2897 4129 ultra

269 4190 542 4279 septem,
587 4185 966 4284 quodlibet
1003 4208 1230 4282 capax
1266 4208 1400 4281 pro
1449 4182 1702 4257 decem
1759 4179 2089 4279 personis
2132 4180 2243 4255 vel
2281 4179 2497 4255 circa.
2538 4182 2617 4251 ln
2660 4180 2892 4278 primo

270 4306 442 4384 altari
484 4312 904 4410 proximiori
935 4312 1276 4387 sederunt
1307 4310 1564 4408 prelati
1593 4306 1871 4406 palatii;
1904 4308 1975 4380 in
2010 4306 2331 4381 secundo
2372 4311 2695 4381 oratores
2728 4330 2892 4403 pre-

271 4432 448 4525 dicti3
469 4438 540 4513 in
563 4440 706 4515 alio
729 4439 953 4515 ceteri
977 4437 1232 4536 prelati
1261 4436 1516 4512 ordine
1539 4440 1706 4523 suo:
1733 4456 1864 4531 pro
1896 4432 2261 4509 cardinale
2284 4432 2698 4507 celebrante
2726 4431 2893 4507 addi

276 4554 390 4633 feci
425 4561 740 4640 inferiori
771 4564 1024 4662 gradui
1064 4563 1310 4639 altaris
1349 4586 1596 4635 versus
1635 4560 1989 4658 capellam
2031 4557 2511 4655 posteriorem
2552 4559 2629 4633 in
2668 4580 2892 4633 cornu

279 4685 544 4765 ecclesie
573 4690 968 4767 scabellum
987 4690 1294 4786 largum,
1319 4688 1391 4761 in
1415 4711 1559 4785 quo
1585 4694 1750 4761 ante
1779 4685 2032 4775 altare,
2070 4684 2191 4759 ubi
2222 4684 2731 4761 consuevimus
2762 4710 2893 4783 pro

279 4812 728 4891 sacerdotibus
771 4814 1308 4891 celebrantibus
1348 4820 1428 4888 ut
1467 4818 1660 4887 stent
1697 4811 1939 4902 altine,
1985 4816 2057 4886 et
2096 4810 2275 4886 illud
2312 4812 2403 4886 ad
2442 4811 2893 4887 altitudinem

283 4927 422 5007 dicti
447 4940 700 5033 gradus
729 4940 994 5015 elevari
1025 4947 1096 5015 et
1125 4939 1402 5037 equari,
1437 4945 1517 5013 ut
1543 4936 2023 5012 faldistorium
2054 4937 2209 5033 ejus
2241 4936 2555 5034 desuper
2582 4959 2893 5034 ponere-

287 5058 398 5147 lur‚
427 5063 664 5163 etipse
691 5068 766 5142 in
799 5089 891 5142 eo
919 5089 1064 5142 non
1101 5065 1398 5141 inferius
1429 5066 1694 5141 ceteris
1723 5065 2209 5140 cardinalibus
2240 5068 2557 5157 sederet,
2582 5073 2656 5139 et
2684 5065 2894 5140 desu-

285 5199 392 5273 per
412 5191 564 5280 poni
599 5199 938 5292 tapetem,
976 5216 1180 5269 more
1227 5192 1464 5267 solito.
1507 5194 1838 5268 Castrum
1884 5192 2153 5267 doloris
2190 5192 2322 5266 fuit
2358 5193 2657 5288 longum
2706 5190 2895 5267 inter
