3625 6059
326 605 640 668 [Decembre
667 601 809 660 1499]
979 595 1232 651 RERUM
1285 593 1737 650 URBANARUM
1787 593 2311 652 COMMENTARH.
2585 571 2600 586 ’
2888 607 2998 662 593

336 762 1002 854 quantumcumque
1035 751 1232 848 gravi
1264 753 1338 824 et
1365 748 1826 845 excogitabili
1864 750 2083 824 etiam
2115 749 2516 824 subsidium
2548 751 2996 829 defensionis

331 878 498 953 fidei
525 884 781 952 contra
807 876 1126 974 perfidos
1155 878 1422 948 Turcas
1453 883 1525 950 et
1556 876 1734 950 alios
1767 875 2167 950 orthodoxe
2199 875 2369 950 fidei
2414 875 2663 951 hostes
2692 901 2997 955 conces-

331 1029 476 1094 saS,
513 1009 585 1076 et
608 1002 883 1075 litteras
913 999 1224 1097 desuper
1253 1002 1620 1074 confectas
1653 1025 1736 1075 ac
1763 1001 2006 1098 sepius
2038 1001 2467 1099 approbatas
2498 1027 2993 1102 quascumque

329 1131 614 1204 litteras
667 1128 884 1201 etiam
941 1125 1558 1223 derogatariarum
1604 1127 2082 1225 degorativas,
2132 1129 2491 1220 fortioreS,
2544 1129 2993 1206 efficaciores

328 1261 403 1328 et
441 1251 768 1326 insolitas
803 1275 887 1324 ac
924 1251 1104 1326 tales
1153 1251 1345 1346 quod
1389 1251 1525 1325 illis
1565 1251 1977 1326 nullatenus
2017 1253 2234 1327 etiam
2280 1277 2733 1351 quacumque
2775 1279 2995 1332 causa

333 1377 443 1450 vel
485 1375 760 1450 ratione
801 1375 1018 1450 etiam
1069 1375 1280 1448 simili
1334 1373 1776 1448 defensionis
1822 1375 1990 1448 fidei
2029 1376 2361 1473 derogari
2405 1378 2659 1474 possit,
2697 1403 2833 1453 nec
2876 1379 2995 1454 ille

335 1502 680 1601 suspendi
721 1502 1026 1591 valeant,
1075 1501 1148 1574 in
1192 1525 1268 1572 se
1316 1499 1759 1588 contineant,
1805 1501 2229 1574 auctoritate
2270 1504 2691 1600 apostolica,
2743 1510 2994 1579 tenore

333 1628 810 1723 presentium,
846 1625 936 1699 de
967 1614 1269 1698 consilio
1309 1647 1394 1696 ac
1429 1622 1728 1720 potestis
1771 1623 2221 1718 plenitudine
2253 1625 2605 1702 similibus
2653 1651 2877 1724 usque
2906 1629 2997 1701 ad

328 1754 606 1827 dictum
659 1774 930 1826 annum
980 1747 1658 1845 quinquagesimum
1707 1747 1990 1822 finitum
2037 1749 2364 1846 proxime
2406 1751 2760 1841 futurum,
2810 1753 2995 1826 dun-

339 1882 530 1952 taxat
562 1875 858 1950 omnino
887 1871 1392 1970 suspendimus
1421 1877 1494 1945 et
1525 1894 1915 1968 suspensas
1946 1897 2107 1947 esse
2140 1875 2439 1973 illasque
2470 1880 2770 1971 nemini,
2802 1882 2995 1958 dicto

336 2009 693 2097 tempore,
728 1999 1057 2073 volumus
1097 1996 1505 2094 suffragari,
1543 1996 1937 2070 districtius
1971 2000 2437 2096 prohibentes
2486 2005 2839 2102 predicari
2883 2011 2995 2084 vel

331 2125 708 2222 publicari,
761 2133 833 2198 et
880 2124 952 2196 in
1007 2147 1256 2198 earum
1314 2125 1640 2220 pretextu
1691 2121 2012 2217 questori
2062 2123 2687 2224 eleemosynarum
2732 2130 2996 2227 aliquid

324 2252 704 2348 postulari,
755 2275 836 2322 ac
884 2248 1340 2323 consessores
1390 2246 1948 2320 concessionum
1999 2254 2068 2321 et
2116 2249 2530 2324 facultatum
2576 2253 2995 2352 hujusmodi

323 2377 567 2474 vigore
615 2375 930 2471 aliquem
976 2372 1346 2446 absolvere
1389 2395 1630 2469 posse.
1670 2372 1855 2456 Quin
1904 2372 2050 2446 imo
2091 2381 2499 2469 questoreS,
2535 2379 2994 2455 confessores

323 2507 398 2574 et
438 2499 932 2598 predicatores
982 2520 1474 2595 quoscumque
1526 2519 1657 2592 per
1695 2494 2025 2569 locorum
2076 2498 2483 2574 ordinarios
2531 2526 2574 2575 a
2618 2479 2990 2600 premissis

328 2624 672 2699 faciendis
699 2625 1030 2696 volumus
1061 2630 1134 2697 et
1163 2621 1590 2695 mandamus
1623 2621 2070 2717 presentium
2092 2628 2344 2697 tenore
2372 2627 2721 2714 coerceri,
2746 2627 2997 2702 decer-

328 2756 586 2824 nentes
632 2748 1184 2845 suspensionem
1226 2745 1624 2843 predictam
1664 2755 1828 2843 post
1872 2754 2195 2820 octavam
2240 2748 2402 2822 festi
2444 2753 2993 2827 resurrectionis

328 2878 414 2947 D.
453 2877 540 2946 N.
577 2877 641 2946 J.
679 2878 755 2946 C.
787 2872 1114 2968 proxime
1161 2875 1532 2946 venturam
1579 2895 1790 2942 suum
1834 2869 2099 2945 debere
2142 2874 2379 2946 sortiri
2413 2875 2782 2958 effectum.
2822 2880 2997 2950 Pre—

331 3004 589 3096 parent
621 3021 798 3095 ergo
830 3020 1085 3072 omnes
1119 2996 1339 3070 corda
1380 3020 1507 3068 sua
1541 2995 1853 3068 Domino
1884 3000 1955 3070 et
1984 3018 2226 3070 mores
2258 2997 2332 3069 in
2370 2999 2631 3073 melius
2662 3022 2992 3074 commu-

325 3130 922 3230 tarelconentur,
965 3145 1007 3194 a
1054 3118 1456 3193 malefactis
1508 3117 1957 3206 abstineant,
2007 3119 2451 3193 satisfaciant
2507 3122 2817 3197 Domino
2864 3148 2995 3222 per

328 3245 730 3342 penitentie
776 3243 1126 3332 dolorem,
1160 3238 1587 3314 humilitatis
1617 3240 1977 3338 spiritum,
2007 3264 2137 3338 per
2176 3243 2465 3315 contriti
2498 3244 2736 3318 cordis
2768 3247 2992 3320 sacri-

329 3374 606 3460 ficium,
656 3367 1211 3466 cooperantibus
1260 3365 1740 3463 eleemosynis
1783 3372 1855 3440 et
1897 3366 2629 3463 peregrinationibus,
2676 3377 2746 3443 et
2784 3370 2993 3446 adve-

322 3498 574 3571 niente
615 3493 900 3568 Domini
948 3514 1136 3566 anno
1167 3491 1452 3589 jubilei,
1489 3496 1905 3564 sanctorum
1950 3492 2217 3589 templa
2251 3491 2647 3586 visitanteS,
2684 3519 2987 3591 quorum

321 3621 554 3694 millia
581 3621 731 3694 fere
772 3620 846 3691 in
891 3616 1244 3690 memoria
1283 3639 1425 3689 una
1469 3639 1635 3689 cum
1677 3615 2215 3712 gloriosissimis
2268 3617 2613 3714 apostolis
2660 3623 2873 3696 Petro
2920 3630 2996 3696 et

326 3745 554 3819 Paulo
603 3744 680 3816 in
710 3744 902 3817 dicta
947 3740 1136 3815 Urbe
1177 3740 1668 3836 requiescunt,
1711 3740 1835 3835 qui
1872 3746 2181 3814 mortem
2219 3763 2352 3836 pro
2392 3742 2653 3816 Christi
2695 3744 2989 3819 nomine

323 3869 656 3968 perpessi
701 3869 859 3964 ejus
912 3865 1333 3963 conspectui
1383 3887 1674 3961 semper
1721 3864 2089 3953 assistunt,
2137 3864 2665 3941 intercessores
2716 3867 2988 3943 habere

325 4000 770 4069 mereantur.
806 3997 896 4066 Ut
930 3999 1171 4065 autem
1201 3997 1578 4088 presentes
1609 3989 1846 4063 littere
1895 3988 1987 4062 ad
2035 3989 2357 4062 omnium
2396 3991 2723 4065 notitiam
2768 3991 2991 4067 dedu-

323 4125 610 4210 cantur,
647 4118 802 4192 illas
832 4118 905 4190 in
950 4116 1166 4191 valvis
1205 4114 1662 4191 basilicarum
1697 4116 2028 4214 ejusdem
2071 4114 2419 4212 principis
2462 4115 2984 4212 apostolorum,

317 4272 384 4318 s.
441 4243 740 4318 Joannis
788 4241 1290 4316 Lateranensis
1339 4239 1428 4314 de
1484 4241 1674 4313 dicta
1721 4238 1912 4314 Urbe
1967 4237 2189 4334 afligi,
2239 4243 2315 4311 ut
2371 4238 2447 4310 hi
2506 4263 2689 4337 quos
2749 4241 2987 4316 littere

319 4367 745 4468 hujusmodi
795 4373 1269 4455 concernunt,
1314 4365 1506 4462 quod
1551 4365 1640 4438 ad
1693 4365 1891 4460 ipsos
1944 4388 2090 4436 non
2136 4363 2620 4460 pervenirent,
2658 4373 2781 4441 aut
2826 4366 2987 4440 illos

319 4492 838 4591 ignoraverint,
876 4490 1144 4564 nullam
1175 4489 1453 4586 possint
1485 4489 2029 4563 excusationem
2060 4487 2491 4586 pretendere
2524 4489 2631 4562 vel
2657 4489 2991 4586 ignoran-

321 4619 500 4692 tiam
535 4617 876 4714 allegare,
916 4639 1082 4690 cum
1115 4637 1258 4689 non
1293 4614 1383 4688 sit
1412 4613 1797 4688 verisimile
1830 4612 2024 4709 quod
2054 4612 2227 4710 ipsis
2258 4619 2633 4688 remaneat
2668 4614 2990 4710 incogni-

317 4750 472 4816 tum
505 4740 701 4840 quod
734 4748 879 4814 tam
909 4747 1244 4836 patenter
1269 4739 1484 4815 fuerit
1512 4738 1984 4836 publicatum.

422 4868 849 4941 Mandamus
901 4863 1120 4936 etiam
1173 4861 1698 4935 venerabilibus
1750 4859 2088 4934 fratribus
2146 4859 2409 4933 nostris
2461 4858 2812 4932 universis
2860 4884 2987 4958 pa-

323 4992 690 5082 triarchiS,
727 4988 1086 5087 episcopis
1119 4996 1191 5060 et
1221 4986 1378 5060 aliis
1417 4985 1742 5060 locorum
1777 4983 2156 5057 ordinariis
2196 4989 2273 5056 ut
2317 4982 2453 5078 ipsi
2486 4990 2559 5057 et
2600 5007 2732 5079 per
2771 5009 2847 5060 se
2878 4987 2989 5061 vel

316 5119 543 5191 alium
575 5139 702 5190 seu
737 5113 942 5204 alios,
977 5117 1360 5209 postquam
1387 5109 1810 5184 earumdem
1842 5108 2288 5206 presentium
2314 5106 2647 5180 notitiam
2668 5121 3011 5208 quoquo-'

317 5241 498 5315 libet
546 5237 766 5312 modo
812 5235 1237 5325 habuerint,
1291 5233 1642 5331 aliquibus
1701 5231 2082 5306 dominicis
2132 5230 2385 5304 diebus
2436 5230 2547 5303 vel
2597 5231 2866 5308 festivis
2916 5235 2985 5308 in

609 5405 656 5440 τ.
695 5404 746 5440 ιι.
2638 5387 2707 5440 38
