3625 6059
746 583 852 639 388
1691 582 2045 640 JOHANNJS
2096 582 2539 651 BURCHARDI,
3066 582 3191 643 [suin
3218 586 3318 645 1⁴97]

749 732 999 808 matris
1048 756 1328 825 eorum,
1385 733 1622 831 posita
1671 757 1897 832 prope
1952 734 2337 809 ecclesiam
2378 760 2438 809 s.
2485 734 2679 809 Petri
2718 734 2813 807 ad
2850 733 3153 825 Vincula,
3198 756 3321 809 cum

749 858 906 957 ipsa
947 882 1202 934 eorum
1256 867 1486 934 matre
1532 866 1606 934 et
1655 859 1837 933 aliis,
1896 864 2093 933 Cena
2134 860 2352 949 facta,
2404 866 2619 934 nocte
2668 883 2959 935 cursum
3008 866 3231 956 agente
3274 866 3326 933 et

750 987 959 1057 Rmo.
995 988 1080 1057 D.
1116 984 1458 1059 cardinali
1501 984 1888 1069 Valentino
1936 984 2247 1059 reditum
2281 1008 2537 1059 eorum
2563 986 2653 1058 ad
2686 984 3027 1081 palatium
3052 985 3328 1081 apostoli-

751 1132 916 1182 cum
949 1109 1382 1185 sollicitante
1420 1110 1611 1207 apud
1637 1111 1897 1184 ducem
1928 1118 2001 1185 et
2032 1110 2522 1208 capitaneum,
2556 1111 2852 1185 fratrem
2892 1130 3090 1183 suum
3114 1108 3330 1205 predic-

750 1241 935 1325 tum,
975 1235 1459 1309 ascenderunt
1501 1259 1728 1332 equos
1767 1236 1911 1309 sive
1942 1234 2175 1310 mulas
2213 1235 2427 1309 ambo
2458 1235 2593 1333 ipsi
2632 1259 2797 1310 cum
2830 1234 3071 1331 paucis
3098 1257 3177 1308 ex
3198 1232 3328 1321 suis,

748 1360 1090 1454 quoniam
1139 1358 1616 1457 paucissimos
1657 1360 2045 1434 servitores
2091 1382 2339 1434 secum
2369 1360 2782 1451 habebant3
2822 1368 2897 1433 et
2934 1359 3130 1433 simul
3168 1358 3328 1431 ambo

749 1485 1161 1584 equitarunt
1207 1508 1432 1582 usque
1479 1510 1626 1558 non
1669 1486 1887 1584 longe
1941 1511 1983 1560 a
2028 1487 2295 1586 palatio
2344 1486 2531 1559 Rmi.
2592 1489 2675 1559 D.
2708 1484 3019 1570 Ascanii,
3069 1483 3328 1557 vicecan-

751 1606 1047 1698 cellarii,
1104 1607 1297 1705 quod
1341 1608 1516 1681 alias
1558 1611 1683 1683 SS.
1724 1612 1806 1682 D.
1844 1611 2099 1701 nostri,
2156 1618 2329 1683 tunc
2379 1610 3015 1685 vicecancellarius
3060 1608 3331 1688 existens

751 1732 1154 1807 inhabitare
1187 1734 1568 1808 consuevit
1595 1742 1664 1809 et
1687 1736 2091 1810 contruxit:
2129 1736 2252 1809 ubi
2283 1735 2515 1809 dictus
2541 1735 2685 1809 dux
2716 1758 3045 1811 asserens
3074 1756 3142 1807 se
3168 1731 3335 1829 prius·

751 1880 966 1954 quam
997 1856 1088 1929 ad
1115 1856 1464 1953 palatium
1497 1866 1981 1933 reverteretur
2010 1860 2175 1933 alibi
2208 1859 2443 1935 solatii
2476 1862 3014 1951 causaiturum,
3048 1864 3337 1954 acceptaa

753 1980 1080 2080 predicto
1115 1982 1474 2057 cardinale
1506 1984 1724 2058 fratre
1755 2007 1885 2057 suo
1907 1984 2223 2076 licentia,
2260 1986 2703 2076 retrocessit,
2740 1985 3050 2060 dimissis
3078 1982 3336 2057 omnibus

752 2108 896 2182 illis
925 2108 1176 2211 paucis
1221 2110 1688 2184 servitoribus
1712 2133 1915 2207 .quos
1948 2134 2195 2186 secum
2225 2110 2567 2201 habebat,
2607 2135 2652 2185 a
2688 2135 2767 2185 se
2808 2135 2954 2185 uno
2994 2115 3237 2184 tantum
3264 2128 3337 2178 re·

756 2238 954 2307 tento
993 2240 1067 2308 et
1106 2234 1418 2331 quodam
1464 2235 1613 2330 qui,
1663 2234 1848 2310 facie
1896 2236 2153 2327 velata,
2198 2237 2289 2310 ad
2336 2260 2594 2311 cenam
2640 2235 2733 2310 ad
2773 2258 2943 2311 eum
2980 2236 3258 2317 venerat,
3290 2236 3339 2299 et

755 2383 885 2457 per
924 2383 1251 2435 mensem
1297 2359 1408 2435 vel
1453 2363 1650 2435 circa
1678 2362 1873 2461 prius
1906 2362 2203 2460 singulis
2234 2362 2347 2437 vel
2376 2363 2581 2459 quasi
2614 2360 2867 2437 diebus
2900 2381 3061 2436 eum
3090 2355 3269 2431 etiam
3291 2350 3339 2423 in

756 2482 1022 2580 palatio
1069 2487 1469 2582 apostolico
1518 2487 1958 2577 visitaverat3
2009 2486 2083 2560 in
2123 2488 2321 2562 mula
2368 2510 2583 2585 quam
2632 2488 2791 2586 ipse
2838 2486 2980 2561 dux
3021 2478 3337 2579 equitabat,

757 2615 954 2683 retro
988 2634 1066 2683 se
1099 2617 1421 2707 receptO,
1478 2611 2077 2709 equitavitusque
2110 2612 2199 2685 ad
2249 2613 2561 2710 plateam
2605 2612 3002 2689 Judeorum
3048 2608 3155 2683 ubi
3181 2603 3341 2680 etiam

757 2732 1030 2809 dictum
1079 2735 1478 2810 stafferium
1527 2736 1922 2811 licentiavit
1960 2743 2107 2812 eta
2148 2762 2225 2811 se
2270 2761 2519 2813 versus
2545 2738 2898 2835 palatium
2942 2731 3215 2819 remisit,
3246 2724 3341 2799 sihi

761 2868 1003 2935 tamen
1055 2860 1518 2936 committens
1563 2862 1759 2958 quod
1798 2862 1892 2935 ad
1918 2863 2175 2938 horam
2206 2886 2377 2937 xxm
2412 2864 2489 2937 in
2517 2864 2711 2939 dicta
2736 2864 2979 2962 platea
3006 2854 3341 2955 expectaret
3468 2880 3470 2893 =

760 2986 1025 3085 ipsum,
1062 2987 1248 3061 infra
1275 3010 1522 3084 quam,
1549 2988 1608 3060 si
1631 2987 1722 3061 ad
1750 3011 1917 3062 eum
1946 3012 2095 3063 non
2122 2996 2630 3079 reverteretur,
2662 2990 2753 3065 ad
2776 2989 3045 3063 dictum
3070 2978 3339 3081 palatium

757 3110 1059 3201 rediret;
1087 3112 1296 3187 ethis
1329 3112 1567 3204 dictis,
1599 3113 1969 3211 predictus
1998 3114 2143 3189 dux
2168 3138 2335 3189 cum
2359 3115 2630 3191 larvato
2653 3115 2727 3187 in
2754 3136 3029 3213 groppa
3056 3131 3169 3183 sue
3198 3098 3336 3177 mule

757 3237 1198 3313 consedente
1241 3262 1284 3312 a
1319 3238 1634 3313 stafferio
1678 3240 2004 3331 recessit,
2041 3246 2113 3314 et
2143 3262 2284 3337 quo
2324 3241 2666 3338 equitavit
2712 3238 2990 3328 nescio,
3034 3234 3143 3309 ubi
3169 3231 3335 3304 inter·
3466 3224 3468 3265 l

761 3360 990 3434 fectus
1021 3368 1094 3435 et
1121 3369 1422 3437 necatus
1455 3369 1592 3453 est,
1629 3372 1700 3437 et
1731 3365 1806 3437 in
1838 3366 2108 3441 flumen
2139 3389 2271 3465 per
2292 3366 2493 3441 illum
2524 3366 2771 3441 locum
2796 3368 3006 3466 juxta
3032 3383 3147 3435 seu
3174 3370 3339 3455 prope

759 3484 1120 3593 hospitale
1164 3488 1391 3561 sancti
1435 3488 1857 3587 Hieronymi
1891 3489 2305 3565 Sclavorum
2338 3500 2865 3590 nuncupatum,
2903 3490 2972 3564 in
3000 3488 3101 3561 via
3134 3502 3250 3579 qua
3276 3472 3337 3546 (Ῑθ
3464 3558 3466 3589 ἰ

759 3616 981 3708 ponte
1013 3635 1072 3683 s.
1109 3612 1361 3707 Angeli
1404 3618 1603 3687 recta
1630 3614 1744 3687 via
1772 3614 1917 3688 itur
1944 3616 2035 3689 ad
2064 3616 2447 3691 ecclesiam
2488 3618 2697 3693 beate
2736 3617 2961 3692 Marie
2992 3614 3074 3688 de
3103 3601 3335 3703 Popula,
3465 3607 3466 3638 ¹

756 3734 965 3832 juxta
986 3736 1264 3811 fontem
1289 3760 1378 3811 ex
1407 3743 1596 3813 terra
1625 3739 2063 3827 conductum
2096 3742 2341 3829 situm,
2374 3766 2505 3839 per
2529 3765 2746 3839 quem
2782 3742 2992 3815 timus
3020 3754 3214 3832 super
3234 3746 3343 3801 car-

765 3861 966 3934 rettis
1009 3860 1412 3937 conductus
1442 3862 1799 3961 adipsum
1835 3867 2109 3939 ssumen
2157 3866 2409 3964 projici
2450 3867 2843 3957 consuevit,
2888 3863 3217 3965 projectus
3240 3854 3337 3924 est·

763 3985 1136 4061 Stafferius
1187 3994 1432 4063 autem
1489 3990 1856 4087 predictus
1898 3992 1971 4065 in
2010 3992 2251 4089 platea
2287 3993 2685 4067 Judeorum
2730 3991 3060 4066 dimissus
3100 3976 3343 4082 graviter

763 4112 1174 4188 vulneratus
1198 4120 1268 4186 et
1291 4137 1516 4210 usque
1549 4114 1641 4187 ad
1663 4122 1977 4189 mortem
2009 4117 2382 4191 mutilatus
2409 4124 2481 4191 et
2502 4117 2575 4191 in
2596 4116 2907 4214 quadam
2937 4108 3161 4188 nescio
3186 4098 3341 4195 cujus

765 4235 983 4310 domo
1021 4238 1589 4313 misericorditer
1623 4250 1965 4338 receptus
1998 4248 2109 4316 est
2140 4250 2209 4318 et
2255 4268 2431 4318 cura
2466 4242 2533 4318 ei
2563 4243 2930 4343 impensa:
2966 4235 3079 4337 qui
3102 4232 3191 4306 sle
3214 4240 3337 4323 per-

766 4361 1090 4435 turbatus
1135 4358 1281 4438 non
1325 4364 1554 4461 potuit
1604 4367 1997 4464 quicquam
2030 4368 2120 4442 de
2152 4368 2427 4443 domini
2470 4367 2578 4442 sui
2616 4363 3110 4443 commissione
3136 4360 3197 4429 et
3221 4366 3342 4421 suc-

765 4508 977 4561 cessu
1010 4488 1444 4586 significare.
1495 4494 1710 4565 Mane
1757 4470 2003 4569 autem
2047 4494 2263 4585 fact0,
2307 4494 2493 4593 jovis
2532 4500 2615 4569 15
2631 4494 2849 4593 junii,
2888 4492 3058 4567 duce
3084 4472 3339 4582 predicto

765 4614 857 4687 ad
905 4614 1246 4711 palatium
1291 4616 1773 4714 apostolicum
1813 4642 1958 4693 non
1999 4618 2377 4711 redeunte,
2428 4620 2811 4694 servitores
2848 4617 2953 4692 sui
2990 4601 3339 4686 secretiores

637 4780 651 4799 ·
766 4739 1407 4831 conturbabantur,
1440 4749 1510 4815 et
1539 4766 1724 4816 unus
1756 4742 1959 4818 ducis
1989 4744 2289 4843 predicti
2322 4753 2394 4821 et
2424 4747 2809 4822 cardinalis
2839 4733 3167 4824 Valentini
3192 4741 3342 4801 sero-

768 4860 997 4939 tinum
1029 4889 1398 4941 recessum
1423 4874 1495 4943 et
1527 4876 1984 4966 expectatum
2009 4871 2165 4971 ejus
2196 4871 2499 4946 reditum
2530 4893 2745 4949 mane
2774 4849 3333 4972 pontifici‘indicat.

768 4991 1236 5065 Perturbatus
1275 4992 1537 5066 exinde
1585 4995 1937 5093 pontifex,
1974 5003 2048 5070 et
2078 5005 2325 5085 tamen,
2359 4998 2598 5097 ipsum
2647 5000 2904 5075 ducem
2948 4981 3177 5068 alicubi
3212 4986 3333 5046 cum

767 5117 1006 5215 puella
1047 5116 1424 5191 intendere
1468 5118 1664 5191 luxui
1717 5120 1853 5194 sibi
1900 5120 2347 5218 persuadens
2392 5128 2465 5197 et
2505 5124 2597 5198 ob
2646 5148 2809 5200 eam
2852 5134 3115 5199 cansam
3152 5091 3334 5201 puelle

769 5241 1065 5316 domum
1110 5242 1309 5318 exire
1355 5242 1479 5318 illa
1525 5244 1642 5318 die
1690 5245 1824 5342 ipsi
1867 5246 2033 5322 duci
2077 5270 2225 5323 non
2266 5247 2517 5339 licere,
2576 5250 2903 5350 sperabat
2945 5230 3177 5321 eumin
3211 5230 3331 5295 59Γο
