3625 6059
224 524 454 580 :Fen-ier
489 526 632 585 1598]
895 524 1148 581 RERUM
1202 523 1652 581 URBANARUM
1701 524 2227 583 COMMENTARH.
2552 516 2556 521 ’
2788 534 2891 587 433

227 679 576 775 preteriti,
618 684 662 751 8
719 678 960 774 hujus,
1008 677 1083 750 in
1145 686 1393 767 nocte,
1439 676 1700 752 cecidit
1749 678 1823 750 in
1882 677 2218 774 Tyberim
2266 701 2412 751 non
2448 678 2783 768 libenter,
2821 680 2894 753 in

227 802 486 877 eodem
539 803 838 877 flumine
899 808 1227 899 repertus
1277 808 1424 894 est,
1473 803 1562 876 de
1629 826 1771 899 quo
1832 802 2061 875 multa
2114 801 2306 876 dicta
2354 810 2521 877 sunt
2575 828 2705 901 per
2761 809 2895 879 Ur-

225 929 386 1002 bem
419 932 550 1023 (1).

319 1054 534 1128 Feria
561 1058 842 1149 quarta,
880 1058 962 1125 21
1002 1052 1275 1125 mensis
1307 1052 1677 1143 februarii,
1712 1054 1963 1127 RRmi.
1996 1059 2149 1128 DD.
2185 1055 2585 1130 cardinales
2616 1062 2687 1129 et
2718 1060 2897 1131 Bor-

225 1181 337 1275 gia
398 1180 818 1275 equitarunt
882 1200 971 1249 ex
1025 1175 1218 1250 Urbe
1277 1179 1349 1249 in
1405 1177 1656 1251 habitu
1713 1176 1947 1252 laicali
2010 1178 2303 1275 gallico,
2354 1204 2573 1255 causa
2631 1182 2891 1273 solatii,

225 1306 496 1379 Ostiam
530 1304 971 1394 Tiberinam,
1003 1310 1076 1376 et
1107 1302 1302 1393 inde,
1329 1301 1442 1375 die
1475 1303 1752 1377 sabbati
1785 1307 1878 1375 24
1911 1303 2084 1377 dicti
2108 1306 2410 1395 mensiS,
2446 1330 2612 1381 cum
2637 1307 2894 1381 iisdem

225 1430 586 1505 habitibus
613 1436 774 1503 sunt
805 1428 898 1502 ad
928 1428 1197 1503 Urbem
1227 1427 1518 1503 reversi.

317 1560 398 1627 ln
447 1554 592 1629 hoc
633 1553 1129 1651 carnispriviO,
1176 1552 1450 1627 nullum
1492 1555 1782 1645 festum,
1829 1554 2102 1629 nullum
2144 1558 2516 1653 publicum
2558 1561 2894 1635 solatium

229 1680 556 1754 habitum
587 1678 801 1753 estin
836 1679 1024 1753 Urbe
1054 1702 1288 1776 neque
1320 1678 1395 1752 in
1425 1682 1677 1776 Agone
1705 1704 1941 1779 neque
1972 1684 2045 1756 in
2083 1686 2495 1777 Testaccio;
2532 1711 2680 1761 non
2710 1688 2897 1763 facte

233 1804 633 1879 maschare.

327 1928 708 2002 Dominica
735 1927 1061 2024 proxime
1096 1930 1470 2025 preterita,
1509 1952 1648 2026 que
1679 1930 1809 2004 fuit
1847 1935 1931 2003 18
1975 1932 2189 2028 hujus
2226 1934 2527 2025 mensiS,
2560 1934 2745 2010 Julio
2772 1936 2898 2011 Vi-

239 2056 540 2131 telliensi
585 2058 1018 2145 Cornetano‚
1057 2054 1243 2127 Rmi.
1282 2059 1370 2127 D.
1407 2055 1792 2128 cardinalis
1840 2079 1898 2128 S.
1936 2056 2327 2132 Clementis
2376 2059 2723 2133 servitore
2770 2059 2901 2134 do-

240 2180 558 2269 mestico,
595 2179 670 2253 in
702 2179 1012 2253 ecclesia
1051 2186 1443 2253 conventus
1485 2180 1785 2254 fratrum
1818 2180 2349 2277 predicatorum
2382 2206 2604 2279 super
2629 2184 2901 2257 Miner-

245 2330 392 2377 vam
435 2306 736 2377 missam
781 2304 1146 2394 audiente,
1180 2304 1536 2377 intrarunt
1569 2303 1909 2401 [quidam]
1944 2303 2277 2379 eamdem
2318 2307 2702 2381 ecclesiam
2732 2330 2900 2380 cum

245 2430 484 2504 decem
509 2429 616 2503 vel
639 2429 834 2502 circa
859 2428 1073 2502 sociis
1099 2430 1421 2519 armatis,
1450 2428 1742 2501 balistas
1774 2427 1932 2501 telis
1965 2437 2327 2520 onerataS,
2356 2453 2595 2522 enseS,
2619 2430 2895 2528 gladios

249 2556 491 2647 uudoS,
527 2555 864 2652 cuspides
907 2560 980 2627 et
1020 2552 1314 2627 rotellas
1345 2551 1810 2641 habentibuS,
1848 2558 1919 2625 et
1950 2550 2222 2627 dictum
2252 2552 2518 2626 Julium
2550 2561 2619 2628 et
2640 2554 2899 2630 fratres

253 2702 404 2751 suos
425 2678 497 2751 in
526 2677 806 2775 capella
836 2675 1169 2749 Crucifixi
1197 2674 1656 2748 vulnerarunt
1686 2680 1757 2748 et
1783 2674 2198 2750 invaserunt
2224 2677 2613 2770 hostiliter,
2641 2702 2730 2751 ex
2756 2703 2901 2776 qua

251 2802 536 2895 lesione,
574 2803 811 2876 dictus
839 2801 1064 2875 Julius
1108 2807 1181 2873 et
1219 2800 1362 2872 duo
1403 2799 1560 2896 ejus
1601 2798 1859 2874 fratres
1904 2799 2093 2875 infra
2132 2826 2402 2899 paucos
2441 2803 2595 2879 dies
2631 2804 2722 2877 ab
2762 2804 2901 2877 hac

257 2928 378 3001 vita
409 2928 901 3002 dec-esserunt.
954 2930 1125 2999 Post
1161 2925 1542 3021 prandium
1592 2924 1780 2999 dicte
1830 2925 1973 3000 diei
2024 2927 2411 3019 dominice,
2462 2928 2903 3025 gubernator

261 3054 447 3127 [rbis
475 3054 816 3151 equitavit
847 3075 1014 3127 cum
1046 3058 1259 3148 gente
1293 3049 1520 3123 multa
1549 3048 1640 3122 ad
1679 3052 1977 3124 domum
2020 3052 2403 3126 dictorum.

345 3181 465 3254 Die
514 3182 866 3269 cinerum,
904 3177 1083 3251 feria
1129 3185 1408 3271 quarta,
1451 3181 1543 3249 28
1590 3174 1758 3249 dicti
1799 3176 2071 3249 mensis
2116 3176 2482 3267 februarii,
2518 3180 2645 3252 SS.
2685 3184 2769 3253 D.
2810 3184 2897 3255 N.

267 3303 326 3375 in
367 3305 640 3404 capella
687 3306 966 3402 majore
1015 3301 1258 3400 palatii
1309 3300 1721 3397 supradicta
1766 3300 2135 3376 benedixit
2184 3302 2466 3377 cineres
2513 3328 2716 3400 quaS,
2762 3303 2901 3378 illis

263 3430 378 3501 sibi
415 3456 542 3528 per
583 3434 872 3503 Rmum.
913 3434 998 3503 D.
1037 3426 1478 3501 cardinalem
1520 3451 1577 3499 s.
1613 3426 1935 3524 Dionysii
1976 3426 2467 3503 celebrantem
2496 3429 2733 3526 primo
2762 3430 2901 3504 im-

265 3556 516 3649 positis,
557 3554 819 3629 deinde
850 3553 1194 3650 imposuit
1232 3559 1303 3627 et
1341 3551 1702 3625 distribuit
1746 3551 1987 3627 eidem
2030 3552 2375 3626 cardinali
2414 3552 2897 3643 celebraturo,

267 3689 492 3773 postea
527 3679 714 3771 aliis,
749 3700 953 3753 more
995 3677 1233 3750 solito.
1273 3679 1526 3749 Orator
1555 3681 2013 3785 Venetorum·
2034 3677 2232 3751 dedit
2269 3700 2531 3773 aquam
2570 3678 2905 3753 manibus

273 3806 434 3901 l‘ape
462 3814 625 3903 post
655 3804 918 3879 cineris
961 3802 1497 3900 impositionem
1529 3807 1600 3875 et
1638 3802 2062 3876 Gullielmus
2094 3805 2331 3895 Serra,
2367 3802 2637 3876 ordinis
2666 3803 2905 3878 mino-

275 3954 432 4023 rum,
457 3932 732 4007 electus
763 3932 1170 4028 imponenS,
1199 3937 1487 4027 paratus
1519 3926 2025 4025 superpellicio
2058 3932 2129 4001 et
2159 3925 2446 4023 pluviali
2473 3927 2628 4000 sine
2660 3928 2899 4020 mitra,

334 4138 376 4194 1.
517 4160 542 4190 ι
573 4138 616 4194 Ε
644 4135 786 4193 altra
812 4134 958 4192 volta
987 4134 1256 4208 (Cesare),
1279 4136 1548 4189 ammazzo
1567 4133 1622 4188 di
1653 4148 1754 4188 sua
1782 4148 1943 4187 mano
1964 4135 2107 4187 sotto
2136 4129 2171 4185 il
2194 4136 2377 4187 manto
2406 4129 2494 4185 del
2514 4147 2672 4205 papa,
2696 4149 2909 4189 messer

277 4224 514 4292 l’ivrottm
554 4227 602 4283 si
641 4224 742 4283 che
775 4225 814 4281 il
852 4242 1062 4298 sangae
1101 4224 1242 4279 salto
1279 4222 1386 4279 alla
1413 4222 1584 4279 faccia
1620 4222 1706 4277 del
1754 4238 1915 4294 papa,
1955 4218 2041 4275 del
2080 4219 2241 4293 quale
2288 4236 2501 4275 messer
2538 4219 2777 4278 Pierotto
2816 4240 2910 4279 era

277 4312 490 4374 iat-orito.
527 4340 554 4368 »ι
595 4313 836 4390 Capello,
875 4316 1058 4372 Relaz.
1098 4315 1248 4382 demi
1283 4314 1488 4368 ambas.
1538 4313 1748 4377 Veneti,
1787 4313 1847 4363 2³
1896 4308 2057 4379 serie,
2098 4314 2137 4365 t.
2194 4308 2287 4376 111,
2329 4326 2383 4381 p.
2428 4310 2495 4364 10
2532 4314 2589 4364 et
2626 4310 2713 4367 11.
2754 4307 2907 4367 Cette

275 4404 485 4475 version,
516 4406 608 4479 qui
640 4405 828 4461 differe
857 4404 925 4459 de
955 4401 1088 4458 celle
1127 4402 1194 4457 de
1225 4402 1526 4471 Burchard,
1559 4407 1646 4458 est
1682 4399 1955 4456 conforme
1993 4402 2026 4455 ἐι
2059 4396 2189 4453 celle
2229 4397 2323 4471 qui
2362 4414 2423 4454 se
2459 4404 2650 4455 trouve
2689 4398 2829 4456 dans
2858 4399 2909 4457 la

281 4488 408 4549 lettre
433 4494 640 4551 celebre
677 4494 937 4550 adressee
965 4495 998 4547 a
1027 4490 1230 4547 Silvius
1255 4491 1323 4546 de
1352 4488 1588 4546 Sabellis
1619 4492 1710 4556 (15
1739 4488 2032 4545 novembre
2066 4488 2245 4557 1501),
2278 4494 2319 4544 t.
2354 4486 2429 4543 111
2456 4488 2524 4542 de
2554 4494 2694 4545 cette
2722 4488 2852 4547 edit.
2892 4506 2907 4545 ε

279 4604 300 4627 11
411 4584 548 4641 alius
585 4584 830 4657 ejusdem
867 4580 1141 4655 pontificis
1180 4578 1545 4636 cubicularius
1587 4580 1843 4635 Perottus
1881 4577 1933 4633 in
1970 4578 2088 4651 ejus
2133 4576 2342 4649 gremio
2379 4575 2700 4633 trucidatus.
2734 4598 2764 4628 »
2805 4578 2908 4633 Sa-

279 4678 406 4741 nuto,
425 4672 513 4746 qui
539 4678 794 4747 rapporte
822 4670 870 4727 le
900 4670 996 4727 fait
1024 4688 1230 4726 comme
1251 4670 1552 4737 Burclnard,
1576 4668 1758 4741 ajoute
1790 4684 1897 4740 que
1926 4667 2151 4721 Perotto
2180 4665 2263 4721 sut
2289 4668 2479 4721 trouve
2518 4669 2659 4737 noye
2690 4665 2829 4722 dans
2860 4665 2908 4723 le

280 4754 414 4815 Tibre
431 4780 558 4817 avec
589 4778 693 4816 une
706 4760 874 4835 jeuue
905 4758 1033 4826 fille,
1063 4764 1308 4813 creature
1337 4758 1411 4813 du
1440 4774 1598 4831 pape.
1634 4780 1662 4807 «
1682 4772 1855 4829 ...per
1883 4753 2071 4811 lettere
2100 4753 2155 4809 di
2183 4756 2253 4809 20
2282 4752 2338 4808 di
2366 4752 2663 4824 l'instante,
2697 4753 2743 4811 si
2774 4755 2910 4812 have

285 4860 410 4901 come
445 4848 637 4907 Peroto
674 4846 936 4905 camarIer
973 4855 1028 4903 et
1063 4847 1291 4903 savorito
1328 4846 1402 4901 dil
1443 4864 1603 4920 papa,
1635 4850 1693 4900 za
1731 4842 1863 4901 boni
1893 4844 1948 4897 di
1986 4858 2093 4899 non
2136 4842 2182 4896 si
2224 4858 2427 4914 sapeva
2464 4842 2603 4899 dove
2640 4843 2815 4911 fusse,
2856 4852 2911 4901 et

283 4930 362 4985 eho
391 4936 506 4993 l'era
545 4945 630 4995 sta
669 4942 906 5009 ane-gato
943 4936 1031 4991 nel
1061 4934 1224 4991 fuitne
1264 4935 1339 4991 dil
1368 4936 1589 4991 Terei-e.
1623 4934 1688 4989 Et
1716 4937 1879 4989 etiam
1908 4930 2173 4987 manchoe
2204 4948 2313 4985 una
2342 4930 2565 4985 donzeta
2592 4930 2645 4985 di
2676 4932 2910 4987 madona

281 5020 500 5081 Lucrecia
525 5026 648 5083 fiola
677 5026 752 5081 ‹lil
790 5044 952 5100 papa,
984 5023 1036 5080 la
1072 5024 1198 5098 qual
1235 5027 1400 5080 ctiam
1439 5024 1490 5078 so
1530 5028 1738 5079 trovata
1776 5038 1879 5076 con
1922 5018 2059 5077 ditto
2096 5020 2313 5093 Pyrone
2351 5026 2607 5092 anegata,
2640 5020 2907 5077 chiamata

281 5112 480 5171 inaclona
507 5114 878 5183 Panthasilea,
908 5113 1044 5171 alias
1073 5121 1322 5170 creatura
1349 5112 1404 5167 di
1435 5128 1562 5167 esso
1583 5110 1872 5184 pontefice,
1895 5116 1949 5166 et
1978 5107 2030 5165 la
2057 5109 2287 5182 cagione
2308 5126 2417 5165 non
2449 5108 2497 5164 si
2528 5126 2609 5167 sa.
2642 5132 2671 5161 »
2700 5112 2907 5181 Dim-ii,

285 5204 316 5251 t.
347 5198 380 5265 1,
406 5202 498 5261 col.
527 5206 649 5260 883.

529 5347 578 5383 τ.
612 5348 666 5385 ιι.
2555 5326 2627 5379 ‘28
