3625 6059
605 590 678 661 το
1522 595 1871 657 JoHANNJs
1919 593 2356 668 BURCHARDI,
2968 594 3100 661 [nai
3134 592 3279 660 140³]

604 757 1047 833 baldachino
1079 753 1277 831 venit
1308 754 1400 829 ad
1433 754 1678 831 locum
1713 750 2000 851 publice
2041 748 2563 829 benedictionis
2602 748 2725 827 ubi
2767 750 2967 826 dedit
3005 750 3279 827 solem-

609 908 780 959 nem
839 882 1422 958 benedictionem
1481 880 1554 955 'et
1607 876 1971 978 plenarias
2026 876 2509 978 indulgentias
2562 900 2766 953 more
2824 878 3039 954 solito
3096 902 3280 976 quas

611 1010 1154 1109 publicaverunt
1200 1032 1258 1080 S.
1310 1004 1600 1102 Georgii
1637 1003 1859 1080 latine
1904 1010 1978 1079 et
2016 1002 2106 1080 de
2142 1004 2493 1080 Columna
2538 1002 2825 1078 diaconi
2870 1000 3277 1079 cardinales

609 1133 1022 1232 vulgariter.
1055 1131 1330 1208 Deinde
1353 1134 1550 1228 Papa
1564 1152 1897 1204 reversus
1919 1130 2145 1221 estad
2162 1126 2535 1229 palatium,
2568 1128 3054 1204 cardinalibus
3082 1128 3279 1204 circa

608 1267 905 1359 pontem
963 1256 1389 1348 licenciatis,
1454 1262 1528 1331 et
1581 1253 1751 1351 quia
1784 1253 2007 1328 abbas
2038 1278 2100 1327 s.
2144 1252 2583 1347 Sebastiani,
2644 1253 2947 1327 sacrista
3001 1249 3275 1351 palatii,

612 1362 890 1458 dixerat
921 1385 1112 1481 Pape
1148 1384 1343 1481 quod
1376 1383 1677 1458 deberet
1715 1380 1961 1457 venire
1999 1381 2130 1455 sub
2171 1377 2602 1455 baldachino
2635 1384 2783 1453 tam
2816 1400 2863 1453 e.
2886 1376 3157 1475 palatio
3189 1373 3283 1452 ad

614 1506 1001 1589 ecclesiam
1050 1530 1268 1605 quam
1312 1506 1402 1583 de
1453 1506 1764 1583 ecclesia
1809 1505 1902 1580 ad
1943 1505 2188 1582 locum
2236 1502 2792 1595 benedictionis,
2846 1504 3041 1601 Papa
3086 1502 3285 1577 circa

614 1632 837 1708 finem
867 1632 1088 1707 misse
1121 1632 1587 1732 interrogavit
1623 1653 1742 1707 me
1773 1656 1864 1707 an
1893 1632 2026 1707 sub
2057 1629 2484 1706 baldachino
2517 1628 2814 1704 deberet
2844 1628 3132 1721 venire3
3164 1628 3283 1704 cui

612 1779 735 1831 me
784 1758 1268 1854 respondente
1312 1756 1510 1854 quod
1551 1780 1726 1849 non,
1777 1753 2134 1831 Sanctitas
2182 1778 2311 1829 sua
2352 1754 2717 1831 commisit
2766 1754 3062 1830 sacriste
3111 1774 3285 1853 pre-

611 1882 814 1956 ·dicto
859 1882 1054 1979 quod
1105 1885 1521 1980 apportaret
1565 1880 1831 1955 librum
1886 1860 2493 1973 ceremoniarum,
2544 1880 2666 1977 qui
2715 1878 2837 1954 ivit
2878 1899 3012 1977 pro
3062 1878 3280 1969 libro,

621 2006 750 2081 sed
781 2006 945 2103 quia
971 2028 1056 2083 ex
1091 2030 1178 2081 eo
1207 2028 1355 2082 non
1391 2003 1624 2105 potuit
1653 2005 2017 2081 somnium
2048 2028 2260 2081 suum
2288 2006 2688 2096 verificare,
2724 2004 2817 2079 ad
2845 2005 3115 2103 Papam
3144 2025 3283 2103 pro

619 2152 709 2205 co
741 2149 957 2205 mane
989 2154 1136 2206 non
1167 2137 1279 2209 est
1304 2154 1662 2208 reversus.

720 2255 982 2347 Pridie,
1057 2256 1392 2332 dominus
1450 2256 1854 2333 Ludovicus
1912 2257 2276 2352 BracciuS,
2330 2254 2773 2333 serenissimi
2804 2250 3275 2328 Maximiliani

564 2416 571 2425 ·
621 2388 1111 2460 Romanorum
1153 2384 1345 2483 regis
1379 2384 1812 2461 secretarius
1844 2387 1918 2460 et
1956 2390 2226 2475 orator,
2269 2383 2476 2483 petiit
2514 2406 2558 2457 a
2596 2384 2725 2457 SS.
2772 2384 2858 2455 D.
2908 2380 2993 2453 N.
3036 2379 3285 2454 locum

621 2510 814 2584 inter
842 2514 1164 2585 oratores
1197 2508 1332 2584 sibi
1375 2508 1700 2585 debitum
1740 2508 2119 2608 assignari,
2172 2512 2247 2585 et
2282 2508 2453 2585 licet
2483 2508 2841 2586 Sanctitas
2884 2526 3041 2598 sua,
3090 2502 3291 2602 quod

619 2632 826 2708 locus
859 2633 994 2709 sibi
1025 2657 1243 2732 supra
1272 2640 1345 2709 et
1369 2641 1536 2709 ante
1563 2656 1822 2710 omnes
1852 2642 2179 2710 oratores
2212 2634 2493 2733 regales
2524 2632 2899 2721 debeatur,
2933 2628 3289 2705 assentire

627 2760 1018 2850 videretur,
1055 2765 1298 2835 tamen
1330 2760 1506 2836 dixit
1547 2782 1626 2835 se
1665 2783 1885 2858 super
1920 2758 2063 2836 hoc
2101 2764 2411 2836 RRmos.
2462 2762 2614 2834 DD.
2664 2757 3068 2833 cardinales
3110 2776 3289 2832 con-

627 2884 869 2959 sulere
898 2890 970 2958 et
993 2906 1112 2961 me
1144 2884 1391 2960 audire
1417 2885 1628 2963 velle.
1660 2886 1791 2961 Fui
1821 2887 2039 2985 igitur
2061 2895 2448 2986 propterea
2468 2894 2765 2962 vocatus
2790 2902 3039 2961 coram
3066 2886 3291 2959 Sanc-

487 3004 494 3015 ·
621 3010 824 3087 atate
865 3034 996 3085 sua
1037 3034 1176 3109 que
1208 3010 1388 3085 mihi
1433 3010 1610 3087 dixit
1641 3012 1929 3109 samis.
1979 3015 2133 3088 on.
2183 2988 2664 3087 cardinalibus
2707 3010 2930 3085 videri
2970 3009 3169 3107 quod
3208 3030 3289 3083 se

617 3134 810 3211 inter
863 3158 1075 3233 reges
1127 3141 1620 3213 Romanorum
1670 3145 1742 3212 et
1793 3138 2094 3213 Francia
2149 3160 2283 3236 pro
2353 3137 2517 3213 loco
2582 3134 3002 3236 hujusmodi
3058 3134 3289 3208 inter-

619 3281 896 3355 ponere
921 3280 1070 3332 non
1100 3258 1388 3353 debeat,
1422 3286 1514 3335 ne
1547 3263 1947 3361 indignatio
1974 3264 2211 3361 aliqua
2236 3264 2390 3339 sedi
2415 3262 2812 3361 apostolice
2839 3260 3101 3335 exinde
3127 3282 3291 3334 eve·

625 3380 779 3457 niat
812 3406 828 3455 :
865 3380 1336 3458 nihilominus
1367 3386 1544 3460 mihi
1575 3394 1747 3462 tunc
1779 3388 2170 3479 commisit,
2208 3388 2401 3487 quod
2430 3386 2590 3462 heri
2624 3390 2793 3461 ante
2824 3406 3163 3483 vesperas
3194 3385 3289 3458 ob

627 3505 935 3581 eandem
975 3529 1267 3583 causam
1305 3510 1396 3585 ad
1431 3514 1907 3589 sanctitatem
1949 3534 2154 3588 suam
2197 3514 2540 3605 redirem,
2582 3511 2776 3608 quod
2818 3515 2891 3586 et
2930 3509 3110 3599 feci3
3166 3505 3287 3583 ubi

626 3635 982 3711 Sanctitas
1033 3660 1165 3711 sua
1209 3635 1388 3711 mihi
1429 3638 1607 3712 dixit
1646 3639 1828 3713 nihil
1870 3640 2066 3714 circa
2103 3639 2350 3715 locum
2386 3636 2808 3738 hujusmodi
2852 3632 3286 3711 decrevisse.

631 3757 845 3833 Dedit
893 3763 1131 3833 autem
1180 3759 1500 3856 prefatus
1531 3763 1618 3835 D.
1655 3762 2061 3837 Ludovicus
2094 3764 2431 3838 Braccius
2458 3768 2702 3837 orator
2744 3764 2869 3836 SS.
2906 3763 2995 3834 D.
3038 3764 3291 3833 nostro

629 3882 1220 3960 informationem
1247 3908 1468 3983 super
1487 3884 1651 3962 loco
1681 3885 2101 3986 hujusmodi
2126 3888 2382 3985 petito,
2419 3890 2625 3985 quus
2668 3892 2882 3962 tenor
2916 3883 3080 3959 talis
3118 3889 3285 3957 est:

732 4040 766 4079 «
824 4014 976 4083 Rex
1023 4014 1540 4099 Romanorum,
1587 4009 1806 4083 etiam
1833 4008 2270 4107 imperatore
2310 4008 2547 4084 adhuc
2586 4010 2866 4085 vivente
2912 4006 3287 4095 suffectus,

629 4134 894 4209 ceteris
940 4134 1229 4232 regibus
1272 4133 1745 4232 preferendus
1799 4140 1937 4208 est.
1990 4136 2200 4224 Nam,
2257 4140 2336 4210 ut
2386 4134 2526 4209 alia
2571 4134 3068 4224 obmittamus,
3121 4154 3291 4205 cum

629 4283 797 4335 eum
828 4266 1080 4335 sancta
1105 4268 1340 4336 mater
1375 4258 1728 4350 Ecclesia,
1764 4282 1934 4333 eum
1956 4258 2077 4356 jus
2119 4258 2574 4357 pontificium
2619 4258 2954 4335 omnibus
2992 4257 3292 4355 regibus

625 4386 972 4485 preferat,
1017 4408 1271 4461 omnes
1297 4385 1426 4461 filii
1467 4390 1715 4460 sancte
1755 4384 2004 4459 matris
2032 4386 2355 4461 Ecclesie
2396 4408 2565 4461 eum
2604 4404 2892 4483 quoquc
2923 4380 3081 4458 sine
3112 4404 3293 4459 con-

626 4512 973 4589 troversia
1001 4512 1326 4611 preferre
1358 4510 1650 4587 debent.
2024 4502 2029 4505 ’

731 4668 768 4706 «
801 4637 1264 4713 Manifestum
1307 4646 1418 4713 est
1468 4644 1714 4713 autem
1768 4662 1939 4713 eum
1980 4662 2020 4712 a
2074 4644 2322 4713 sancta
2360 4642 2591 4710 matre
2632 4631 2959 4707 Ecclesia
3006 4632 3293 4706 cunctis

633 4760 923 4857 regibus
1003 4764 1382 4855 anteferri,
1453 4763 1650 4861 quod
1723 4787 1893 4838 eum
1965 4762 2199 4839 solum
2286 4762 2713 4836 advocatum
2784 4781 2875 4833 ex
2954 4757 3297 4831 omnibus

630 4885 922 4983 regibus
975 4892 1047 4961 et
1101 4910 1310 4961 suum
1367 4888 1832 4963 defensorem
1889 4913 1973 4963 ac
2026 4895 2573 4987 procuratorem
2632 4882 2974 4983 appellat,
3046 4880 3137 4955 ab
3198 4902 3297 4954 eo

628 5033 915 5107 quoque
948 5010 1022 5083 in
1054 5009 1204 5083 suis
1245 5013 1798 5087 necessitatibus
1834 5014 2153 5112 primum
2184 5012 2529 5086 auxilium
2570 5032 2697 5084 seu
2726 5005 3291 5107 protectionem,

627 5142 706 5211 ut
729 5137 894 5234 jura
923 5134 1268 5229 indicant,
1299 5138 1668 5234 requirere
1700 5144 1772 5213 et
1803 5138 2149 5235 consequi
2182 5136 2578 5225 consuevit,
2614 5136 2715 5224 ut,
2754 5132 3018 5208 ceteris
3050 5130 3301 5205 omni-

627 5260 758 5335 bus
787 5258 1152 5354 obmissis,
1193 5262 1336 5336 late
1375 5264 1575 5359 patet
1611 5262 1684 5336 iu
1728 5263 2042 5361 capitulo
2097 5259 2604 5350 Venerabilem,
2651 5258 2742 5333 de
2774 5256 3127 5347 electione,
3162 5255 3299 5328 ubi
