3625 6059
272 554 389 620 [Mat
416 550 559 616 ¹⁴9¹*l’
918 547 1171 608 RERUM
1218 547 1675 607 URBANARUM
1722 547 2247 610 COMMENTARII.
2806 554 2910 613 123

273 716 410 785 tum
451 729 615 782 vero
674 710 749 782 et
794 725 1077 802 regem,
1132 726 1281 778 non
1332 701 1471 777 fuit
1510 710 1836 778 servatus
1894 703 2074 778 ordo
2128 703 2604 800 supradictuS‚
2651 707 2778 782 sed
2823 730 2911 782 ex

270 835 604 909 voluntate
637 834 724 907 D.
762 829 1107 906 Friderici
1138 833 1509 904 mutatus:
1549 831 1960 926 equitarunt
1991 852 2192 926 ergo,
2223 851 2341 904 me
2371 838 2740 929 presente,
2768 831 2912 907 hoc

277 960 503 1036 ordine
539 983 555 1032 :

360 1091 504 1160 Don
524 1082 961 1172 Fridericus,
990 1082 1211 1155 frater
1236 1079 1452 1178 regiS,
1484 1105 1528 1153 a
1552 1080 1822 1156 dextris
1842 1081 2120 1158 habens
2145 1090 2510 1160 oratorem
2536 1083 2724 1183 regis
2747 1086 2912 1159 His-

262 1211 478 1307 pania,
512 1233 555 1282 a
594 1208 903 1283 sinistris
946 1213 1268 1281 oratores
1310 1205 1607 1282 dominii
1648 1210 2126 1298 Venetorum,
2171 1208 2372 1284 ducis
2411 1209 2796 1285 Mediolani
2838 1218 2912 1284 et

268 1335 848 1410 Florentinorum.
2759 1339 2764 1346 '

349 1464 425 1533 D.
474 1458 807 1558 Aloysius
856 1457 945 1530 de
998 1455 1389 1554 Aragonia',
1446 1457 1769 1532 marchio
1819 1457 2256 1550 GiracensiS,
2315 1481 2541 1556 nepos
2596 1457 2816 1556 regis,
2867 1483 2912 1532 a

260 1583 503 1658 dextris
540 1583 827 1656 habens
871 1585 1033 1656 Don
1062 1581 1396 1656 Carolum
1426 1582 1723 1656 fratrem
1761 1605 2001 1673 suum,
2047 1583 2167 1678 qui
2207 1605 2252 1656 a
2288 1583 2558 1658 dextris
2592 1582 2911 1658 habebat

262 1713 333 1784 Ι).
356 1709 803 1807 Alphonsum
824 1707 915 1784 de
935 1707 1321 1804 Aragonia,
1351 1705 1663 1781 electum
1687 1706 2148 1798 Theatinum,
2175 1706 2470 1781 fratrem
2491 1707 2910 1782 bastardum

258 1834 454 1931 regiS,
485 1835 556 1907 in
594 1833 847 1908 habitu
892 1832 1311 1930 episcopali,
1364 1831 1700 1908 videlicet
1746 1831 2121 1921 mantell0,
2167 1832 2564 1929 capuccino
2605 1839 2678 1908 et
2719 1833 2910 1930 pileo

256 1959 719 2057 equitantem3
771 1982 815 2033 a
853 1957 1160 2032 sinistris
1198 1980 1369 2032 vero
1418 1957 1594 2032 dicti
1637 1961 1797 2032 Don
1835 1955 2106 2057 Aloysii
2151 1961 2307 2032 erat
2349 1959 2508 2031 Don
2551 1956 2910 2032 Jofl'redus

255 2084 517 2182 Borgia,
566 2084 769 2158 filius
808 2089 1028 2183 Pape,
1064 2088 1137 2158 et
1167 2107 1209 2156 a
1240 2082 1547 2157 sinistris
1590 2083 1779 2157 illius
1823 2088 1982 2157 Don
2025 2083 2377 2157 Henricus
2422 2082 2512 2157 de
2549 2083 2915 2180 Aragonia

252 2209 458 2284 frater
482 2208 971 2283 consobrinus
1000 2209 1251 2305 regine
1287 2208 1743 2307 neapolitane
1776 2216 1850 2282 et
1880 2230 2108 2307 nepos
2139 2209 2332 2305 regis
2366 2207 2899 2306 Hispaniarum,

252 2335 405 2410 satis
420 2341 671 2410 tamen
687 2333 971 2411 ‘confusi
998 2359 1012 2408 ε
1042 2334 1090 2408 ii
1112 2335 1429 2432 quinque
1452 2334 1840 2432 separatim
1861 2332 2084 2423 ibant,
2107 2338 2177 2408 et
2194 2333 2382 2409 inter
2396 2354 2522 2406 eos
2545 2342 2750 2407 erant
2768 2340 2912 2408 tres

248 2459 417 2556 pagii
444 2459 645 2556 regis
674 2466 747 2534 et
778 2458 922 2533 duo
951 2458 1229 2534 favoriti
1258 2459 1616 2557 ejusdem,
1650 2466 1818 2556 post
1841 2460 1976 2533 hos
2003 2462 2091 2533 D.
2121 2458 2482 2533 Jordanus
2508 2456 2916 2554 patriarcha

248 2584 765 2674 AntiochenuS,
800 2585 1363 2683 archepiscopus
1395 2588 1806 2683 Capuanus,
1841 2607 2010 2660 cum
2039 2585 2319 2683 capello
2348 2584 2586 2681 nigro,
2621 2606 2912 2660 crucem

252 2707 537 2808 desuper
596 2708 885 2784 habens
938 2707 1330 2798 violatiam,
1392 2709 1675 2783 medius
1727 2710 1919 2782 inter
1974 2714 2058 2783 R.
2123 2712 2204 2784 P.
2265 2714 2352 2783 D.
2425 2709 2900 2806 Stephanum,

250 2833 858 2932 archiepiscopum
898 2837 1415 2910 Patracensem
1458 2842 1533 2908 et
1567 2835 1988 2932 episcopum
2029 2834 2534 2909 Torcellanum
2564 2858 2609 2909 a
2638 2834 2910 2910 dextris

250 2963 311 3031 et
336 2959 763 3057 episcopum
794 2960 1271 3056 Saguntinum
1304 2985 1347 3036 a
1376 2961 1711 3051 sinistriS,

332 3087 409 3156 D.
445 3084 841 3183 episcopus
871 3083 1213 3178 NolanuS,
1248 3087 1529 3161 habens
1562 3110 1609 3160 a
1636 3086 1944 3161 sinistris
1983 3084 2612 3184 archiepiscopum
2656 3084 2894 3160 Ache-

244 3211 625 3303 rontinum,

300 3333 409 3411 D.
466 3339 861 3436 episcopus
924 3338 1416 3432 Crotonensis,
1473 3363 1518 3412 a
1565 3337 1870 3412 sinistris
1927 3336 2206 3412 habens
2265 3336 2890 3435 archiepiscopum

243 3463 856 3554 Brundiciensem,

334 3591 415 3662 D.
460 3589 1063 3688 archiepiscopus
1102 3596 1351 3666 sancte
1398 3589 1765 3680 Severine,
1808 3611 1854 3660 a
1891 3584 2196 3660 sinistris
2234 3584 2514 3660 habens
2553 3589 2898 3682 protono-

244 3712 488 3788 tarium
516 3716 611 3791 de
646 3717 865 3812 Sega,

258 3825 267 3834 ⁴
330 3841 413 3913 D.
448 3840 1049 3938 archiepiscopus
1090 3840 1547 3938 ReginensiS,
1590 3865 1634 3914 a
1672 3841 1978 3915 sinistris
2012 3841 2293 3916 habens
2323 3839 2900 3939 protonotarium

242 3963 319 4037 de
366 3967 829 4058 Sermoneta,
890 3989 1068 4063 quos
1114 3965 1602 4062 sequebantur
1652 3966 1773 4041 alii
1826 3966 2083 4065 prelati
2130 3966 2306 4058 bini,
2358 3965 2536 4056 bini,
2593 3987 2902 4041 numero

242 4089 519 4186 triginta
570 4091 689 4167 vel
741 4091 963 4182 circa,
1014 4097 1087 4165 et
1132 4091 1294 4166 illos
1342 4091 1481 4167 alie
1530 4091 1998 4191 quamplures
2039 4114 2351 4191 persone
2395 4099 2468 4168 et
2520 4089 2902 4164 servitores

243 4213 381 4290 sine
404 4218 666 4294 ordine
698 4244 713 4292 ε
746 4218 1090 4294 honorari
1116 4224 1357 4294 autem
1387 4218 1707 4294 ordinavi
1733 4217 2360 4316 archiepiscopum
2394 4220 2904 4291 patracensem

242 4347 304 4414 et
338 4344 847 4441 Saguntinum,
892 4343 1250 4420 Nolanum
1294 4350 1367 4419 et
1406 4345 1986 4420 Crothonensem
2026 4343 2408 4443 episcopos
2448 4366 2532 4418 ac
2576 4342 2667 4419 de
2708 4344 2898 4440 Sega

240 4471 301 4539 et
334 4466 417 4542 de
458 4471 903 4545 Sei-moneta
940 4470 1503 4568 protonotarios,
1549 4477 1626 4547 ut
1670 4494 1886 4570 supra
1914 4478 2238 4568 apparet,
2282 4492 2414 4567 pro
2454 4493 2543 4545 eo
2582 4467 2779 4566 quod
2809 4489 2898 4542 ex

245 4593 406 4666 Urbe
436 4617 611 4668 cum
643 4595 883 4694 legato
916 4603 1267 4673 venerunt
1294 4597 1386 4671 ad
1414 4597 1657 4695 ipsum
1684 4597 2222 4688 honorandum,
2259 4621 2346 4672 ac
2375 4619 2543 4672 cum
2573 4618 2663 4671 eo
2693 4601 2900 4670 erant

244 4714 387 4791 illuc
415 4721 759 4796 redituri.

324 4846 681 4922 Pervento
718 4849 857 4923 hoc
890 4849 1144 4925 ordine
1174 4849 1269 4925 ad
1294 4855 1579 4949 portam
1610 4848 1966 4945 civitatis,
1991 4847 2580 4946 archiepiscopus
2615 4851 2904 4946 Neapo-

241 4966 515 5066 litanus,
573 4972 767 5048 ultra
815 4983 1241 5074 paramenta
1290 4981 1667 5066 consueta,
1720 4975 1940 5049 etiam
1989 4973 2330 5050 sandaliis
2378 4982 2450 5050 et
2509 4971 2902 5052 chirotecis

244 5091 549 5191 indutus,
594 5100 919 5196 porrexit
961 5126 1251 5179 crucem
1291 5103 1532 5201 legato
1574 5101 2070 5195 osculandam,
2120 5125 2340 5200 quam
2383 5102 2694 5199 legatus,
2742 5100 2901 5199 ipso

240 5241 399 5318 rege
455 5224 669 5322 prius
716 5225 1028 5320 invitato,
1082 5252 1171 5304 ex
1223 5252 1413 5326 equo
1460 5228 1828 5304 osculatus
1875 5235 1990 5305 est
2044 5254 2063 5306 τ
2118 5253 2247 5304 rex
2297 5236 2540 5306 autem
2596 5249 2745 5302 non
2792 5233 2902 5300 est
