3625 6059
509 576 618 635 508
1419 566 1768 626 JOHANNIS
1822 563 2263 637 BURCHARDI,
2764 568 3010 631 [Fen-ier
3038 568 3209 630 ¹499]

513 732 586 803 et
627 726 819 802 intra
859 731 1144 823 portam
1189 721 1682 797 cardinalias,
1737 720 2089 811 Severini,
2132 744 2218 794 ac
2262 719 2339 794 in
2381 721 2621 819 platea
2667 722 2917 795 Omnis
2962 724 3205 795 Terre

513 860 666 927 tres
690 856 1018 926 oratores
1048 848 1210 924 laici
1241 848 1434 945 regis
1464 854 1538 922 et
1569 846 1817 945 regine
1860 846 2397 943 Hispaniarum,
2426 854 2500 920 et
2524 846 2601 920 in
2628 847 2873 945 platea
2900 846 3207 943 Taglia-

511 986 732 1051 c'occe
777 976 850 1049 in
896 974 1111 1064 Urbe,
1147 972 1530 1047 cardinalis
1579 970 2131 1061 Ulixbonensis;
2174 970 2297 1067 qui
2340 994 2595 1047 omnes
2638 972 2908 1045 dictum
2946 971 3209 1045 cardi-

511 1098 752 1173 nalem
785 1098 1336 1195 Neapolitanum
1368 1096 1460 1170 ad
1484 1096 1779 1171 domum
1811 1119 2014 1169 suam
2044 1094 2523 1187 associarunt,
2554 1096 2673 1170 ubi
2704 1097 2809 1170 eis
2836 1121 2925 1170 ex
2958 1118 3197 1193 equo,

513 1248 603 1299 ex
651 1247 884 1315 more,
937 1224 1198 1320 gratias
1245 1222 1436 1319 egit;
1491 1220 1971 1296 interfuerunt
2016 1220 2274 1318 prelati
2328 1220 2615 1296 circiter
2666 1221 3205 1319 quinquaginta

511 1349 785 1449 pileati,
821 1354 895 1425 et
943 1348 1182 1423 nullus
1223 1346 1666 1422 cardinalem
1703 1345 2111 1444 predictum
2140 1345 2529 1442 recipiens,
2564 1369 2656 1421 ex
2684 1368 2831 1444 quo
2860 1344 3199 1435 defendi,

511 1481 584 1550 et
616 1475 829 1549 bene.

595 1597 820 1673 ‘Feria
861 1602 1088 1688 sexta,
1131 1602 1158 1671 1
1211 1596 1484 1671 mensis
1530 1595 1903 1686 februarii,
1938 1594 2075 1669 fuit
2122 1594 2662 1687 consistorium,
2694 1597 2769 1671 in
2807 1619 2949 1692 quo
2980 1600 3067 1670 R.
3099 1600 3189 1671 P.

512 1727 598 1797 D.
652 1721 914 1797 Paulus
949 1721 1040 1797 de
1081 1721 1397 1797 Monelia
1429 1720 1841 1812 suanensis,
1876 1714 2047 1795 tunc
2090 1720 2441 1817 magister
2480 1720 2665 1793 sacri
2704 1720 2981 1818 palatii,
3012 1743 3195 1817 pro-

506 1854 748 1921 motus
778 1852 850 1922 et
889 1846 1408 1944 pronunciatus
1444 1845 1575 1919 suit
1617 1846 1692 1919 in
1733 1844 2157 1943 episcopum
2200 1846 2292 1919 ad
2326 1844 2715 1921 ecclesiam
2758 1845 3186 1937 Chiensem,

506 1978 578 2047 et
624 1972 698 2045 in
752 1972 994 2045 locum
1041 1972 1200 2070 ejus
1239 1972 1330 2044 ad
1373 1970 1874 2069 magistratum
1920 1970 2165 2069 palatii
2210 1970 2553 2045 sussectus
2600 1974 2683 2043 R.
2720 1972 2803 2043 P.
2841 1970 3195 2068 magister

507 2100 830 2170 ‚Ioannes
861 2094 1220 2171 Antonius
1245 2094 1336 2169 de
1361 2093 1688 2187 Viterbo,
1725 2094 2102 2193 professus
2132 2092 2407 2168 ordinis
2434 2092 3006 2190 predicatorum.

616 2220 958 2312 Sabbato,
993 2219 1181 2295 festo
1208 2219 1732 2319 purificationis
1765 2219 1840 2292 b.
1878 2218 2101 2294 Marie
2145 2218 2463 2315 virginis,
2494 2224 2537 2291 2
2580 2218 2851 2293 mensis
2892 2217 3188 2293 februa-

513 2344 626 2439 rii,
663 2348 789 2421 SS.
818 2349 905 2420 D.
943 2350 1029 2421 N.
1063 2344 1433 2421 benedixit
1461 2344 1798 2420 candelas
1830 2345 1902 2420 in
1928 2344 2209 2443 capella
2232 2343 2486 2442 majori
2520 2350 2596 2419 et
2623 2342 2987 2418 distribuit
3016 2366 3175 2433 aaa,

514 2472 830 2571 receptis
871 2471 1110 2569 primo
1142 2469 1372 2545 tribus
1403 2470 1552 2544 suis
1597 2469 1919 2547 candelis
1966 2470 2059 2547 de
2101 2471 2432 2546 manibus
2475 2470 2861 2546 cardinalis
2900 2474 3187 2569 Neapo-

513 2596 745 2671 litani.
789 2599 983 2671 Duas
1031 2595 1346 2693 majores
1394 2602 1784 2670 tenuerunt
1832 2595 1977 2671 duo
2026 2596 2240 2694 primi
2292 2602 2842 2671 conservatores
2892 2619 3183 2671 camere

517 2721 759 2810 Urbis,
795 2720 1072 2795 scilicet
1105 2722 1535 2795 Franciscus
1563 2720 1951 2797 Alberinus
1980 2727 2051 2797 et
2081 2722 2429 2820 Agapitus
2456 2722 2549 2797 de
2572 2720 2964 2817 MagistriS,
2996 2721 3185 2795 alte-

515 2868 668 2921 ram
715 2845 1127 2943 Alphonsus
1167 2845 1257 2919 de
1296 2846 1657 2943 Aragonia
1701 2846 1844 2920 dux
1892 2854 1967 2921 et
2017 2846 2320 2922 maritus
2369 2848 2703 2921 Lucretie
2746 2846 2897 2921 filie
2935 2849 3179 2944 Pape;

513 2971 714 3047 socio
763 2994 932 3047 meo
981 2980 1056 3047 et
1096 2973 1271 3047 mihi
1325 2976 1518 3069 Papa
1566 2972 1761 3046 dedit
1811 2970 2103 3048 cuilibet
2153 2973 2336 3048 duas
2392 2972 2779 3061 candelas;
2832 2971 3185 3045 cardinali

521 3120 580 3169 s.
616 3096 941 3195 Dionysii
971 3096 1170 3173 dedit
1194 3098 1534 3195 quinque,
1565 3097 1997 3193 quibusdam
2022 3121 2113 3171 ex
2138 3097 2296 3172 aliis
2321 3104 2656 3195 quatuor,
2682 3106 2829 3171 tres
2858 3103 2933 3171 et
2962 3097 3185 3185 duas;

521 3221 916 3297 celebranti
953 3221 1150 3297 dedit
1194 3245 1410 3296 unam
1453 3224 1761 3313 tantum,
1795 3221 1922 3317 qui
1960 3221 2099 3296 fuit
2141 3227 2390 3298 Rmus.
2432 3221 2819 3297 cardinalis
2856 3223 2949 3296 de
2998 3221 3193 3295 Ursi-

521 3346 658 3420 niS.
693 3346 854 3420 Alia
883 3346 1132 3421 omnia
1159 3346 1538 3422 observata
1565 3353 1735 3422 sunt
1763 3370 1968 3422 more
1998 3349 2241 3424 solito.

623 3472 778 3543 Hoc
834 3491 1025 3545 anno
1081 3470 1329 3546 habita
1379 3478 1544 3545 sunt
1599 3472 1847 3546 omnia
1898 3474 2085 3548 festa
2140 3471 2586 3570 carnisprivii
2652 3477 3184 3548 Romanorum.

517 3594 897 3671 Dominica
943 3596 1522 3694 quadragesime,
1565 3621 1706 3694 que
1739 3597 1873 3671 fuit
1904 3602 1945 3673 3
1978 3598 2365 3689 februarii;
2402 3604 2880 3673 cucurrerunt
2906 3602 2943 3671 J
2954 3598 3121 3671 ndei
3148 3622 3195 3673 a

511 3740 772 3815 campo
813 3718 1025 3794 Flore
1065 3742 1292 3816 usque
1339 3720 1432 3794 ad
1471 3727 1789 3795 castrum
1831 3745 1891 3795 s.
1926 3722 2184 3819 Angeli
2222 3722 2427 3797 circa‘
2456 3726 2737 3819 portam
2785 3723 3009 3819 Burgi
3054 3744 3193 3819 pro

512 3843 732 3943 pallio
758 3842 977 3941 panni
1007 3841 1240 3933 rubei,
1276 3844 1470 3941 quod
1495 3844 1568 3918 in
1601 3844 1724 3919 illa
1749 3845 1868 3921 die
1896 3845 2209 3921 nonfuit
2238 3847 2514 3937 datum,
2544 3869 2677 3945 pro
2720 3870 2811 3921 eo
2846 3846 3047 3944 quod
3076 3846 3192 3921 di-

510 3967 810 4043 cebatur
837 3988 1157 4041 messam
1187 3989 1336 4040 non
1365 3966 1589 4043 fuisse
1625 3968 1919 4043 bonam.

611 4098 1098 4169 Recurrerunt
1135 4090 1356 4189 igitur
1383 4090 1502 4167 die
1538 4091 1706 4167 lune
1745 4066 1806 4165 4‘
1822 4091 2163 4168 februarii
2204 4095 2499 4187 iterum,
2533 4103 2699 4194 post
2736 4096 2998 4171 horam
3026 4120 3193 4171 ves-

514 4241 851 4314 perarum
887 4240 932 4293 a
967 4238 1226 4314 campo
1269 4216 1507 4308 Flore,
1548 4216 1691 4291 sive
1737 4240 1782 4291 a
1822 4218 2092 4292 clavica
2129 4220 2321 4295 inter
2352 4220 2610 4295 domos
2646 4221 2831 4295 Rmi.
2872 4224 2961 4294 D.
2994 4222 3193 4297 vice-

515 4340 926 4415 cancellarii
963 4348 1034 4415 et
1064 4345 1150 4415 D.
1187 4339 1525 4415 Coronati
1556 4339 1646 4413 de
1677 4340 1971 4433 Planca,
2008 4366 2237 4439 usque
2275 4343 2370 4418 ad
2396 4343 2713 4441 plateam
2754 4368 2815 4418 S.
2852 4344 3082 4435 Petri,
3120 4352 3195 4417 et

513 4464 768 4539 habuit
793 4464 1092 4562 pallium
1123 4464 1242 4540 ille
1275 4464 1394 4562 qui
1425 4464 1644 4540 etiam
1667 4464 1827 4538 heri
1856 4464 1891 4538 s
1890 4475 2095 4542 uerat
2122 4468 2425 4565 primus.
2454 4470 2945 4544 cucurrerunt
2968 4469 3191 4543 etiam

517 4589 775 4664 eadem
809 4588 924 4663 die
965 4588 1170 4687 pueri
1211 4610 1342 4687 pro
1370 4589 1588 4687 pallio
1619 4596 1774 4665 sete
1800 4614 1963 4667 rase
1990 4593 2233 4668 viridis
2272 4618 2317 4669 a
2350 4593 2629 4692 capella
2666 4594 2848 4669 citra
2884 4600 3187 4691 pontem

514 4713 726 4788 castri
759 4738 820 4789 s.
851 4713 1112 4811 Angeli
1143 4736 1368 4811 usque
1399 4714 1492 4788 ad
1521 4714 1787 4791 dictam
1814 4716 2171 4813 capellam
2202 4742 2262 4791 s.
2304 4716 2521 4791 Petri.

612 4840 886 4929 MartiS,
915 4844 956 4913 5
991 4839 1357 4930 februarii,
1392 4828 1995 4937 post'prandium,
2028 4851 2500 4917 cucurrerunt
2528 4845 2837 4942 juvenes
2868 4866 3005 4941 pro
3037 4843 3189 4942 pal-

515 4961 612 5037 lio
644 4984 942 5037 rosaceo
970 4986 1013 5037 a
1041 4962 1312 5037 clavica
1339 4964 1664 5062 predicta
1693 4988 1921 5063 usque
1951 4967 2043 5041 ad
2070 4968 2381 5065 primam
2410 4969 2725 5066 plateam
2756 4994 2817 5042 S.
2853 4969 3079 5042 Petri.

614 5087 979 5179 Mercurii,
1017 5092 1060 5159 6
1087 5086 1454 5180 februarii,
1490 5098 1965 5167 cucurrerunt
2009 5116 2223 5166 senes
2249 5115 2383 5191 pro
2411 5094 2629 5191 pallio
2652 5092 2870 5193 panni
2906 5091 3115 5167 rubei
3142 5118 3187 5167 a

520 5212 816 5308 capellis
841 5212 1270 5310 supradictis
1299 5237 1529 5310 usque
1549 5214 1639 5287 ad
1671 5214 1936 5290 dictam
1962 5216 2299 5314 plateam.
