3625 6059
704 587 813 644 516
1620 579 1977 638 JOHANNIS
2024 580 2472 653 BURCHARDI,
3042 585 3207 646 [Mam
3232 587 3393 650 {4991

709 737 967 812 habuit
1003 737 1077 810 in
1121 738 1356 811 banco
1386 737 1859 834 prelatorum,
1896 738 1970 810 in
2006 737 2169 813 loco
2200 737 2617 813 immediate
2660 741 2993 836 sequenti
3030 747 3205 837 post
3228 739 3403 814 dic-

717 871 872 937 tum
903 863 1463 960 gubernatorem
1499 863 1764 954 Urbis),
1798 871 1871 937 et
1899 862 2134 954 mileS,
2164 888 2471 961 magnus
2512 866 2862 962 magister
2902 865 3293 938 Baitannie
3328 866 3407 937 in

713 1011 1011 1063 scamno
1039 987 1390 1062 laicorum
1419 996 1585 1086 post
1606 987 2012 1084 predictum
2044 998 2411 1074 oratorem
2438 991 2587 1064 sive
2611 997 3167 1088 procuratorem
3195 991 3405 1088 regis

713 1113 1041 1202 Francia,
1070 1119 1143 1188 et
1171 1113 1246 1185 in
1275 1113 1396 1187 illo
1423 1125 1730 1188 scamno⁸
1746 1121 1914 1210 post
1940 1115 2239 1190 missam
2267 1115 2895 1215 inceptam-nullus
2924 1115 3109 1190 alius
3144 1123 3407 1190 orator

712 1240 871 1316 fuit.
2332 1251 2340 1256 '
2500 1249 2509 1258 ’
3030 1247 3039 1254 ’

812 1367 1315 1464 Superioribus
1364 1369 1645 1459 diebuS,
1689 1394 1808 1444 me
1850 1370 1923 1442 in
1972 1367 2257 1444 civitate
2294 1367 2695 1464 Argentina
2732 1365 3093 1442 existente
3136 1390 3275 1442 seu
3326 1368 3401 1439 in

715 1493 904 1568 illius
944 1495 1243 1583 diecesi,
1289 1494 1568 1568 scilicet
1616 1501 1700 1568 17
1751 1494 2024 1570 mensis
2064 1491 2500 1591 septembris
2542 1492 2712 1566 lune
2750 1491 3087 1588 proxime
3126 1491 3395 1590 elapsi,

715 1619 826 1693 vel
865 1619 1060 1694 circa
1100 1620 1298 1694 illam
1343 1620 1564 1711 diem,
1601 1623 1728 1695 SS.
1767 1625 1855 1694 D.
1892 1623 1975 1693 N.
2012 1619 2421 1694 Alexander
2450 1622 2543 1693 VI
2573 1640 2787 1715 papa,
2813 1617 2887 1689 in
2934 1623 3228 1691 secreto
3258 1641 3397 1692 suo

717 1744 1180 1836 consistorio,
1233 1745 1324 1820 de
1371 1751 1806 1821 RRmorum.
1860 1752 2013 1821 DD.
2057 1745 2532 1822 cardinalium
2578 1743 3179 1818 intel-essentium
3212 1768 3399 1817 con-

716 1869 874 1946 silio
907 1877 980 1944 et
1009 1893 1398 1961 consensu,
1429 1871 1847 1969 assumpsit,
1878 1872 2143 1946 creavit
2172 1877 2245 1944 et
2272 1869 2661 1969 publicavit
2689 1869 2764 1940 in
2794 1876 3049 1942 sancta
3080 1891 3401 1941 romana

714 1995 1026 2070 ecclesia
1076 1998 1580 2096 presbyterum
1643 1997 2087 2072 cardinalem
2137 2002 2429 2071 Rmum.
2481 1996 2558 2069 in
2609 1995 2895 2071 Christo
2957 2003 3253 2091 patrem
3306 1998 3393 2067 D.

717 2120 1105 2218 Georgium
1137 2121 1767 2221 archiepiscopum
1797 2124 2487 2220 Rothomagensem,
2524 2122 2739 2218 eique
2777 2119 3063 2194 titulum
3110 2144 3173 2192 s.
3210 2118 3399 2193 Sixti

715 2245 1103 2342 assignavit
1140 2253 1214 2322 et
1242 2248 1598 2344 capellum
1631 2249 1967 2338 rubeum,
2002 2249 2263 2324 deinde
2298 2248 2434 2323 sibi
2478 2245 2676 2322 misit
2706 2249 2791 2318 D.
2828 2249 3171 2320 Cesarem
3208 2248 3399 2320 Bor-

716 2370 910 2467 giam
951 2372 1042 2446 de
1079 2373 1466 2470 Aragonia,
1503 2375 1765 2449 ducem
1801 2374 2167 2462 Valentia,
2202 2376 2376 2449 olim
2413 2371 2854 2447 cardinalem
2884 2371 3391 2458 Valentinum,

717 2495 944 2570 filium
980 2522 1192 2572 suum
1233 2499 1742 2573 charissimum
1783 2524 1949 2574 cum
1998 2500 2245 2574 multis
2290 2497 2609 2575 rochetis
2656 2504 2730 2573 et
2770 2497 3197 2571 muneribus
3232 2497 3395 2570 aliis

716 2628 790 2694 et
817 2620 1160 2699 facultate
1195 2622 1466 2722 pileum
1504 2624 1742 2722 ipsum
1771 2625 2199 2724 recipiendi,
2236 2627 2366 2699 sub
2408 2625 2626 2700 modo
2662 2631 2736 2698 et
2774 2619 3007 2694 forma
3040 2627 3223 2692 tunc
3258 2619 3391 2692 sibi

716 2745 1178 2821 destinatum.
1231 2750 1446 2847 Cujus
1496 2750 1857 2826 facultatis
1908 2753 2149 2851 vigore
2204 2758 2454 2827 Rmus.
2508 2749 2893 2827 cardinalis
2944 2773 3005 2822 S.
3052 2747 3257 2823 Petri
3304 2745 3393 2820 ad

719 2870 1028 2962 vincula,
1061 2871 1178 2946 die
1225 2878 1306 2948 21
1355 2876 1628 2950 mensis
1673 2875 2080 2953 decembris
2123 2877 2452 2975 proxime
2495 2873 2848 2974 preteriti,
2882 2895 3025 2969 que
3062 2871 3199 2944 fuit
3240 2871 3395 2944 fes-

718 3001 866 3070 tum
916 3021 976 3070 s·
1028 2999 1304 3075 Thome
1350 3001 1686 3099 apostoli,
1733 3003 1806 3075 in
1857 3002 2171 3078 ecclesia
2216 3000 2598 3099 collegiata
2644 3024 2704 3072 s.
2758 2997 3089 3088 Maximi,
3140 2975 3391 3094 oppidi

717 3122 1092 3214 Chinonis,
1138 3127 1580 3201 Turonensis
1629 3125 1964 3215 diecesis,
2006 3133 2171 3224 post
2222 3126 2608 3199 missarum
2648 3122 3031 3210 solemnia,
3068 3120 3393 3195 serenis·

719 3245 904 3322 simo
945 3248 1304 3324 Ludovico
1344 3254 1787 3326 Francorum
1826 3275 1999 3349 rege
2038 3260 2406 3351 presente,
2441 3250 2713 3349 pileum
2750 3247 3162 3348 predictum
3182 3247 3389 3320 ‘dicto

719 3374 930 3444 Rmo.
978 3376 1064 3444 D.
1103 3373 1448 3448 cardinali
1488 3377 2055 3475 Rothomagensi
2100 3377 2440 3476 imposuit
2481 3383 2553 3451 et
2596 3373 2917 3463 tradidit,
2950 3370 3389 3447 ceremoniis

719 3494 944 3568 solitis
977 3496 1370 3574 observatis
1399 3525 1415 3591 ;
1451 3501 1625 3599 ipsis
1656 3509 1900 3579 autem
1931 3503 2022 3578 de
2051 3504 2318 3601 palatio
2350 3503 2496 3576 sive
2528 3509 2767 3576 castro
2797 3499 2999 3598 regio
3030 3498 3127 3572 ad
3155 3495 3392 3571 eccle-

721 3619 903 3694 siam
953 3623 1351 3718 predictam
1408 3628 1769 3718 euntibus,
1819 3631 2195 3727 precessit.
2216 3628 2635 3702 immediate
2690 3648 2941 3722 regem
2992 3630 3163 3722 post
3210 3620 3389 3695 alios

719 3743 1107 3844 principeS,
1135 3747 1406 3823 IllmuS.
1444 3755 1530 3824 D.
1569 3755 1790 3827 Cesar
1820 3752 1964 3828 dux
1983 3754 2341 3845 Valentie,
2369 3751 2953 3828 olim'cardinalis
2983 3748 3385 3846 predictus,

721 3870 1080 3967 capellum
1128 3873 1536 3971 predictum
1583 3879 1871 3976 publice
1919 3880 2279 3972 deferens,
2316 3887 2391 3954 et
2432 3879 2650 3970 male,
2705 3885 2784 3952 ut
2826 3875 3129 3950 scutifer
3174 3895 3391 3970 quem

722 4002 1018 4069 secutus
1047 4001 1162 4070 est
1203 4020 1355 4090 rex,
1392 4024 1436 4072 a
1460 3999 1770 4076 sinistris
1808 4003 2087 4078 habens
2132 4003 2573 4078 cardinalem
2606 4028 2667 4076 s.
2706 4002 2900 4076 Petri
2932 4000 3028 4074 ad
3058 3998 3385 4076 Vincula.

724 4124 798 4193 et
843 4126 1008 4217 post
1060 4145 1188 4196 eos
1237 4125 1618 4200 cardinalis
1659 4129 2269 4228 Rothomagensis
2309 4127 2705 4225 predictuS,
2754 4134 2827 4202 et
2871 4125 3103 4200 ceteri
3142 4121 3391 4197 ordine

725 4267 883 4334 suo,
927 4245 1068 4322 hoc
1100 4255 1214 4322 est
1241 4248 1397 4324 sine
1429 4251 1726 4345 ordine;
1763 4253 1902 4329 hec
1932 4255 2261 4354 superius
2304 4255 2377 4328 in
2420 4254 2601 4329 locis
2634 4254 2783 4328 suis
2831 4277 2983 4329 non
3026 4249 3387 4329 annotavi,

723 4365 892 4462 quia
921 4375 1093 4444 tunc
1121 4372 1446 4470 ignoravi
1469 4377 1593 4477 (1).

795 4642 848 4699 1.
915 4643 1066 4700 Pour
1092 4661 1184 4702 ces
1222 4645 1439 4718 details,
1478 4667 1606 4724 voy.
1649 4651 1879 4720 Sanuto,
1915 4658 1957 4710 t.
2000 4653 2069 4723 11,
2110 4652 2213 4710 col.
2254 4652 2360 4710 358
2398 4659 2455 4709 et
2490 4651 2731 4726 passim3
2772 4648 3165 4726 Gregororius‚
3206 4649 3389 4706 Store'n

723 4731 872 4786 della
898 4733 1051 4804 cina,
1083 4741 1211 4806 eto„
1243 4741 1283 4794 t.
1317 4737 1437 4808 VII,
1469 4757 1525 4815 p.
1566 4741 1674 4796 494
1710 4748 1766 4798 et
1802 4741 1977 4814 suiv.;
2010 4747 2064 4799 et
2100 4761 2196 4799 sur
2234 4741 2314 4799 les
2354 4748 2605 4816 rapports
2647 4743 2723 4798 du
2760 4743 2907 4816 Pape
2936 4759 3071 4799 avec
3112 4737 3293 4797 Julien
3322 4737 3387 4790 de·

722 4815 776 4874 la
812 4817 1025 4879 Rovere
1062 4841 1196 4881 avec
1230 4825 1410 4900 lequel
1452 4827 1490 4883 il
1528 4830 1711 4887 s'etait
1749 4831 2057 4902 reconcilie,
2090 4831 2143 4888 la
2180 4837 2306 4889 note
2338 4835 2361 4887 ί
2398 4832 2466 4888 de
2503 4830 2557 4888 la
2591 4847 2737 4904 page
2766 4832 2871 4888 496
2898 4832 2975 4888 du
3014 4834 3188 4886 meme
3222 4833 3385 4883 tome.

723 4907 906 4976 Quant
933 4915 967 4968 a
995 4911 1165 4970 Cesar
1194 4915 1416 4990 Borgia,
1450 4941 1480 4970 «
1510 4937 1718 4978 comme
1747 4921 1784 4976 il
1826 4921 1973 4980 avait
2002 4926 2089 4978 ete
2128 4920 2368 4978 cardinal
2396 4921 2464 4976 de
2493 4919 2731 4978 valence
2758 4939 2827 4977 en
2866 4921 3149 4994 Espagne,
3176 4933 3317 4991 pour
3344 4914 3389 4968 10

721 5015 848 5055 nom
877 5007 934 5059 et
961 5000 1014 5059 la
1039 5000 1196 5076 rime,
1225 5023 1298 5062 on
1327 5005 1403 5063 lui
1430 5008 1614 5067 donna
1653 5009 1893 5068 Valence
1932 5029 2003 5068 en
2042 5011 2346 5086 Dauphine.
2380 5011 2457 5066 Le
2484 5009 2627 5066 voila
2662 5011 2769 5066 duc
2796 5010 2865 5067 de
2890 5007 3233 5068 Valentinois
3262 5021 3389 5060 arec

719 5095 896 5149 trente
923 5092 1072 5151 mille
1101 5097 1296 5154 ducats
1318 5097 1436 5155 d'or
1462 5104 1636 5174 payes
1665 5107 1964 5176 comptant,
1995 5109 2050 5160 et
2076 5101 2235 5175 vingt
2270 5099 2414 5156 mille
2442 5098 2607 5156 livres
2636 5100 2707 5156 de
2735 5105 2889 5157 rente
2920 5099 3038 5174 (qui
3068 5115 3136 5155 en
3162 5093 3385 5152 fer-aient

721 5179 868 5236 deux
897 5189 1022 5241 cent
1049 5183 1256 5256 mille);
1289 5186 1358 5244 de
1385 5187 1530 5262 plus,
1562 5190 1733 5247 chose
1775 5189 2196 5265 inappreciable‚
2230 5206 2337 5246 une
2376 5189 2702 5264 compagnie
2747 5188 2816 5245 de
2852 5193 2983 5244 cent
3017 5185 3201 5242 lances
3238 5179 3383 5236 fran-

722 5265 925 5340 caises‚
955 5270 1302 5332 c’est-a-dire
1331 5275 1382 5333 le
1411 5277 1650 5352 drapeau
1672 5279 1742 5336 de
1769 5276 1823 5335 la
1850 5279 1892 5334 F
1892 5297 2077 5349 rauce,
2107 5279 2162 5336 la
2196 5285 2405 5337 terreur
2435 5277 2505 5336 de
2540 5295 2646 5336 nos
2678 5277 2768 5347 lis,
2798 5275 3031 5334 affiches
3066 5277 3101 5330 ὲ
3136 5272 3253 5328 cote
3284 5268 3381 5324 des
