3625 6059
714 572 787 627 76
1625 558 1656 617 J
1663 558 1859 617 OHAN
1864 557 1978 614 NJS
2027 556 2466 618 BURCHARDI.
3080 564 3203 625 [Mai
3232 567 3395 629 1493]

713 719 891 798 darii
939 719 1206 794 Urbem
1250 717 1545 791 intranti
1599 716 1835 811 ipsum
1876 713 2475 811 Andegavensem
2530 713 2667 813 ipsi
2720 715 2968 789 comiti
3018 740 3239 814 usque
3288 720 3391 794 ad

713 871 960 921 muros
987 826 1189 921 extra
1216 851 1502 940 portam
1530 840 1933 938 predictam
1977 841 2369 936 equitasse,
2408 842 2791 939 ipsumque
2838 842 3183 917 comitem
3214 867 3381 940 pre-

715 974 942 1048 fatum
1002 971 1094 1045 ad
1161 969 1524 1043 sinistram
1583 964 1915 1064 ejusdem
1990 965 2373 1040 cardinalis
2447 967 2920 1062 equitantem,
2992 992 3223 1066 usque
3294 974 3391 1045 ad

715 1099 1011 1175 domum
1037 1093 1469 1181 associasse,
1504 1113 1636 1190 pro
1667 1114 1808 1189 quo
1842 1093 1964 1166 SS.
2005 1096 2091 1165 D.
2130 1094 2215 1163 N.
2252 1093 2717 1167 Innocentius
2743 1094 3111 1189 predictus
3140 1095 3379 1192 ipsum

713 1221 1154 1298 cardinalem
1212 1217 1608 1313 redarguit,
1677 1240 2013 1291 asserens
2076 1222 2325 1313 preter
2393 1216 2553 1314 ejus
2624 1217 3046 1294 ‘mandatum
3103 1219 3375 1295 dictum

720 1346 1166 1423 cardinalem
1197 1346 1268 1418 id
1292 1344 1581 1419 fecisse.
1609 1346 1691 1415 In
1709 1342 1827 1416 die
1850 1349 2093 1417 autem
2116 1343 2580 1439 prestationis
2602 1343 3017 1420 obedientie
3041 1347 3381 1421 eumdem

714 1474 1156 1550 cardinalem
1188 1495 1356 1545 cum
1387 1471 1536 1543 suis
1563 1467 2111 1546 conoratoribus
2146 1468 2657 1543 consistorium
2694 1492 2844 1545 non
2876 1470 3215 1566 intrasse,
3252 1474 3377 1547 sed

714 1601 913 1699 prius
960 1600 1144 1672 scire
1185 1596 1347 1669 illos
1395 1595 1585 1667 inter
1629 1593 2030 1668 cardinales
2078 1594 2151 1667 in
2198 1594 2361 1669 loco
2412 1617 2538 1670 sue
2585 1596 3062 1692 promotionis
3102 1598 3379 1673 sedisse

717 1750 884 1799 cum
916 1724 1016 1797 illi
1055 1724 1410 1797 intrarent
1450 1726 1522 1794 et
1564 1719 2056 1795 obedientiam
2106 1727 2517 1818 prestarent
2562 1746 2579 1794 ε
2624 1744 2872 1795 casum
2928 1729 3173 1798 autem
3213 1748 3383 1798 nos-

721 1862 906 1925 trum
966 1846 1308 1946 predictis
1367 1844 1513 1918 dixi
1573 1867 1734 1919 esse
1795 1846 2015 1941 longe
2092 1843 2786 1920 exhorbitantiorem
2857 1848 2987 1943 pro
3044 1872 3135 1921 eo
3192 1850 3385 1946 quod

722 1969 1108 2046 cardinalis
1138 1968 1404 2043 Montis
1434 1968 1722 2065 Regalis
1749 1991 1896 2041 non
1926 1967 2015 2042 ab
2048 1975 2250 2043 extra
2269 1969 2535 2061 veniat,
2562 1970 2789 2044 sedin
2818 1970 3006 2045 Urbe
3038 1971 3378 2047 resideat.

722 2096 1019 2194 Rogavit
1044 2118 1190 2185 me,
1227 2095 1420 2192 quod
1453 2117 1609 2169 rem
1639 2092 1830 2167 hanc
1870 2094 2143 2169 nemini
2176 2096 2818 2186 communicarem,
2857 2097 2985 2171 sed
3022 2107 3384 2173 secretam

723 2221 1115 2295 retinerem
1185 2228 1257 2295 et
1311 2220 1734 2318 cogitarem,
1791 2222 1919 2293 SS.
1981 2224 2067 2295 D.
2111 2225 2195 2296 N.
2255 2244 2373 2295 me
2419 2246 2635 2319 super
2685 2221 2829 2297 hoc
2890 2222 3387 2321 interrogante

730 2346 923 2442 quod
963 2345 1198 2442 magis
1242 2345 1664 2419 conveniret
1702 2344 1795 2419 ad
1850 2344 2219 2436 eflectum,
2268 2346 2630 2445 quod-SS.
2682 2348 2771 2420 D.
2818 2350 2901 2421 N.
2954 2371 3039 2422 ac
3080 2349 3264 2447 regi,
3316 2358 3389 2423 et

721 2471 998 2567 regine,
1035 2494 1120 2545 ac
1151 2470 1500 2545 cardinali
1532 2469 1876 2567 predictis
1908 2472 2429 2548 satisfacerem.

822 2604 992 2674 Post
1038 2599 1206 2687 hec,
1253 2601 1381 2672 SS.
1428 2603 1515 2671 D.
1563 2602 1647 2671 N.
1709 2597 1825 2671 die
1862 2596 2140 2672 sabbati
2185 2598 2567 2691 hodierna,
2624 2599 2867 2697 vigilia
2886 2607 3389 2702 pentecosteS‚

722 2725 943 2798 finitis
971 2723 1317 2821 vesperiS,
1373 2724 1658 2796 RRmis.
1712 2726 1800 2797 D.
1843 2721 2325 2797 cardinalibus
2366 2724 2721 2821 premissa
2761 2727 3135 2823 proposuit
3166 2751 3397 2825 super

722 2849 1074 2923 missione
1112 2847 1497 2923 cardinalis
1537 2847 1802 2921 Montis
1852 2849 2137 2947 Regalis
2178 2855 2249 2925 et
2298 2851 2453 2947 ejus
2492 2850 2789 2923 introitu
2828 2856 3195 2947 tamquam
3228 2875 3397 2927 ora-

716 2980 892 3054 toris
945 2978 1138 3075 regis
1196 2983 1268 3051 et
1322 2975 1570 3071 regine
1624 2973 2155 3073 predictorum,
2212 2974 2358 3066 ubi,
2417 2974 2610 3049 inter
2662 2974 2830 3065 alia,
2894 2974 3166 3049 dictum
3217 2974 3385 3069 fuit,

709 3076 1044 3204 ‘tempore
1076 3103 1308 3179 felicis
1339 3103 1864 3179 recordationis
1897 3101 2001 3175 Pii
2046 3122 2229 3198 pape
2272 3098 2598 3191 secundi,
2634 3098 3278 3174 Constanciensem
3314 3108 3392 3174 et

713 3233 1271 3305 Atrebatensem
1304 3236 1474 3302 tunc
1516 3227 1919 3302 cardinales
1950 3248 2173 3300 novos
2201 3226 2293 3298 ad
2324 3224 2593 3299 Urbem
2622 3225 2933 3317 venisse,
2968 3248 3054 3299 ac
3084 3224 3391 3299 nomine

713 3358 905 3451 regis
938 3359 1382 3428 Francorum
1426 3352 1732 3450 predicti
1771 3373 2013 3425 veram
2044 3348 2537 3425 obedientiam
2567 3331 2998 3447 prestitisse,
3034 3354 3391 3448 Pragma-

717 3479 1002 3574 ticeque
1063 3477 1434 3552 Sanctioni
1493 3476 1998 3564 renunciasse3
2062 3476 2257 3572 quod
2316 3498 2482 3549 cum
2556 3475 2819 3549 honori
2868 3482 2939 3549 et
2994 3478 3389 3554 commodo

717 3610 964 3677 sancte
994 3624 1296 3677 romane
1325 3600 1651 3676 Ecclesie
1681 3600 2074 3697 plurimum
2106 3600 2422 3691 cederet,
2458 3600 2531 3673 id
2563 3600 2664 3673 sic
2694 3600 2853 3676 fieri
2884 3624 3018 3698 per
3040 3604 3385 3678 eumdem

712 3729 920 3803 Pium
952 3729 1352 3803 admissum
1381 3728 1631 3801 fuisse.

805 3852 917 3926 Ad
940 3854 1080 3927 hec
1113 3852 1406 3926 adduxit
1447 3857 1695 3926 Rmus.
1742 3853 2129 3929 cardinalis
2162 3856 2503 3929 Senensis
2546 3856 2742 3953 quod
2790 3880 2957 3931 cum
2988 3858 3162 3931 alias
3191 3863 3383 3933 tem-

710 4000 886 4075 pore
919 3978 1150 4052 felicis
1183 3977 1708 4051 recordationis
1759 3978 2035 4053 Nicolai
2062 4003 2246 4077 pape
2288 3983 2547 4079 quinti,
2594 3962 3102 4059 serenissimus
3134 3986 3381 4061 Fride-

708 4102 897 4176 ricus
971 4106 1462 4177 Romanorum
1520 4126 1671 4195 rex,
1740 4104 1959 4177 rebus
2028 4105 2333 4200 publicis
2386 4107 2948 4183 christianorum
3002 4112 3379 4208 providere

706 4206 1157 4316 desiderans,
1223 4227 1492 4302 dietam
1547 4227 1939 4303 Ratisbone
2012 4232 2344 4307 omnibus
2413 4232 2858 4330 principibus
2927 4235 3212 4333 imperii
3273 4238 3381 4309 in-

706 4348 1029 4440 dixisset,
1065 4374 1150 4424 ac
1180 4352 1370 4426 bone
1402 4353 1755 4429 memorie
1797 4356 2237 4429 cardinalem
2286 4359 2515 4433 sancti
2558 4361 2747 4434 Petri
2792 4361 2883 4436 ad
2910 4362 3243 4454 Vincula,
3280 4363 3373 4437 de

703 4477 892 4550 Cusa
921 4481 1454 4573 nuncupatum,
1498 4477 1574 4549 in
1621 4481 2013 4554 Germania
2053 4487 2221 4556 tunc
2266 4482 2735 4575 residentem,
2778 4493 2857 4560 ut
2896 4488 3029 4561 sub
3064 4490 3377 4586 impera-

704 4602 878 4675 toris
909 4602 1205 4677 nomine
1240 4601 1706 4676 Ratisbonam
1739 4626 1817 4677 se
1848 4607 2265 4700 transferre,
2303 4617 2377 4685 et
2419 4610 2611 4685 diete
2644 4610 2789 4685 sive
2822 4614 3375 4711 congregationi

700 4723 1119 4821 hujusmodi
1177 4728 1668 4823 procuratoris
1729 4728 2025 4806 nomine
2088 4734 2413 4831 ejusdem
2484 4735 2943 4833 imperatoris
2994 4739 3372 4837 presidere

696 4848 911 4923 vellet
958 4874 1088 4947 per
1135 4875 1301 4926 suas
1352 4853 1599 4929 literas
1657 4861 1728 4928 et
1788 4862 2114 4933 oratores
2172 4866 2527 4957 rogasset,
2588 4869 2659 4937 et
2714 4862 2907 4937 idem
2968 4866 3217 4939 Rmus,
3276 4870 3367 4939 D.

699 4974 1086 5048 cardinalis
1116 4974 1207 5048 de
1238 4980 1426 5052 Cusa
1457 4981 1697 5055 sciens
1736 4982 1810 5055 id
1852 4981 2006 5058 sine
2048 4982 2240 5057 sedis
2280 4987 2675 5082 apostolice
2712 4988 3009 5063 licentia
3037 4991 3367 5087 speciali,

699 5100 834 5172 sibi
903 5122 1048 5173 non
1093 5100 1315 5175 licere
1373 5125 1458 5176 ac
1514 5106 1614 5179 illi
1682 5109 1814 5183 soli
1876 5110 2173 5185 obedire
2233 5110 2528 5202 debere,
2599 5112 2987 5212 propterea
3038 5138 3117 5190 se
3171 5118 3368 5213 apud

700 5226 1060 5324 prefatum
1092 5227 1604 5325 imperatorem
1636 5243 2080 5330 excusasset,
2116 5238 2310 5314 idem
2344 5240 2753 5338 imperator
2767 5242 2965 5315 misit
2993 5242 3087 5317 ad
3116 5250 3371 5319 sancte
