3625 6059
334 511 437 573 [nai
464 510 603 571 ¹494]
976 506 1227 566 RERUM
1274 505 1736 566 URBANARUM
1784 507 2308 569 COMMENTARII.
2871 522 2967 579 141

337 666 553 735 mento
590 656 877 733 duabus
916 656 1141 755 perlis
1180 656 1429 755 ligato,
1465 657 1661 754 quod
1703 658 2010 735 formam
2048 659 2339 751 habeat,
2375 669 2590 761 prout
2631 667 2867 743 solent
2899 669 2970 742 in

336 782 581 857 amictis
608 780 815 879 poni,
853 804 943 857 ex
969 781 1313 856 broccato
1342 781 1557 879 plano
1588 784 1994 865 cremesino
2027 791 2101 858 et
2128 784 2365 860 benda
2389 786 2612 885 longa
2635 813 2726 865 ex
2755 790 2969 867 broc-

335 913 471 984 cato
508 906 923 983 cremosino
966 912 1280 1003 quatuor
1320 906 1711 1005 digitorum
1750 909 1865 985 vel
1905 911 2124 1000 circa,
2162 936 2302 1007 que
2342 935 2385 984 a
2425 912 2610 991 collo
2655 915 2971 1012 pendeat

336 1055 533 1130 usque
562 1034 655 1106 ad
686 1032 955 1108 collum
984 1030 1221 1130 pedis,
1256 1031 1599 1106 bii-retum
1630 1034 1997 1109 retinebit.

410 1158 667 1255 Sicque
718 1164 1014 1256 paratus
1072 1156 1394 1233 ascendit
1458 1156 1550 1230 ad
1597 1157 1997 1235 thalamum
2052 1162 2334 1261 regium
2383 1188 2426 1237 a
2471 1164 2754 1241 duobus
2817 1169 2967 1243 suis

330 1281 815 1357 assistentibus
852 1306 935 1355 ac
986 1281 1205 1379 regiis
1245 1289 1319 1355 et
1360 1280 1749 1378 capellanis
1799 1284 2079 1361 duobus
2123 1289 2546 1386 majoribus,
2585 1292 2968 1368 eleemosi-

328 1408 507 1483 nario
548 1413 623 1483 et
660 1407 1084 1482 confessore
1119 1407 1517 1499 dumtaxat,
1554 1408 1981 1502 associatuS‚
2019 1412 2140 1487 ubi
2171 1413 2245 1487 in
2285 1414 2534 1491 sediali
2566 1441 2696 1492 suo
2737 1442 2968 1517 genu-
3023 1446 3030 1451 ’

326 1536 551 1628 flectit,
589 1542 663 1612 et
692 1560 785 1610 ex
812 1535 993 1610 libro
1024 1534 1198 1610 dicit
1228 1534 1601 1611 introitum
1638 1536 1728 1609 K
1718 1537 1876 1633 yrie
1917 1538 2224 1633 eleyson,
2263 1539 2503 1614 Gloria
2543 1542 2618 1615 in
2649 1545 2963 1635 eece-Isis,

325 1661 711 1735 orationem
763 1661 953 1736 Deus
1004 1661 1129 1760 qui
1174 1661 1383 1734 corda
1422 1661 1771 1759 fidelium,
1829 1667 1900 1735 et
1944 1662 2077 1735 sub
2125 1664 2462 1742 eamdem
2505 1668 2969 1745 conclusione

322 1795 737 1883 sequentem
781 1811 799 1860 ε
857 1785 1179 1877 oremus,
1224 1788 1435 1877 Deus,
1470 1810 1854 1885 reynerum
1885 1788 2200 1861 omnium
2229 1802 2600 1887 protector,
2636 1792 2728 1866 da
2763 1796 2964 1885 mihi,

316 1935 495 1985 servo
524 1922 674 2003 tue,
712 1913 1149 2009 triumphum
1178 1912 1452 1985 virtum
1492 1921 1609 1985 tue
1634 1912 1932 1987 scienter
1958 1915 2292 2025 excolere,
2327 1929 2398 1990 et
2419 1918 2544 2017 qui
2572 1929 2694 1991 tua
2723 1922 2973 1995 consti-

316 2038 567 2110 tudone
590 2036 729 2109 sim
740 2038 1103 2135 princeps,
1140 2048 1259 2111 tuo
1286 2060 1558 2135 semper
1584 2038 1878 2113 numine
1895 2040 2030 2113 sim
2046 2053 2342 2137 petens:
2367 2042 2516 2116 Per
2541 2043 2639 2119 D.
2675 2044 2778 2119 N.
2805 2057 2932 2119 etc.
2950 2103 2966 2135 ,

312 2164 717 2264 epistolam,
754 2170 829 2240 et
863 2165 1175 2258 alleluia,
1220 2189 1387 2241 cum
1422 2165 1657 2263 primo
1688 2188 1904 2240 versu
1945 2172 2254 2257 tantum,
2293 2165 2654 2259 videlicet,
2697 2168 2970 2244 Emitte

304 2290 625 2387 spiritum
646 2300 810 2379 etc„
838 2289 1119 2364 duobus
1140 2290 1646 2365 assistentibus
1675 2296 1745 2367 et
1766 2290 1924 2365 aliis
1955 2290 2172 2389 regiis
2192 2290 2486 2367 interim
2506 2292 2698 2390 apud
2721 2317 2968 2393 regem

310 2413 683 2491 stantibus.

398 2540 830 2617 Cantoribus
872 2564 1161 2617 versum
1208 2542 1615 2640 predictum
1674 2541 1948 2617 Emitte
2003 2553 2164 2631 etc„
2207 2542 2700 2633 cantantibuS‚
2757 2567 2968 2645 repo-

306 2664 496 2741 nitur
534 2667 1023 2743 faldistorium
1068 2667 1285 2766 legati
1335 2667 1409 2740 in
1450 2666 1693 2741 medio
1746 2666 1990 2741 altaris
2041 2666 2114 2741 in
2161 2692 2304 2763 quo
2352 2669 2508 2767 ipse
2553 2667 2762 2745 sedet
2798 2692 2967 2747 oum

306 2792 541 2867 mitra.

404 2922 551 2992 Rex
568 2918 951 2993 descendit
979 2917 1069 2992 de
1101 2917 1417 2993 thalamo
1457 2943 1589 2993 suo
1626 2920 1715 2993 ab
1756 2919 1895 2993 illis
1933 2917 2215 2992 duobus
2260 2916 2408 2991 suis
2465 2916 2968 2993 assistentibus

314 3047 390 3117 et
408 3042 559 3117 aliis
588 3042 741 3117 suis
770 3041 1202 3132 associatus,
1236 3048 1308 3117 et
1337 3043 1618 3119 accedit
1645 3043 1737 3117 ad
1778 3044 2098 3140 legatum
2131 3064 2148 3115 :
2181 3041 2436 3139 prelati
2479 3048 2868 3141 assurgunt
2895 3046 2971 3115 et

312 3164 573 3243 faciunt
603 3168 1077 3256 reverentias,
1110 3168 1371 3266 quibus
1402 3176 1476 3243 et
1514 3168 1673 3267 ipse
1712 3167 1984 3267 pariter
2025 3166 2200 3241 facit
2241 3172 2318 3240 ut
2357 3165 2598 3265 prius;
2637 3173 2711 3243 et
2747 3167 2962 3258 facta,

312 3286 595 3367 detecto
660 3290 935 3390 capite,
998 3292 1402 3368 reverentia
1464 3315 1711 3367 coram
1766 3292 2047 3391 legato,
2109 3314 2330 3391 super
2385 3292 2678 3367 cussino
2734 3316 2969 3391 genu-

314 3413 561 3492 flectit.

414 3544 667 3620 Prelati
696 3569 952 3621 omnes
982 3544 1253 3621 faciunt
1279 3544 1635 3621 circulum
1662 3548 1830 3643 post
1870 3564 2146 3641 regem,
2182 3548 2259 3615 ut
2295 3542 2497 3641 prius
2537 3566 2704 3619 cum
2735 3543 2964 3619 mitris

318 3673 611 3761 stantes,
644 3676 721 3747 et
750 3670 999 3747 omnia
1030 3669 1247 3745 simul
1275 3694 1443 3745 cum
1471 3669 1743 3767 legato,
1776 3667 1990 3767 plane
2021 3673 2266 3742 tamen
2296 3667 2650 3745 dicentes.

410 3797 747 3893 Legatus,
807 3804 1109 3896 accepto
1168 3819 1347 3871 ense
1399 3795 1595 3870 nudo
1654 3794 1745 3869 de
1788 3792 1997 3868 altari
2043 3817 2174 3891 per
2230 3816 2347 3869 me
2397 3793 2532 3870 sibi
2595 3801 2960 3893 porrecto,

308 3915 507 3991 illum
536 3917 757 3993 tradit
780 3918 854 3991 in
885 3943 1107 3995 manu
1134 3918 1327 4016 regis
1366 3916 1806 4017 recipientis,
1842 3915 2092 3991 dicens
2132 3916 2398 4014 Accipe
2423 3914 2748 4014 ,qladium
2779 3929 2909 3991 etc.
2936 3943 2965 4002 ,-

312 4065 451 4139 quo
479 4044 705 4136 dicto,
737 4068 865 4121 rex
892 4044 1256 4120 osculatur
1284 4067 1541 4119 manus
1571 4042 1819 4142 legati.

400 4172 615 4262 Tum,
644 4170 987 4268 imposito
1028 4194 1161 4269 per
1202 4196 1321 4248 me
1365 4172 1601 4270 gladio
1630 4170 1709 4244 in
1734 4171 2093 4269 vaginam,
2134 4168 2416 4266 legatus
2453 4165 2678 4267 cingit
2717 4191 2965 4267 regem

298 4294 540 4391 gladio
574 4293 651 4369 in
682 4293 1039 4394 vaginam,
1078 4294 1329 4372 dicens
1361 4296 1836 4393 antiphonam
1871 4319 1887 4369 z
1921 4294 2325 4392 Accingere
2344 4291 2584 4391 ,eladio
2616 4305 2734 4369 tuo
2757 4319 2968 4393 super

298 4420 549 4515 femur
576 4430 809 4511 mum,
828 4420 1337 4518 potentissime.

396 4545 649 4643 Surgit
693 4569 845 4636 rex,
882 4552 954 4621 et
1000 4552 1403 4621 extractum
1450 4569 1701 4621 ensem
1756 4544 1848 4621 de
1895 4524 2150 4643 vagina
2196 4542 2494 4620 viriliter
2533 4548 2646 4615 ter
2689 4541 2961 4632 vibrat3

308 4676 455 4745 tum
512 4694 738 4771 super
784 4670 1164 4747 brachium
1216 4670 1587 4747 sinistrum
1638 4669 1972 4768 extergit,
2027 4668 2310 4767 reponit
2362 4667 2438 4740 in
2484 4664 2846 4763 vaginam,
2897 4673 2968 4743 et

307 4794 569 4870 iterum
598 4816 853 4871 coram
880 4796 1147 4894 legato,
1182 4802 1260 4869 ut
1288 4796 1513 4895 prius,
1549 4793 2000 4893 genuflectit.

402 4924 714 5012 Corona,
766 4920 859 4996 de
908 4920 1113 4997 altari
1156 4944 1289 5021 per
1343 4944 1461 4996 me
1512 4929 1826 5021 sumpta,
1872 4917 2175 4996 traditur
2214 4916 2486 5016 legato,
2539 4943 2756 5017 quam
2799 4944 2966 4997 cum

310 5048 639 5123 omnibus
666 5044 973 5149 prelatis
1000 5046 1265 5147 paratis
1302 5069 1599 5123 manum
1627 5046 2183 5146 apponentibus,
2221 5045 2420 5125 solus
2447 5048 2602 5146 regi
2635 5049 2962 5146 imponit,

314 5170 549 5250 dicens
584 5199 601 5248 :
635 5173 920 5270 Accipe
942 5196 1269 5248 coronam
1298 5184 1427 5247 etc.
