3625 6059
704 583 807 639 103
1614 581 1644 636 J
1649 580 1892 638 OHANN
1898 581 1962 636 IS
2013 580 2453 648 BURCHARDI,
3031 581 3189 642 [avril
3219 583 3338 643 1494]

631 763 639 770 ·
714 738 1024 811 accessit
1078 736 1168 810 ad
1224 736 1472 810 sedem
1526 737 1811 810 bassam
1872 736 1946 807 in
1998 735 2332 833 opposito
2390 736 2635 809 altaris
2695 735 3002 832 positam
3064 757 3079 804 t
3135 733 3342 830 posita

708 865 927 938 etiam
964 863 1095 936 fuit
1134 867 1301 936 ante
1340 863 1579 960 ipsum
1618 860 1902 935 concha
1939 884 2203 958 magna
2242 869 2314 935 et
2353 884 2540 957 aqua
2578 860 2882 957 repleta,
2934 882 3144 955 quam
3177 835 3346 955 Papa

706 988 1075 1063 benedixit
1124 1012 1287 1061 cum
1337 989 1485 1062 sale
1533 992 1748 1084 prout
1786 987 1860 1059 in
1893 984 2194 1074 missali,
2231 985 2488 1059 deinde
2535 985 2870 1058 eamdem
2900 1005 3159 1080 aquam
3202 1006 3344 1057 cum

707 1114 1032 1188 balsamo
1064 1121 1136 1187 et
1168 1113 1557 1187 chrismate
1596 1112 2045 1186 consecravit
2074 1116 2284 1208 prout
2318 1111 2390 1183 in
2425 1108 2918 1196 ceremoniali,
2954 1116 3108 1180 tum
3147 1108 3345 1182 hene-

708 1239 885 1314 dixit
930 1261 1157 1335 agnos
1202 1240 1277 1311 in
1319 1245 1597 1335 septem
1645 1239 1883 1334 capsis
1923 1258 2170 1310 coram
2212 1259 2300 1310 eo
2341 1234 2622 1333 positiS,
2656 1257 2960 1331 quarum
2993 1257 3136 1306 una
3161 1232 3348 1329 plena

710 1387 855 1438 non
884 1371 1065 1452 erat,
1103 1364 1175 1436 in
1216 1387 1359 1458 qua
1388 1371 1593 1436 erant
1624 1363 1791 1459 agni
1821 1386 1954 1460 pro
1982 1361 2282 1434 diversis
2314 1361 2642 1457 personis
2682 1358 2774 1432 ad
2802 1357 3347 1432 consecrandum

711 1489 1066 1587 apportati
1138 1511 1317 1583 quos
1378 1493 1621 1560 tamen
1677 1491 1872 1586 Papa
1922 1494 2302 1585 postquam
2362 1487 2524 1560 illos
2581 1483 3029 1558 consecravit
3082 1483 3348 1556 retineri

704 1613 1075 1688 mandavit
1120 1619 1191 1686 et
1220 1611 1494 1686 nemini
1530 1612 1668 1685 nisi
1702 1634 2043 1708 expressa
2085 1613 2241 1708 ejus
2282 1611 2577 1686 licentia
2616 1609 2896 1683 restitui
2941 1608 3051 1682 vel
3097 1607 3349 1683 donari.

706 1739 1063 1835 Imposito
1124 1737 1384 1811 deinde
1443 1737 1770 1819 incenso,
1843 1735 2298 1810 ministrante
2363 1734 2705 1808 cardinali
2764 1733 3030 1806 Montis
3097 1731 3356 1828 Regalis

710 1863 1143 1951 naviculam,
1190 1862 1585 1936 incensavit
1626 1861 1862 1958 primo
1900 1884 2188 1956 aquam,
2225 1860 2485 1934 deinde
2518 1882 2744 1956 agnos
2780 1859 2850 1931 in
2886 1857 3121 1930 tribus
3149 1857 3358 1952 capsis

710 2011 891 2082 quos
924 1987 1330 2061 successive
1360 2010 1495 2084 per
1534 1985 2016 2060 cubicularios
2058 1986 2125 2057 in
2161 1985 2510 2059 bacilibus
2552 1990 2966 2080 apportatos
2997 1982 3074 2054 in
3107 1980 3362 2054 concha

710 2113 1069 2185 immersit
1100 2118 1172 2185 et
1203 2134 1367 2184 cum
1400 2110 1764 2186 cochleari
1796 2109 2105 2207 propriis
2139 2108 2472 2182 manibus
2509 2109 2816 2184 extraxit
2846 2131 3080 2204 usque
3119 2106 3208 2182 ad
3235 2113 3360 2182 ter-

711 2237 883 2310 tiam
946 2259 1237 2333 capsam
1302 2236 1415 2309 vel
1472 2237 1693 2325 circa,
1766 2234 2028 2310 deinde
2088 2234 2453 2308 commisit
2513 2232 2968 2306 residuorum
3032 2255 3360 2332 agnorum

710 2361 1253 2434 immersionem
1303 2362 1789 2435 cardinalibus
1839 2362 2102 2434 Montis
2156 2360 2444 2456 Regalis
2498 2367 2566 2433 et
2616 2359 3084 2432 Alexandrini
3139 2359 3256 2455 qui
3302 2359 3358 2430 in

710 2489 903 2582 Pape
965 2487 1331 2582 presentia
1399 2493 1864 2583 peragerunt.
1940 2489 2238 2560 Paratus
2303 2493 2547 2559 autem
2606 2492 2758 2558 erat
2810 2508 2999 2558 unus
3069 2483 3361 2582 scyphus

716 2635 1022 2708 magnus
1074 2611 1494 2685 linteamine
1553 2619 1940 2708 coopertus
1995 2611 2069 2683 in
2128 2636 2269 2707 quo
2328 2618 2400 2684 et
2457 2609 2600 2683 duo
2657 2633 2922 2706 magna
2973 2609 3366 2684 cochlearia

711 2733 957 2830 lignea
993 2735 1361 2831 perforata
1407 2735 1665 2830 quibus
1708 2735 1875 2832 agni
1917 2759 2006 2808 ex
2046 2735 2327 2809 concha
2365 2734 2778 2832 supradicta
2819 2735 3360 2831 reponebantur.

715 2859 959 2954 Parari
991 2860 1211 2933 etiam
1242 2859 1383 2933 feci
1423 2883 1641 2932 unam
1674 2859 2014 2932 tobaliam
2045 2881 2385 2957 magnam
2417 2861 2624 2957 juxta
2666 2883 2954 2932 murum
2987 2861 3181 2935 inter
3209 2859 3365 2933 duas

717 2983 1077 3057 fenestras
1108 2989 1275 3058 ante
1300 2984 1665 3082 predictos
1696 2993 1770 3058 et
1793 2984 2332 3058 linteaminibus
2363 2986 2720 3082 cooperiri
2750 3009 2883 3083 pro
2913 2985 3124 3082 agnis
3153 2983 3367 3057 omni-

719 3111 854 3184 bus
898 3111 1210 3206 desuper
1248 3110 1605 3206 ponendis
1640 3109 1732 3182 ad
1765 3109 2296 3182 resiccandum.
2344 3110 2582 3184 Parati
2623 3109 2912 3183 fuerunt
2948 3108 3223 3182 ibidem
3259 3131 3370 3205 per

716 3237 1091 3309 sacristam
1138 3235 1281 3307 duo
1326 3235 1637 3307 canestri
1678 3233 1878 3330 longi
1925 3235 2207 3331 magnis
2254 3235 2796 3340 linteaminibus
2843 3235 3172 3331 cooperti
3221 3255 3367 3306 cum

715 3359 976 3456 quibus
1035 3359 1201 3455 agni
1265 3358 1355 3431 de
1405 3359 1676 3457 scypho
1731 3359 1823 3431 ad
1875 3381 2204 3432 mensam
2271 3359 2759 3454 supradictam
2812 3359 3365 3455 reponebantur.

713 3483 940 3579 Agnis
990 3482 1326 3556 omnihus
1373 3483 1737 3557 immersis
1786 3490 1859 3557 et
1909 3505 2127 3580 supra
2173 3503 2502 3555 mensam
2549 3483 2971 3581 hujusmodi
3013 3484 3366 3582 repositiS,

716 3610 843 3681 SS.
882 3612 969 3681 D.
1007 3614 1259 3680 noster
1292 3614 1487 3681 stans
1520 3607 1805 3681 detecto
1851 3611 2083 3706 capite
2113 3633 2364 3682 versus
2395 3608 2489 3682 ad
2517 3608 2708 3698 illos,
2752 3610 2930 3683 dixit
2959 3610 3321 3683 orationes
3352 3631 3366 3679 ε

722 3731 784 3804 0
828 3718 1341 3827 alme'spiritus
1386 3737 1458 3805 et
1499 3731 1807 3804 Domine
1852 3732 2030 3807 Jesu
2079 3734 2383 3824 Christe,
2431 3741 2583 3805 tum
2629 3733 2815 3806 sedit
2861 3741 2932 3807 et
2976 3737 3064 3806 D.
3113 3730 3371 3806 Pisauri

712 3879 975 3951 aquam
1026 3856 1473 3930 ministrante
1524 3862 1597 3929 et
1642 3856 1988 3931 cardinali
2038 3859 2302 3932 Montis
2352 3859 2640 3955 Regalis
2685 3860 2921 3957 ipsum
2967 3859 3369 3956 adjuvante,

712 3987 909 4078 Papa
933 4005 1191 4054 manus
1215 3980 1409 4070 lavit,
1439 3982 1699 4077 quibus
1726 3982 1920 4071 lotiS,
1953 3982 2287 4079 deposito
2314 3983 2670 4080 gremiali,
2703 3984 2825 4058 ivit
2852 3983 2946 4058 ad
2973 3982 3369 4081 prandium.

806 4108 1017 4180 F'eria
1063 4111 1289 4194 sexta,
1325 4113 1367 4178 4
1400 4107 1569 4180 dicti
1606 4108 1880 4181 mensis
1926 4108 2200 4205 apriliS,
2233 4109 2306 4181 in
2339 4109 2670 4182 sacristia
2701 4084 3128 4182 monasterii
3161 4103 3376 4180 sancti

718 4232 920 4306 Pauli
963 4241 1169 4305 extra
1213 4255 1461 4305 muros
1493 4233 1733 4322 Urbis,
1780 4237 1864 4306 R.
1902 4233 1974 4305 in
2001 4234 2284 4307 Christo
2319 4238 2397 4307 P.
2446 4239 2531 4308 D.
2571 4232 3162 4329 Christophorus,
3205 4231 3374 4328 epis-

722 4380 947 4453 copus
978 4354 1508 4446 GlandatensiS,
1554 4358 1642 4430 de
1677 4358 2020 4430 mandato
2063 4360 2188 4432 SS.
2235 4363 2323 4432 D.
2369 4362 2456 4432 N.
2507 4383 2720 4457 pape,
2764 4367 2842 4432 ut
2880 4359 3222 4446 asseruit,
3255 4354 3374 4428 sibi

720 4482 937 4572 fact0,
994 4486 1279 4555 Rmum.
1337 4485 1420 4555 D.
1476 4482 1968 4556 Alexandrum
2017 4490 2433 4558 sanctorum
2483 4485 2723 4558 Cosmi
2769 4491 2842 4558 et
2890 4483 3246 4572 Damiani,
3297 4479 3376 4552 de

722 4607 1063 4681 Farnesio
1123 4619 1647 4705 nuncupatum,
1712 4607 2098 4681 diaconum
2155 4610 2955 4706 cardinalem-primam
3013 4617 3374 4682 tonsuram

722 4737 997 4803 tantum
1049 4731 1468 4821 habentem,
1524 4732 1615 4806 ad
1661 4737 1969 4828 quatuor
2017 4733 2328 4828 majores
2376 4741 2540 4831 post
2583 4735 2822 4831 Kyrie
2869 4735 3124 4807 eleison
3175 4738 3250 4806 et
3297 4729 3376 4803 ad

723 4854 1326 4928 subdiaconatum
1358 4864 1519 4952 post
1550 4856 1984 4949 orationem,
2021 4867 2088 4931 et
2121 4857 2584 4934 diaconatum
2615 4867 2784 4934 ante
2814 4858 3162 4948 Alleluia,
3196 4855 3380 4930 ordi-

721 4980 915 5054 navit
962 4979 1035 5051 in
1095 4979 1331 5052 forma
1387 4981 1712 5056 Ecclesie
1761 4988 2136 5072 consueta,
2190 4985 2650 5060 consessione
2699 4987 2896 5083 prius
2945 5010 3076 5083 per
3117 4985 3376 5082 ipsum.

715 5107 907 5180 inter
965 5102 1373 5178 cardinales
1431 5107 1754 5181 medium
1813 5117 2153 5198 stantem,
2215 5109 2450 5200 facta3
2502 5112 2946 5209 pretermisit
2987 5111 3376 5188 orationes.

714 5229 1235 5310 instructiones
1268 5237 1342 5304 et
1370 5230 1890 5324 ordinationeS,
1931 5240 2004 5308 et
2037 5234 2179 5309 alia
2215 5234 2387 5310 fecit
2415 5260 2622 5312 more
2665 5237 2902 5312 solito.
2938 5237 3050 5310 Ad
3087 5234 3380 5310 offerto-
