3625 6059
737 491 844 547 370
1655 482 2009 543 JOHANMS
2056 481 2503 551 BURCHARDI,
3094 487 3205 547 [nai
3232 490 3338 551 um

739 642 1128 717 sollicitare
1205 640 1401 737 quod
1473 638 1717 713 debite
1795 638 2197 733 procedant
2264 638 2525 735 quibus
2597 637 2751 734 ipse
2814 638 3161 734 prefectus
3224 644 3332 717 sive

739 768 1117 867 adjunctus
1149 774 1262 841 est
1286 767 1494 865 juxta
1520 766 1854 839 ordinem
1888 765 2457 861 infrascriptum.

837 918 1192 993 Antonius
1224 920 1618 1008 Laurentii,
1654 918 2023 1014 magister,

840 1044 1227 1119 Honufrius
1259 1044 1727 1133 Ballista-ius,

839 1174 1116 1245 Uranus
1148 1173 1238 1249 de
1273 1173 1663 1261 Bellavilla‚

835 1294 1331 1370 Ferdinandus
1363 1299 1451 1371 de
1485 1300 1662 1369 Poto

831 1421 1110 1495 Nardus
1137 1421 1226 1496 de
1257 1422 1605 1515 Fulgineo
1645 1420 1983 1494 sollicitet
2013 1419 2395 1516 magistros
2426 1418 2699 1515 plumbi
2725 1422 2796 1491 et
2826 1418 3220 1493 bullatores.

819 1546 1189 1620 Johannes
1229 1549 1464 1621 Minor
1499 1546 1835 1625 sollicitet
1872 1545 2407 1619 abbreviatores
2450 1545 2541 1618 de
2581 1567 2807 1641 parco
2848 1546 3103 1642 majori
3132 1552 3194 1619 et
3230 1570 3341 1618 ms-

734 1671 1000 1766 gistros
1036 1673 1408 1769 utriusque
1441 1672 1754 1770 registri.

832 1797 1244 1872 Desiderius
1277 1798 1651 1871 Bartholot
1676 1798 2014 1871 sollicitet
2046 1799 2435 1893 scriptores
2469 1796 2937 1895 apostolicos.

837 1922 1331 1995 Ferdinandus
1363 1922 1451 1996 de
1489 1926 1929 2018 Bergeran0‚
1964 1924 2250 1997 absens.

835 2045 1382 2120 Bartholomeus
1413 2048 1740 2123 Miranda
1769 2048 2106 2123 sollicitet
2140 2049 2527 2146 scriptores
2560 2046 3094 2144 penitentiarie.

829 2176 1058 2247 Lucas
1089 2173 1178 2248 de
1211 2162 1783 2248 Soriasoll'icitet
1812 2174 2349 2250 abbreviatores
2380 2173 2468 2247 de
2501 2195 2720 2271 parco
2752 2171 3017 2245 minori
3048 2176 3115 2245 et
3158 2168 3341 2266 prima

737 2295 1029 2373 visione.

839 2421 1261 2498 Dominicus
1293 2425 1382 2500 de
1414 2425 1711 2501 Villanis
1743 2424 2078 2499 sollicitet
2109 2431 2619 2523 procuratores
2651 2422 3261 2497 contradictarum.

837 2548 1066 2620 Guido
1098 2550 1535 2623 Frobistardi
1568 2551 1903 2625 sollicitet
1934 2560 2443 2648 procuratores
2474 2550 3011 2647 penitentiarie.

837 2673 1388 2748 Bartholomeus
1422 2678 1664 2749 Senna
1691 2676 2027 2750 sollicitet
2056 2674 2375 2779 notarios
2406 2674 2750 2749 auditoris
2784 2698 3096 2749 camere.

837 2800 1387 2874 Bartholomeus
1415 2804 1633 2874 Perez
1663 2800 1999 2875 sollicitet
2028 2802 2349 2875 notarios
2382 2801 2725 2875 auditoris
2758 2808 2944 2875 rote.

829 2925 1246 3000 Dominicus
1295 2926 1784 3001 Vualleferino
1830 2926 2162 3001 sollicitet
2212 2926 2715 3000 sollicitatores
2760 2926 3126 3001 literarum
3166 2944 3340 3017 apos-

749 3051 1150 3125 toliearum.

828 3176 1198 3249 Jobannes
1232 3176 1321 3249 de
1351 3179 1548 3251 Mota
1579 3178 1915 3255 sollicitet
1946 3180 2450 3254 sollicitatores
2482 3176 2784 3276 plumbi.

828 3298 1198 3373 lohannes
1227 3301 1318 3374 de
1360 3301 1582 3397 Regio

831 3424 1581 3500 EberardusdeVinea
1681 3428 2067 3505 sollicitent
2095 3428 2644 3528 processionem
2676 3428 2857 3502 cleri
2892 3426 3117 3501 Urbis,

831 3548 1145 3622 Jacobus
1176 3547 1264 3621 de
1298 3552 1518 3622 Hoste

2164 960 2554 1054 sollicitent
2574 986 2791 1053 totam
2824 980 3337 1076 processionem,

2259 1104 2605 1177 continuo
2631 1104 2803 1177 hinc.
2836 1104 3003 1178 inde
3035 1112 3341 1179 transcur-

2258 1230 2507 1303 rendo.
2728 1240 2735 1245 ’

833 3716 920 3787 Et
961 3714 1216 3788 eadem
1266 3716 1410 3805 die,
1456 3718 1871 3814 capellanus
1915 3720 2385 3794 collectorum
2416 3721 2691 3817 plumbi
2738 3719 3170 3819 presentavit
3198 3722 3340 3787 Rmo

736 3843 822 3911 D.
887 3842 1284 3915 camerario
1343 3842 1634 3915 nomina
1687 3852 1761 3917 et
1812 3844 2252 3941 cognomina
2300 3844 2769 3919 collectorum
2834 3843 3132 3945 plumbi,
3177 3842 3339 3937 juxta

735 3964 1151 4040 mandatum
1199 3966 1334 4041 sibi
1373 3968 1670 4059 factum,
1703 3975 1776 4043 et
1815 3969 2009 4045 idem
2050 3972 2296 4043 Rmus,
2335 3974 2420 4043 D.
2458 3972 2635 4044 mihi
2666 3970 3104 4071 presentavit
3128 3964 3340 4061 hujus-

733 4092 926 4166 modi
960 4093 1231 4167 tenoris
1269 4120 1284 4167 τ

927 4245 1286 4320 officiales
1315 4247 1730 4321 collectorie
1761 4249 2037 4345 plumbi
2076 4273 2091 4321 ε

829 4392 1240 4489 Alphonsus
1269 4398 1600 4489 RicenaS,

835 4517 1170 4618 Aloysius
1199 4522 1289 4595 de
1320 4524 1735 4620 Campania,

827 4646 1178 4719 Antonius
1212 4649 1452 4721 Gratia
1483 4649 1642 4739 Dei,

827 4770 1186 4845 Adrianus
1217 4775 1306 4847 de
1343 4776 1664 4865 Viterb0‚

825 4894 1174 4991 Agabitus
1204 4897 1294 4970 de
1327 4899 1565 4996 Cupis,

830 5021 1384 5097 Bai-tholomeus
1419 5024 1852 5110 CandianuS‚

825 5148 1260 5223 Benedictus
1293 5148 1382 5224 de
1411 5150 1829 5237 RizonibuS,
