<?xml version="1.0" encoding="UTF-8"?>
<!DOCTYPE html PUBLIC "-//W3C//DTD XHTML 1.0 Transitional//EN"
    "http://www.w3.org/TR/xhtml1/DTD/xhtml1-transitional.dtd">
<html xmlns="http://www.w3.org/1999/xhtml" xml:lang="en" lang="en">
 <head>
  <title>
</title>
<meta http-equiv="Content-Type" content="text/html;charset=utf-8" />
  <meta name='ocr-system' content='tesseract 3.04.00' />
  <meta name='ocr-capabilities' content='ocr_page ocr_carea ocr_par ocr_line ocrx_word'/>
</head>
<body>
  <div class='ocr_page' id='page_1' title='image "./johannisburchar00unkngoog_0300.png"; bbox 0 0 3625 6059; ppageno 0'>
   <div class='ocr_carea' id='block_1_1' title="bbox 811 476 3425 547">
    <p class='ocr_par' dir='ltr' id='par_1_1' title="bbox 811 476 3425 547">
     <span class='ocr_line' id='line_1_1' title="bbox 811 476 3425 547; baseline 0 -12"><span class='ocrx_word' id='word_1_1' title='bbox 811 482 915 535; x_wconf 78' lang='lat'>288</span> <span class='ocrx_word' id='word_1_2' title='bbox 1714 476 1992 534; x_wconf 80' lang='lat' dir='ltr'><strong>JOHANN</strong></span> <span class='ocrx_word' id='word_1_3' title='bbox 2003 478 2064 535; x_wconf 84' lang='lat' dir='ltr'>1S</span> <span class='ocrx_word' id='word_1_4' title='bbox 2115 478 2556 547; x_wconf 79' lang='lat' dir='ltr'>BURCHARm,</span> <span class='ocrx_word' id='word_1_5' title='bbox 3159 480 3290 542; x_wconf 73' lang='lat' dir='ltr'>[suin</span> <span class='ocrx_word' id='word_1_6' title='bbox 3319 488 3425 545; x_wconf 65' lang='lat' dir='ltr'>iias}</span> 
     </span>
    </p>
   </div>
   <div class='ocr_carea' id='block_1_2' title="bbox 782 630 3429 5243">
    <p class='ocr_par' dir='ltr' id='par_1_2' title="bbox 812 630 3429 1455">
     <span class='ocr_line' id='line_1_2' title="bbox 812 630 3424 729; baseline 0.002 -23"><span class='ocrx_word' id='word_1_7' title='bbox 812 632 1099 706; x_wconf 87' lang='lat' dir='ltr'>detecto</span> <span class='ocrx_word' id='word_1_8' title='bbox 1132 631 1390 729; x_wconf 88' lang='lat' dir='ltr'>capite,</span> <span class='ocrx_word' id='word_1_9' title='bbox 1421 632 1727 728; x_wconf 90' lang='lat' dir='ltr'>portavit</span> <span class='ocrx_word' id='word_1_10' title='bbox 1756 630 1928 705; x_wconf 92' lang='lat' dir='ltr'>illud</span> <span class='ocrx_word' id='word_1_11' title='bbox 1955 638 2157 706; x_wconf 84' lang='lat' dir='ltr'>extra</span> <span class='ocrx_word' id='word_1_12' title='bbox 2187 631 2568 729; x_wconf 88' lang='lat' dir='ltr'>capellam,</span> <span class='ocrx_word' id='word_1_13' title='bbox 2598 632 2858 706; x_wconf 90' lang='lat' dir='ltr'>deinde</span> <span class='ocrx_word' id='word_1_14' title='bbox 2889 632 3026 706; x_wconf 92' lang='lat' dir='ltr'>sub</span> <span class='ocrx_word' id='word_1_15' title='bbox 3049 633 3424 710; x_wconf 80' lang='lat' dir='ltr'>baldachino</span> 
     </span>
     <span class='ocr_line' id='line_1_3' title="bbox 813 756 3426 857; baseline 0.002 -26"><span class='ocrx_word' id='word_1_16' title='bbox 813 757 1008 854; x_wconf 89' lang='lat' dir='ltr'>quod</span> <span class='ocrx_word' id='word_1_17' title='bbox 1036 765 1358 830; x_wconf 88' lang='lat' dir='ltr'>oratores</span> <span class='ocrx_word' id='word_1_18' title='bbox 1390 762 1461 830; x_wconf 92' lang='lat' dir='ltr'>et</span> <span class='ocrx_word' id='word_1_19' title='bbox 1492 756 1771 831; x_wconf 88' lang='lat' dir='ltr'>nobiles</span> <span class='ocrx_word' id='word_1_20' title='bbox 1802 758 2182 853; x_wconf 86' lang='lat' dir='ltr'>portabant</span> <span class='ocrx_word' id='word_1_21' title='bbox 2221 756 2313 830; x_wconf 92' lang='lat' dir='ltr'>ad</span> <span class='ocrx_word' id='word_1_22' title='bbox 2352 756 2576 852; x_wconf 90' lang='lat' dir='ltr'>pedes</span> <span class='ocrx_word' id='word_1_23' title='bbox 2621 756 3014 849; x_wconf 88' lang='lat' dir='ltr'>scalarum,</span> <span class='ocrx_word' id='word_1_24' title='bbox 3053 758 3171 833; x_wconf 90' lang='lat' dir='ltr'>ubi</span> <span class='ocrx_word' id='word_1_25' title='bbox 3201 764 3426 857; x_wconf 84' lang='lat' dir='ltr'>accepit</span> 
     </span>
     <span class='ocr_line' id='line_1_4' title="bbox 813 878 3426 981; baseline 0.002 -27"><span class='ocrx_word' id='word_1_26' title='bbox 813 878 1151 981; x_wconf 61' lang='lat' dir='ltr'>mytram}</span> <span class='ocrx_word' id='word_1_27' title='bbox 1194 888 1267 955; x_wconf 89' lang='lat' dir='ltr'>et</span> <span class='ocrx_word' id='word_1_28' title='bbox 1304 882 1707 956; x_wconf 89' lang='lat' dir='ltr'>ascendens</span> <span class='ocrx_word' id='word_1_29' title='bbox 1757 882 2008 956; x_wconf 88' lang='lat' dir='ltr'>sedem</span> <span class='ocrx_word' id='word_1_30' title='bbox 2057 882 2129 953; x_wconf 89' lang='lat' dir='ltr'>in</span> <span class='ocrx_word' id='word_1_31' title='bbox 2184 904 2270 955; x_wconf 86' lang='lat' dir='ltr'>ea</span> <span class='ocrx_word' id='word_1_32' title='bbox 2310 881 2619 978; x_wconf 87' lang='lat' dir='ltr'>portavit</span> <span class='ocrx_word' id='word_1_33' title='bbox 2659 887 3202 957; x_wconf 90' lang='lat' dir='ltr'>sacramantum</span> <span class='ocrx_word' id='word_1_34' title='bbox 3249 908 3426 981; x_wconf 81' lang='lat' dir='ltr'>usque</span> 
     </span>
     <span class='ocr_line' id='line_1_5' title="bbox 814 1006 3426 1107; baseline 0 -26"><span class='ocrx_word' id='word_1_35' title='bbox 814 1007 905 1081; x_wconf 89' lang='lat' dir='ltr'>ad</span> <span class='ocrx_word' id='word_1_36' title='bbox 938 1007 1217 1080; x_wconf 85' lang='lat' dir='ltr'>vineam</span> <span class='ocrx_word' id='word_1_37' title='bbox 1252 1013 1323 1081; x_wconf 93' lang='lat' dir='ltr'>et</span> <span class='ocrx_word' id='word_1_38' title='bbox 1362 1030 1587 1105; x_wconf 81' lang='lat' dir='ltr'>prope</span> <span class='ocrx_word' id='word_1_39' title='bbox 1628 1007 1926 1082; x_wconf 90' lang='lat' dir='ltr'>domum</span> <span class='ocrx_word' id='word_1_40' title='bbox 1963 1006 2346 1079; x_wconf 90' lang='lat' dir='ltr'>cardinalis</span> <span class='ocrx_word' id='word_1_41' title='bbox 2379 1030 2438 1078; x_wconf 90' lang='lat' dir='ltr'>s.</span> <span class='ocrx_word' id='word_1_42' title='bbox 2477 1006 2894 1098; x_wconf 80' lang='lat' dir='ltr'>ClementiS,</span> <span class='ocrx_word' id='word_1_43' title='bbox 2936 1007 3108 1081; x_wconf 91' lang='lat' dir='ltr'>inde</span> <span class='ocrx_word' id='word_1_44' title='bbox 3144 1033 3265 1107; x_wconf 86' lang='lat' dir='ltr'>per</span> <span class='ocrx_word' id='word_1_45' title='bbox 3289 1014 3426 1082; x_wconf 81' lang='lat' dir='ltr'>Ter-</span> 
     </span>
     <span class='ocr_line' id='line_1_6' title="bbox 813 1130 3424 1207; baseline 0 -3"><span class='ocrx_word' id='word_1_46' title='bbox 813 1156 967 1205; x_wconf 87' lang='lat' dir='ltr'>ram</span> <span class='ocrx_word' id='word_1_47' title='bbox 1013 1134 1351 1206; x_wconf 78' lang='lat' dir='ltr'>Sanctam</span> <span class='ocrx_word' id='word_1_48' title='bbox 1392 1131 1482 1204; x_wconf 91' lang='lat' dir='ltr'>ad</span> <span class='ocrx_word' id='word_1_49' title='bbox 1516 1131 1886 1204; x_wconf 78' lang='lat' dir='ltr'>basilicam</span> <span class='ocrx_word' id='word_1_50' title='bbox 1919 1156 1977 1203; x_wconf 91' lang='lat' dir='ltr'>s.</span> <span class='ocrx_word' id='word_1_51' title='bbox 2016 1130 2230 1204; x_wconf 90' lang='lat' dir='ltr'>Petri.</span> <span class='ocrx_word' id='word_1_52' title='bbox 2268 1130 2634 1204; x_wconf 78' lang='lat' dir='ltr'>officiales</span> <span class='ocrx_word' id='word_1_53' title='bbox 2667 1154 2754 1205; x_wconf 85' lang='lat' dir='ltr'>ex</span> <span class='ocrx_word' id='word_1_54' title='bbox 2795 1130 3248 1207; x_wconf 89' lang='lat' dir='ltr'>ordinatione</span> <span class='ocrx_word' id='word_1_55' title='bbox 3279 1137 3424 1207; x_wconf 76' lang='lat' dir='ltr'>Rmi&#39;.</span> 
     </span>
     <span class='ocr_line' id='line_1_7' title="bbox 818 1255 3429 1353; baseline 0.001 -22"><span class='ocrx_word' id='word_1_56' title='bbox 818 1262 899 1331; x_wconf 86' lang='lat' dir='ltr'>l).</span> <span class='ocrx_word' id='word_1_57' title='bbox 938 1258 1321 1331; x_wconf 90' lang='lat' dir='ltr'>cardinalis</span> <span class='ocrx_word' id='word_1_58' title='bbox 1354 1283 1412 1330; x_wconf 84' lang='lat' dir='ltr'>S.</span> <span class='ocrx_word' id='word_1_59' title='bbox 1453 1256 1770 1353; x_wconf 82' lang='lat' dir='ltr'>Georgii,</span> <span class='ocrx_word' id='word_1_60' title='bbox 1808 1255 2218 1345; x_wconf 87' lang='lat' dir='ltr'>camerarii,</span> <span class='ocrx_word' id='word_1_61' title='bbox 2252 1263 2765 1353; x_wconf 88' lang='lat' dir='ltr'>processerunt</span> <span class='ocrx_word' id='word_1_62' title='bbox 2800 1256 2947 1331; x_wconf 88' lang='lat' dir='ltr'>hoe</span> <span class='ocrx_word' id='word_1_63' title='bbox 2981 1258 3252 1349; x_wconf 83' lang='lat' dir='ltr'>ordine,</span> <span class='ocrx_word' id='word_1_64' title='bbox 3283 1260 3429 1333; x_wconf 76' lang='lat' dir='ltr'>vide-</span> 
     </span>
     <span class='ocr_line' id='line_1_8' title="bbox 812 1381 1032 1455; baseline 0.009 -2"><span class='ocrx_word' id='word_1_65' title='bbox 812 1381 979 1455; x_wconf 92' lang='lat' dir='ltr'>licet</span> <span class='ocrx_word' id='word_1_66' title='bbox 1018 1407 1032 1454; x_wconf 92' lang='lat'><strong>:</strong></span> 
     </span>
    </p>

    <p class='ocr_par' dir='ltr' id='par_1_3' title="bbox 911 1506 1683 1605">
     <span class='ocr_line' id='line_1_9' title="bbox 911 1506 1683 1605; baseline -0.003 -26"><span class='ocrx_word' id='word_1_67' title='bbox 911 1506 1351 1582; x_wconf 89' lang='lat' dir='ltr'>Collectores</span> <span class='ocrx_word' id='word_1_68' title='bbox 1377 1506 1683 1605; x_wconf 83' lang='lat' dir='ltr'>plumbi,</span> 
     </span>
    </p>

    <p class='ocr_par' dir='ltr' id='par_1_4' title="bbox 913 1630 2451 1733">
     <span class='ocr_line' id='line_1_10' title="bbox 913 1630 2451 1733; baseline -0.005 -24"><span class='ocrx_word' id='word_1_69' title='bbox 913 1634 1833 1733; x_wconf 46' lang='lat' dir='ltr'>Sollicitatores-literarum</span> <span class='ocrx_word' id='word_1_70' title='bbox 1867 1630 2451 1727; x_wconf 82' lang='lat' dir='ltr'>apostolicarum,</span> 
     </span>
    </p>

    <p class='ocr_par' dir='ltr' id='par_1_5' title="bbox 910 1759 1921 1841">
     <span class='ocr_line' id='line_1_11' title="bbox 910 1759 1921 1841; baseline -0.003 -8"><span class='ocrx_word' id='word_1_71' title='bbox 910 1759 1180 1833; x_wconf 88' lang='lat' dir='ltr'>Notarii</span> <span class='ocrx_word' id='word_1_72' title='bbox 1204 1760 1571 1834; x_wconf 82' lang='lat' dir='ltr'>auditores</span> <span class='ocrx_word' id='word_1_73' title='bbox 1604 1780 1921 1841; x_wconf 87' lang='lat' dir='ltr'>camere,</span> 
     </span>
    </p>

    <p class='ocr_par' dir='ltr' id='par_1_6' title="bbox 908 1884 1794 1973">
     <span class='ocr_line' id='line_1_12' title="bbox 908 1884 1794 1973; baseline -0.001 -16"><span class='ocrx_word' id='word_1_74' title='bbox 908 1884 1181 1957; x_wconf 85' lang='lat' dir='ltr'>Notarii</span> <span class='ocrx_word' id='word_1_75' title='bbox 1213 1885 1578 1959; x_wconf 79' lang='lat' dir='ltr'>auditores</span> <span class='ocrx_word' id='word_1_76' title='bbox 1612 1890 1794 1973; x_wconf 87' lang='lat' dir='ltr'>rote,</span> 
     </span>
    </p>

    <p class='ocr_par' dir='ltr' id='par_1_7' title="bbox 909 2007 1989 2108">
     <span class='ocr_line' id='line_1_13' title="bbox 909 2007 1989 2108; baseline -0.001 -26"><span class='ocrx_word' id='word_1_77' title='bbox 909 2013 1423 2086; x_wconf 82' lang='lat' dir='ltr'>Procuratores</span> <span class='ocrx_word' id='word_1_78' title='bbox 1452 2007 1989 2108; x_wconf 86' lang='lat' dir='ltr'>penitentiarie,</span> 
     </span>
    </p>

    <p class='ocr_par' dir='ltr' id='par_1_8' title="bbox 909 2135 2043 2222">
     <span class='ocr_line' id='line_1_14' title="bbox 909 2135 2043 2222; baseline 0.002 -15"><span class='ocrx_word' id='word_1_79' title='bbox 909 2138 1421 2210; x_wconf 84' lang='lat' dir='ltr'>Procuratores</span> <span class='ocrx_word' id='word_1_80' title='bbox 1456 2135 2043 2222; x_wconf 86' lang='lat' dir='ltr'>contradictarie‚</span> 
     </span>
    </p>

    <p class='ocr_par' dir='ltr' id='par_1_9' title="bbox 906 2258 2821 2358">
     <span class='ocr_line' id='line_1_15' title="bbox 906 2258 2821 2358; baseline -0.001 -26"><span class='ocrx_word' id='word_1_81' title='bbox 906 2260 1458 2336; x_wconf 89' lang='lat' dir='ltr'>Abbreviatores</span> <span class='ocrx_word' id='word_1_82' title='bbox 1490 2261 1579 2335; x_wconf 90' lang='lat' dir='ltr'>de</span> <span class='ocrx_word' id='word_1_83' title='bbox 1608 2262 1845 2358; x_wconf 89' lang='lat' dir='ltr'>prima</span> <span class='ocrx_word' id='word_1_84' title='bbox 1873 2261 2145 2334; x_wconf 85' lang='lat' dir='ltr'>visione</span> <span class='ocrx_word' id='word_1_85' title='bbox 2169 2269 2242 2335; x_wconf 93' lang='lat' dir='ltr'>et</span> <span class='ocrx_word' id='word_1_86' title='bbox 2267 2284 2490 2358; x_wconf 89' lang='lat' dir='ltr'>parco</span> <span class='ocrx_word' id='word_1_87' title='bbox 2528 2258 2821 2349; x_wconf 89' lang='lat' dir='ltr'>minori,</span> 
     </span>
    </p>

    <p class='ocr_par' dir='ltr' id='par_1_10' title="bbox 906 2387 2302 2486">
     <span class='ocr_line' id='line_1_16' title="bbox 906 2387 2302 2486; baseline -0.001 -24"><span class='ocrx_word' id='word_1_88' title='bbox 906 2387 1310 2486; x_wconf 87' lang='lat' dir='ltr'>Scriptores</span> <span class='ocrx_word' id='word_1_89' title='bbox 1341 2387 1846 2485; x_wconf 86' lang='lat' dir='ltr'>penitentiarie</span> <span class='ocrx_word' id='word_1_90' title='bbox 1878 2388 2302 2484; x_wconf 87' lang='lat' dir='ltr'>apostolice,</span> 
     </span>
    </p>

    <p class='ocr_par' dir='ltr' id='par_1_11' title="bbox 902 2513 1740 2611">
     <span class='ocr_line' id='line_1_17' title="bbox 902 2513 1740 2611; baseline -0.001 -25"><span class='ocrx_word' id='word_1_91' title='bbox 902 2514 1306 2609; x_wconf 88' lang='lat' dir='ltr'>Scriptores</span> <span class='ocrx_word' id='word_1_92' title='bbox 1337 2513 1740 2611; x_wconf 87' lang='lat' dir='ltr'>apostolici,</span> 
     </span>
    </p>

    <p class='ocr_par' dir='ltr' id='par_1_12' title="bbox 904 2636 2285 2734">
     <span class='ocr_line' id='line_1_18' title="bbox 904 2636 2285 2734; baseline 0 -24"><span class='ocrx_word' id='word_1_93' title='bbox 904 2638 1225 2734; x_wconf 87' lang='lat' dir='ltr'>Magistri</span> <span class='ocrx_word' id='word_1_94' title='bbox 1257 2638 1631 2733; x_wconf 90' lang='lat' dir='ltr'>utriusque</span> <span class='ocrx_word' id='word_1_95' title='bbox 1666 2636 1954 2733; x_wconf 84' lang='lat' dir='ltr'>registri</span> <span class='ocrx_word' id='word_1_96' title='bbox 1978 2636 2285 2727; x_wconf 83' lang='lat' dir='ltr'>mixtim,</span> 
     </span>
    </p>

    <p class='ocr_par' dir='ltr' id='par_1_13' title="bbox 893 2760 2138 2859">
     <span class='ocr_line' id='line_1_19' title="bbox 893 2760 2138 2859; baseline -0.001 -24"><span class='ocrx_word' id='word_1_97' title='bbox 893 2761 1447 2836; x_wconf 82' lang='lat' dir='ltr'>Abbreviatores</span> <span class='ocrx_word' id='word_1_98' title='bbox 1475 2760 1567 2835; x_wconf 89' lang='lat' dir='ltr'>de</span> <span class='ocrx_word' id='word_1_99' title='bbox 1601 2786 1823 2858; x_wconf 90' lang='lat' dir='ltr'>parco</span> <span class='ocrx_word' id='word_1_100' title='bbox 1857 2762 2138 2859; x_wconf 89' lang='lat' dir='ltr'>maj0ri,</span> 
     </span>
    </p>

    <p class='ocr_par' dir='ltr' id='par_1_14' title="bbox 899 2888 1330 2978">
     <span class='ocr_line' id='line_1_20' title="bbox 899 2888 1330 2978; baseline 0 -17"><span class='ocrx_word' id='word_1_101' title='bbox 899 2888 1330 2978; x_wconf 76' lang='lat' dir='ltr'>BullatoreS‚</span> 
     </span>
    </p>

    <p class='ocr_par' dir='ltr' id='par_1_15' title="bbox 901 3012 1559 3114">
     <span class='ocr_line' id='line_1_21' title="bbox 901 3012 1559 3114; baseline -0.003 -25"><span class='ocrx_word' id='word_1_102' title='bbox 901 3016 1221 3114; x_wconf 85' lang='lat' dir='ltr'>Magistri</span> <span class='ocrx_word' id='word_1_103' title='bbox 1254 3012 1559 3113; x_wconf 85' lang='lat' dir='ltr'>plumbi,</span> 
     </span>
    </p>

    <p class='ocr_par' dir='ltr' id='par_1_16' title="bbox 903 3140 1826 3231">
     <span class='ocr_line' id='line_1_22' title="bbox 903 3140 1826 3231; baseline -0.004 -16"><span class='ocrx_word' id='word_1_104' title='bbox 903 3146 1419 3216; x_wconf 85' lang='lat' dir='ltr'>Procuratores</span> <span class='ocrx_word' id='word_1_105' title='bbox 1437 3140 1826 3231; x_wconf 79' lang='lat' dir='ltr'>&#39;ordinum,</span> 
     </span>
    </p>

    <p class='ocr_par' dir='ltr' id='par_1_17' title="bbox 901 3265 1880 3363">
     <span class='ocr_line' id='line_1_23' title="bbox 901 3265 1880 3363; baseline -0.004 -22"><span class='ocrx_word' id='word_1_106' title='bbox 901 3272 1410 3341; x_wconf 86' lang='lat' dir='ltr'>Procuratores</span> <span class='ocrx_word' id='word_1_107' title='bbox 1441 3265 1880 3363; x_wconf 89' lang='lat' dir='ltr'>principum,</span> 
     </span>
    </p>

    <p class='ocr_par' dir='ltr' id='par_1_18' title="bbox 897 3390 2074 3479">
     <span class='ocr_line' id='line_1_24' title="bbox 897 3390 2074 3479; baseline -0.002 -14"><span class='ocrx_word' id='word_1_108' title='bbox 897 3390 1274 3465; x_wconf 89' lang='lat' dir='ltr'>Secretarii</span> <span class='ocrx_word' id='word_1_109' title='bbox 1310 3399 1383 3463; x_wconf 90' lang='lat' dir='ltr'>et</span> <span class='ocrx_word' id='word_1_110' title='bbox 1410 3390 1735 3463; x_wconf 90' lang='lat' dir='ltr'>advocati</span> <span class='ocrx_word' id='word_1_111' title='bbox 1768 3390 2074 3479; x_wconf 85' lang='lat' dir='ltr'>mixtim,</span> 
     </span>
    </p>

    <p class='ocr_par' dir='ltr' id='par_1_19' title="bbox 895 3513 2745 3605">
     <span class='ocr_line' id='line_1_25' title="bbox 895 3513 2745 3605; baseline 0.003 -16"><span class='ocrx_word' id='word_1_112' title='bbox 895 3513 1326 3589; x_wconf 89' lang='lat' dir='ltr'>Cubicularii</span> <span class='ocrx_word' id='word_1_113' title='bbox 1360 3521 1562 3588; x_wconf 86' lang='lat' dir='ltr'>extra</span> <span class='ocrx_word' id='word_1_114' title='bbox 1586 3538 1980 3605; x_wconf 84' lang='lat' dir='ltr'>cameram,</span> <span class='ocrx_word' id='word_1_115' title='bbox 2018 3523 2091 3589; x_wconf 91' lang='lat' dir='ltr'>et</span> <span class='ocrx_word' id='word_1_116' title='bbox 2121 3515 2238 3589; x_wconf 90' lang='lat' dir='ltr'>alii</span> <span class='ocrx_word' id='word_1_117' title='bbox 2273 3539 2476 3591; x_wconf 90' lang='lat' dir='ltr'>more</span> <span class='ocrx_word' id='word_1_118' title='bbox 2507 3520 2745 3594; x_wconf 91' lang='lat' dir='ltr'>solito.</span> 
     </span>
    </p>

    <p class='ocr_par' dir='ltr' id='par_1_20' title="bbox 792 3637 3415 4238">
     <span class='ocr_line' id='line_1_26' title="bbox 903 3637 3415 3743; baseline -0.002 -29"><span class='ocrx_word' id='word_1_119' title='bbox 903 3643 1128 3737; x_wconf 89' lang='lat' dir='ltr'>Papa,</span> <span class='ocrx_word' id='word_1_120' title='bbox 1162 3646 1327 3713; x_wconf 90' lang='lat' dir='ltr'>ante</span> <span class='ocrx_word' id='word_1_121' title='bbox 1359 3637 1581 3712; x_wconf 88' lang='lat' dir='ltr'>altare</span> <span class='ocrx_word' id='word_1_122' title='bbox 1610 3640 1850 3737; x_wconf 90' lang='lat' dir='ltr'>majus</span> <span class='ocrx_word' id='word_1_123' title='bbox 1867 3640 2165 3715; x_wconf 90' lang='lat' dir='ltr'>basilice</span> <span class='ocrx_word' id='word_1_124' title='bbox 2191 3666 2246 3714; x_wconf 87' lang='lat' dir='ltr'>S.</span> <span class='ocrx_word' id='word_1_125' title='bbox 2272 3642 2462 3715; x_wconf 90' lang='lat' dir='ltr'>Petri</span> <span class='ocrx_word' id='word_1_126' title='bbox 2482 3666 2710 3738; x_wconf 91' lang='lat' dir='ltr'>usque</span> <span class='ocrx_word' id='word_1_127' title='bbox 2739 3668 2884 3741; x_wconf 91' lang='lat' dir='ltr'>quo</span> <span class='ocrx_word' id='word_1_128' title='bbox 2905 3644 3206 3743; x_wconf 86' lang='lat' dir='ltr'>portavit</span> <span class='ocrx_word' id='word_1_129' title='bbox 3231 3662 3415 3713; x_wconf 79' lang='lat' dir='ltr'>sacra-</span> 
     </span>
     <span class='ocr_line' id='line_1_27' title="bbox 799 3762 3408 3865; baseline -0.004 -25"><span class='ocrx_word' id='word_1_130' title='bbox 799 3773 1125 3840; x_wconf 87' lang='lat' dir='ltr'>mentum</span> <span class='ocrx_word' id='word_1_131' title='bbox 1175 3764 1628 3858; x_wconf 77' lang='lat' dir='ltr'>genuflexuS,</span> <span class='ocrx_word' id='word_1_132' title='bbox 1672 3765 2016 3862; x_wconf 88' lang='lat' dir='ltr'>imposuit</span> <span class='ocrx_word' id='word_1_133' title='bbox 2069 3772 2603 3840; x_wconf 87' lang='lat' dir='ltr'>sacramentum</span> <span class='ocrx_word' id='word_1_134' title='bbox 2647 3774 2720 3841; x_wconf 88' lang='lat' dir='ltr'>et</span> <span class='ocrx_word' id='word_1_135' title='bbox 2749 3768 2990 3865; x_wconf 90' lang='lat' dir='ltr'>ipsum</span> <span class='ocrx_word' id='word_1_136' title='bbox 3024 3762 3408 3842; x_wconf 74' lang='lat' dir='ltr'>incensavit:</span> 
     </span>
     <span class='ocr_line' id='line_1_28' title="bbox 797 3885 3412 3991; baseline -0.002 -26"><span class='ocrx_word' id='word_1_137' title='bbox 797 3887 1180 3965; x_wconf 87' lang='lat' dir='ltr'>cardinalis</span> <span class='ocrx_word' id='word_1_138' title='bbox 1237 3888 1627 3962; x_wconf 90' lang='lat' dir='ltr'>Perusinus</span> <span class='ocrx_word' id='word_1_139' title='bbox 1685 3889 2182 3965; x_wconf 86' lang='lat' dir='ltr'>celebraturus</span> <span class='ocrx_word' id='word_1_140' title='bbox 2241 3892 2436 3966; x_wconf 85' lang='lat' dir='ltr'>venit</span> <span class='ocrx_word' id='word_1_141' title='bbox 2480 3894 2554 3965; x_wconf 92' lang='lat' dir='ltr'>in</span> <span class='ocrx_word' id='word_1_142' title='bbox 2609 3890 3078 3991; x_wconf 77' lang='lat' dir='ltr'>processione</span> <span class='ocrx_word' id='word_1_143' title='bbox 3111 3885 3412 3988; x_wconf 86' lang='lat' dir='ltr'>usquead</span> 
     </span>
     <span class='ocr_line' id='line_1_29' title="bbox 793 4013 3408 4115; baseline -0.001 -28"><span class='ocrx_word' id='word_1_144' title='bbox 793 4014 1089 4089; x_wconf 90' lang='lat' dir='ltr'>domum</span> <span class='ocrx_word' id='word_1_145' title='bbox 1112 4013 1492 4089; x_wconf 90' lang='lat' dir='ltr'>cardinalis</span> <span class='ocrx_word' id='word_1_146' title='bbox 1526 4038 1581 4086; x_wconf 91' lang='lat' dir='ltr'>s.</span> <span class='ocrx_word' id='word_1_147' title='bbox 1608 4014 2028 4105; x_wconf 75' lang='lat' dir='ltr'>ClementiS,</span> <span class='ocrx_word' id='word_1_148' title='bbox 2057 4016 2224 4090; x_wconf 90' lang='lat' dir='ltr'>inde</span> <span class='ocrx_word' id='word_1_149' title='bbox 2258 4018 2618 4115; x_wconf 88' lang='lat' dir='ltr'>processit</span> <span class='ocrx_word' id='word_1_150' title='bbox 2644 4019 2735 4093; x_wconf 85' lang='lat' dir='ltr'>ad</span> <span class='ocrx_word' id='word_1_151' title='bbox 2765 4020 3036 4095; x_wconf 87' lang='lat' dir='ltr'>dictam</span> <span class='ocrx_word' id='word_1_152' title='bbox 3062 4016 3408 4096; x_wconf 82' lang='lat' dir='ltr'>basilicam,</span> 
     </span>
     <span class='ocr_line' id='line_1_30' title="bbox 792 4141 2040 4238; baseline 0 -25"><span class='ocrx_word' id='word_1_153' title='bbox 792 4149 863 4214; x_wconf 88' lang='lat' dir='ltr'>et</span> <span class='ocrx_word' id='word_1_154' title='bbox 895 4141 1175 4238; x_wconf 91' lang='lat' dir='ltr'>accepit</span> <span class='ocrx_word' id='word_1_155' title='bbox 1200 4149 1629 4238; x_wconf 89' lang='lat' dir='ltr'>paramenta</span> <span class='ocrx_word' id='word_1_156' title='bbox 1663 4148 2040 4216; x_wconf 87' lang='lat' dir='ltr'>consueta.</span> 
     </span>
    </p>

    <p class='ocr_par' dir='ltr' id='par_1_21' title="bbox 782 4264 3408 5243">
     <span class='ocr_line' id='line_1_31' title="bbox 885 4264 3408 4365; baseline -0.004 -26"><span class='ocrx_word' id='word_1_157' title='bbox 885 4264 1324 4354; x_wconf 82' lang='lat' dir='ltr'>CardinaleS,</span> <span class='ocrx_word' id='word_1_158' title='bbox 1382 4290 1471 4340; x_wconf 87' lang='lat' dir='ltr'>ex</span> <span class='ocrx_word' id='word_1_159' title='bbox 1529 4266 1827 4342; x_wconf 90' lang='lat' dir='ltr'>decreto</span> <span class='ocrx_word' id='word_1_160' title='bbox 1890 4271 2083 4365; x_wconf 91' lang='lat' dir='ltr'>Pape</span> <span class='ocrx_word' id='word_1_161' title='bbox 2154 4268 2229 4341; x_wconf 88' lang='lat' dir='ltr'>in</span> <span class='ocrx_word' id='word_1_162' title='bbox 2286 4269 2538 4344; x_wconf 89' lang='lat' dir='ltr'>ultimo</span> <span class='ocrx_word' id='word_1_163' title='bbox 2599 4270 3064 4360; x_wconf 89' lang='lat' dir='ltr'>consistorio,</span> <span class='ocrx_word' id='word_1_164' title='bbox 3113 4268 3408 4343; x_wconf 86' lang='lat' dir='ltr'>ornarunt</span> 
     </span>
     <span class='ocr_line' id='line_1_32' title="bbox 788 4391 3405 4491; baseline -0.003 -27"><span class='ocrx_word' id='word_1_165' title='bbox 788 4397 1087 4464; x_wconf 89' lang='lat' dir='ltr'>stratam</span> <span class='ocrx_word' id='word_1_166' title='bbox 1136 4396 1517 4487; x_wconf 90' lang='lat' dir='ltr'>utramque</span> <span class='ocrx_word' id='word_1_167' title='bbox 1567 4391 1968 4487; x_wconf 88' lang='lat' dir='ltr'>predictam</span> <span class='ocrx_word' id='word_1_168' title='bbox 2015 4392 2353 4489; x_wconf 87' lang='lat' dir='ltr'>pretiosis</span> <span class='ocrx_word' id='word_1_169' title='bbox 2394 4394 2650 4491; x_wconf 90' lang='lat' dir='ltr'>pannis</span> <span class='ocrx_word' id='word_1_170' title='bbox 2701 4401 2773 4468; x_wconf 89' lang='lat' dir='ltr'>et</span> <span class='ocrx_word' id='word_1_171' title='bbox 2805 4395 3044 4469; x_wconf 89' lang='lat' dir='ltr'>aureis</span> <span class='ocrx_word' id='word_1_172' title='bbox 3087 4394 3174 4469; x_wconf 87' lang='lat' dir='ltr'>ad</span> <span class='ocrx_word' id='word_1_173' title='bbox 3213 4394 3405 4465; x_wconf 84' lang='lat' dir='ltr'>certas</span> 
     </span>
     <span class='ocr_line' id='line_1_33' title="bbox 790 4516 3407 4618; baseline -0.002 -29"><span class='ocrx_word' id='word_1_174' title='bbox 790 4541 1085 4607; x_wconf 88' lang='lat' dir='ltr'>cannas,</span> <span class='ocrx_word' id='word_1_175' title='bbox 1152 4540 1291 4613; x_wconf 89' lang='lat' dir='ltr'>que</span> <span class='ocrx_word' id='word_1_176' title='bbox 1349 4516 1643 4590; x_wconf 87' lang='lat' dir='ltr'>fuerunt</span> <span class='ocrx_word' id='word_1_177' title='bbox 1673 4516 1777 4589; x_wconf 88' lang='lat' dir='ltr'>eis</span> <span class='ocrx_word' id='word_1_178' title='bbox 1831 4541 1966 4614; x_wconf 90' lang='lat' dir='ltr'>per</span> <span class='ocrx_word' id='word_1_179' title='bbox 2012 4518 2435 4614; x_wconf 84' lang='lat' dir='ltr'>magistrum</span> <span class='ocrx_word' id='word_1_180' title='bbox 2495 4518 2752 4593; x_wconf 87' lang='lat' dir='ltr'>domus</span> <span class='ocrx_word' id='word_1_181' title='bbox 2812 4520 3052 4618; x_wconf 83' lang='lat' dir='ltr'>palatii</span> <span class='ocrx_word' id='word_1_182' title='bbox 3111 4518 3255 4591; x_wconf 89' lang='lat' dir='ltr'>heri</span> <span class='ocrx_word' id='word_1_183' title='bbox 3303 4532 3407 4609; x_wconf 84' lang='lat' dir='ltr'>per</span> 
     </span>
     <span class='ocr_line' id='line_1_34' title="bbox 790 4636 3396 4740; baseline -0.004 -25"><span class='ocrx_word' id='word_1_184' title='bbox 790 4643 1068 4715; x_wconf 89' lang='lat' dir='ltr'>socium</span> <span class='ocrx_word' id='word_1_185' title='bbox 1100 4665 1345 4717; x_wconf 89' lang='lat' dir='ltr'>meum</span> <span class='ocrx_word' id='word_1_186' title='bbox 1376 4642 1763 4740; x_wconf 89' lang='lat' dir='ltr'>assignate,</span> <span class='ocrx_word' id='word_1_187' title='bbox 1810 4647 1882 4714; x_wconf 92' lang='lat' dir='ltr'>et</span> <span class='ocrx_word' id='word_1_188' title='bbox 1919 4667 2052 4740; x_wconf 87' lang='lat' dir='ltr'>per</span> <span class='ocrx_word' id='word_1_189' title='bbox 2081 4644 2495 4719; x_wconf 82' lang='lat' dir='ltr'>affixionem</span> <span class='ocrx_word' id='word_1_190' title='bbox 2528 4645 2948 4719; x_wconf 91' lang='lat' dir='ltr'>cedularum</span> <span class='ocrx_word' id='word_1_191' title='bbox 2981 4647 3054 4722; x_wconf 87' lang='lat' dir='ltr'>in</span> <span class='ocrx_word' id='word_1_192' title='bbox 3095 4645 3225 4718; x_wconf 90' lang='lat' dir='ltr'>illis</span> <span class='ocrx_word' id='word_1_193' title='bbox 3249 4636 3396 4712; x_wconf 89' lang='lat' dir='ltr'>locis</span> 
     </span>
     <span class='ocr_line' id='line_1_35' title="bbox 784 4758 3390 4868; baseline -0.002 -27"><span class='ocrx_word' id='word_1_194' title='bbox 784 4767 857 4841; x_wconf 91' lang='lat' dir='ltr'>in</span> <span class='ocrx_word' id='word_1_195' title='bbox 916 4770 1175 4863; x_wconf 90' lang='lat' dir='ltr'>quibus</span> <span class='ocrx_word' id='word_1_196' title='bbox 1233 4770 1531 4867; x_wconf 90' lang='lat' dir='ltr'>quisque</span> <span class='ocrx_word' id='word_1_197' title='bbox 1596 4792 1763 4842; x_wconf 88' lang='lat' dir='ltr'>suos</span> <span class='ocrx_word' id='word_1_198' title='bbox 1822 4792 2101 4865; x_wconf 88' lang='lat' dir='ltr'>pannos</span> <span class='ocrx_word' id='word_1_199' title='bbox 2160 4768 2582 4843; x_wconf 87' lang='lat' dir='ltr'>extenderet</span> <span class='ocrx_word' id='word_1_200' title='bbox 2635 4793 2720 4843; x_wconf 91' lang='lat' dir='ltr'>ac</span> <span class='ocrx_word' id='word_1_201' title='bbox 2777 4795 2909 4868; x_wconf 91' lang='lat' dir='ltr'>per</span> <span class='ocrx_word' id='word_1_202' title='bbox 2965 4790 3278 4846; x_wconf 89' lang='lat' dir='ltr'>cursores</span> <span class='ocrx_word' id='word_1_203' title='bbox 3321 4758 3390 4832; x_wconf 81' lang='lat' dir='ltr'>ad</span> 
     </span>
     <span class='ocr_line' id='line_1_36' title="bbox 783 4870 3392 4991; baseline -0.004 -25"><span class='ocrx_word' id='word_1_204' title='bbox 783 4870 1036 4966; x_wconf 83' lang='lat' dir='ltr'>domos</span> <span class='ocrx_word' id='word_1_205' title='bbox 1086 4894 1404 4991; x_wconf 89' lang='lat' dir='ltr'>ipsorum</span> <span class='ocrx_word' id='word_1_206' title='bbox 1456 4894 1926 4968; x_wconf 83' lang='lat' dir='ltr'>cardinalium</span> <span class='ocrx_word' id='word_1_207' title='bbox 1983 4894 2156 4991; x_wconf 88' lang='lat' dir='ltr'>ipsis</span> <span class='ocrx_word' id='word_1_208' title='bbox 2213 4894 2613 4968; x_wconf 83' lang='lat' dir='ltr'>intimatam</span> <span class='ocrx_word' id='word_1_209' title='bbox 2660 4896 2849 4968; x_wconf 89' lang='lat' dir='ltr'>inter</span> <span class='ocrx_word' id='word_1_210' title='bbox 2893 4890 3298 4971; x_wconf 86' lang='lat' dir='ltr'>secretarios</span> <span class='ocrx_word' id='word_1_211' title='bbox 3335 4888 3392 4955; x_wconf 82' lang='lat' dir='ltr'>et</span> 
     </span>
     <span class='ocr_line' id='line_1_37' title="bbox 784 5016 3386 5117; baseline -0.002 -27"><span class='ocrx_word' id='word_1_212' title='bbox 784 5016 1163 5091; x_wconf 89' lang='lat' dir='ltr'>advocatos</span> <span class='ocrx_word' id='word_1_213' title='bbox 1227 5042 1311 5092; x_wconf 93' lang='lat' dir='ltr'>ac</span> <span class='ocrx_word' id='word_1_214' title='bbox 1366 5020 1751 5116; x_wconf 87' lang='lat' dir='ltr'>magistros</span> <span class='ocrx_word' id='word_1_215' title='bbox 1808 5020 2189 5115; x_wconf 86' lang='lat' dir='ltr'>utriusque</span> <span class='ocrx_word' id='word_1_216' title='bbox 2239 5020 2552 5117; x_wconf 88' lang='lat' dir='ltr'>registri.</span> <span class='ocrx_word' id='word_1_217' title='bbox 2625 5020 3164 5095; x_wconf 85' lang='lat' dir='ltr'>Formidabatur</span> <span class='ocrx_word' id='word_1_218' title='bbox 3206 5031 3386 5106; x_wconf 84' lang='lat' dir='ltr'>super</span> 
     </span>
     <span class='ocr_line' id='line_1_38' title="bbox 782 5132 3384 5243; baseline -0 -28"><span class='ocrx_word' id='word_1_219' title='bbox 782 5143 1248 5239; x_wconf 88' lang='lat' dir='ltr'>precedentia</span> <span class='ocrx_word' id='word_1_220' title='bbox 1273 5146 1671 5225; x_wconf 81' lang='lat' dir='ltr'>contentio,</span> <span class='ocrx_word' id='word_1_221' title='bbox 1693 5168 1912 5241; x_wconf 90' lang='lat' dir='ltr'>quam</span> <span class='ocrx_word' id='word_1_222' title='bbox 1938 5148 2064 5219; x_wconf 90' lang='lat' dir='ltr'>SS.</span> <span class='ocrx_word' id='word_1_223' title='bbox 2091 5148 2176 5217; x_wconf 92' lang='lat' dir='ltr'>D.</span> <span class='ocrx_word' id='word_1_224' title='bbox 2207 5152 2455 5219; x_wconf 88' lang='lat' dir='ltr'>noster</span> <span class='ocrx_word' id='word_1_225' title='bbox 2475 5169 2862 5243; x_wconf 87' lang='lat' dir='ltr'>precavere</span> <span class='ocrx_word' id='word_1_226' title='bbox 2889 5132 3384 5231; x_wconf 78' lang='lat' dir='ltr'>volens‚sta1uit</span> 
     </span>
    </p>
   </div>
  </div>
 </body>
</html>
