3625 6059
279 542 600 607 [membre
627 542 783 603 ηοξ]
960 536 1212 595 RERUM
1259 534 1720 595 uaeANAnuM
1769 498 2297 596 COMMENTARII.
2891 545 2963 600 τι

283 700 320 768 J
328 694 658 767 ohannes
681 691 774 765 de
803 691 880 765 la
903 694 1120 766 Serra
1145 698 1396 765 orator
1421 690 1618 787 regis
1650 690 1989 783 Francie,
2020 697 2094 766 et
2126 691 2365 767 affinis
2396 698 2613 790 Pape.
2648 698 2717 767 Is
2746 694 2963 773 debe—

287 820 420 894 bat
447 820 538 892 ad
561 816 953 893 secundam
979 817 1292 909 dedisse,
1329 824 1404 892 et
1433 817 1670 893 dictus
1706 818 1852 893 dux
1882 819 1971 892 ad
1992 818 2307 909 tertiam,
2344 827 2591 896 tamen
2619 820 2719 895 sic
2741 821 2961 897 voluit

292 944 650 1041 pontife13
691 944 784 1015 ad
815 948 1143 1037 quartam
1177 942 1374 1015 Illus.
1408 946 1496 1015 D.
1536 942 1971 1017 FridericuS.

380 1069 588 1142 Feria
639 1074 922 1163 quarta,
983 1072 1076 1139 26
1123 1067 1568 1159 decembris,
1625 1066 1818 1144 festo
1866 1094 1928 1142 s.
1982 1069 2331 1167 Stephani
2382 1071 2953 1170 protomartyris,

273 1196 528 1265 Rmus.
581 1195 670 1265 D.
711 1189 1096 1266 cardinalis
1149 1214 1211 1263 s.
1256 1191 1640 1266 Anastasie
1690 1192 2088 1268 celebravit
2130 1195 2435 1270 missam
2478 1196 2841 1294 publicam
2878 1198 2959 1273 in

271 1317 560 1416 capella
595 1315 872 1413 majore
918 1315 1192 1413 palatii,
1244 1319 1444 1413 Papa
1485 1325 1857 1415 presente.
1911 1320 2333 1395 Orationem
2376 1320 2553 1395 fecit
2593 1325 2679 1396 D.
2716 1322 2960 1397 Domi-

277 1444 492 1517 nicus
565 1441 858 1539 Crispus
925 1440 1392 1515 Pistoriensis
1471 1443 1776 1517 scutifer
1836 1445 2011 1519 olim
2070 1446 2457 1521 cardinalis
2521 1444 2955 1535 Aleriensis,

273 1566 500 1641 modo
527 1572 776 1642 autem
807 1565 1194 1641 cardinalis
1223 1566 1490 1641 Montis
1522 1568 1841 1665 Regalis,
1892 1573 2087 1667 Papa
2120 1569 2337 1645 exivit
2386 1591 2753 1645 cameram
2790 1590 2957 1644 cum

279 1693 510 1767 tribus
543 1690 1060 1783 cardinalibus,
1096 1692 1340 1767 tamen
1371 1692 1635 1768 deinde
1673 1699 2246 1792 supervenerunt
2276 1693 2425 1783 alii,
2468 1698 2541 1768 et
2578 1692 2671 1767 ob
2709 1691 2957 1775 defecss

272 1825 432 1894 tum
465 1816 760 1905 nobili8‚
807 1815 1116 1912 portavit
1159 1816 1484 1893 fimbrias
1531 1818 1859 1916 pluvialis
1913 1823 2105 1913 Pape
2145 1818 2587 1915 posteriores
2630 1822 2717 1891 D.
2772 1819 2958 1915 epis-

275 1966 512 2041 copus
537 1940 1070 2015 Alexandrinus
1101 1942 1452 2016 assistens
1481 1967 1526 2019 a
1551 1967 1845 2019 camera
1872 1944 1964 2019 ad
1992 1942 2349 2041 capellam
2380 1968 2397 2031 ;
2432 1944 2511 2016 in
2543 1944 2955 2019 reversione

273 2074 555 2159 autem,
581 2066 890 2164 portavit
913 2089 1038 2141 eas
1061 2075 1308 2142 orator
1324 2070 1676 2143 VenetuS.
1702 2068 1865 2142 Alia
1888 2089 2095 2142 more
2118 2066 2331 2142 solito
2352 2076 2521 2141 sunt
2546 2068 2951 2143 observata.

377 2194 590 2267 Feria
618 2193 893 2290 quinta,
927 2194 1114 2268 festo
1145 2218 1203 2266 s.
1240 2193 1590 2269 Johannis
1620 2194 1931 2292 apostoli
1952 2200 2029 2270 et
2048 2192 2513 2290 evangeliste,
2542 2198 2629 2267 27
2660 2194 2955 2269 decem·-

273 2317 460 2407 bris,
505 2322 756 2391 Rmus.
803 2321 890 2392 D.
937 2318 1322 2393 cardinalis
1364 2322 1915 2395 Beneventanus
1960 2319 2349 2395 celebravit
2392 2318 2689 2401 missam,
2728 2317 2959 2415 publi-

273 2464 444 2517 cam
515 2442 592 2515 in
647 2441 926 2539 capella
995 2442 1358 2539 predicta,
1429 2448 1624 2540 Papa
1683 2450 2051 2541 presente.
2124 2445 2555 2519 Sermonem
2618 2441 2795 2523 fecit
2860 2445 2949 2523 D.

275 2566 710 2641 Franciscus
739 2566 1186 2656 NarniensiS,
1221 2567 1526 2642 scutifer
1555 2568 1746 2643 Rmi.
1787 2572 1877 2643 D.
1914 2567 2303 2645 cardinalis
2327 2566 2750 2643 Aleriensis.

381 2693 511 2767 SS.
563 2696 652 2765 D.
705 2696 956 2765 noster
1017 2692 1288 2767 iterum
1343 2692 1784 2767 exivit.cum
1840 2699 2151 2791 quatuor
2210 2691 2741 2783 cardinalibuS,
2794 2692 2953 2768 aliis

275 2817 548 2895 deinde
603 2816 1302 2915 supervenientibus.
1383 2816 1736 2894 Fimbriae
1809 2818 2143 2915 pluvialis
2216 2820 2409 2914 Pape
2471 2817 2948 2913 posterioreS,

269 2951 578 3043 propter
597 2942 962 3017 defectum
989 2941 1280 3032 nobilis,
1315 2942 1624 3039 portavit
1653 2942 2247 3040 archiepiscopus
2278 2942 2713 3017 Cusentinus
2737 2942 2949 3017 assis·

269 3076 472 3143 tens.
515 3066 668 3141 Alia
705 3066 1088 3141 observata
1115 3072 1283 3142 sunt
1311 3090 1516 3141 more
1551 3066 1788 3141 solito,

369 3198 754 3269 ‘Venerunt
778 3192 1270 3289 superioribus
1291 3192 1570 3283 diebuS,
1605 3192 1682 3267 in
1711 3216 1758 3267 x
1783 3191 1895 3265 vel
1916 3189 2207 3267 circiter
2236 3191 2519 3282 diebus,
2552 3212 2642 3267 ex
2663 3190 2948 3267 civitate

271 3316 860 3395 Bar-chinonensi
887 3340 1072 3391 nove
1103 3317 1550 3393 serenissimi
1577 3314 2667 3414 Ferdinandumflispaniarum
2696 3339 2949 3414 regem

271 3470 368 3519 ex
395 3444 666 3542 palatio
706 3441 1020 3538 quodam
1059 3466 1196 3539 per
1227 3442 1492 3540 gradus
1533 3442 2131 3533 descendentem,
2166 3442 2283 3519 die
2316 3449 2354 3515 7
2389 3442 2605 3539 hujus
2642 3442 2942 3533 mensis,

269 3599 322 3649 a
365 3572 684 3671 quodam
727 3571 1028 3663 rustice,
1087 3593 1264 3647 ense
1311 3570 1388 3643 in
1435 3568 1702 3643 collum
1743 3568 2055 3665 graviter
2090 3591 2519 3666 percussum
2558 3568 2811 3655 fuisse,
2847 3569 2948 3643 ita

269 3699 471 3796 quod
521 3720 648 3772 sex
685 3698 970 3795 punctis
1017 3696 1270 3771 vulnus
1314 3695 1554 3791 ipsum
1597 3700 1843 3768 sutum
1890 3694 2133 3783 fuerit,
2180 3718 2263 3767 ac
2315 3694 2664 3768 rusticum
2714 3692 2947 3767 delin-

267 3831 624 3920 quentem
653 3821 930 3898 duobus
959 3822 1371 3897 vulneribus
1402 3844 1446 3895 a
1465 3820 1931 3895 servitoribus
1954 3820 2145 3918 regis
2170 3843 2622 3918 percussum,
2656 3828 2945 3918 captum

271 3972 434 4023 esse
467 3948 608 4048 (1).·
629 3954 734 4023 Ac
771 3947 1034 4023 deinde
1077 3947 1152 4021 in
1189 3946 1442 4044 paucis
1485 3945 1644 4021 aliis
1695 3945 1951 4021 diebus
1998 3946 2191 4021 venit
2244 3945 2387 4019 alia
2431 3967 2637 4035 nova,
2695 3968 2945 4043 regem

339 4156 392 4210 1.
432 4152 623 4210 Pierre
652 4153 878 4227 Martyr,
911 4150 1050 4207 dans
1082 4167 1187 4205 une
1216 4148 1372 4205 lettre
1399 4152 1433 4205 a
1462 4148 1837 4223 l'archeveque
1864 4149 1933 4206 de
1962 4148 2230 4219 Grenade,
2251 4150 2433 4206 donne
2458 4147 2725 4223 quelques
2745 4148 2942 4207 details

271 4258 368 4299 sur
397 4248 486 4300 cet
513 4246 750 4299 attentat
782 4256 798 4295 τ

532 4400 560 4427 «
595 4378 655 4433 P.
691 4376 766 4433 M.
799 4375 869 4429 A.
902 4376 976 4432 M.
1009 4372 1084 4429 ad
1110 4372 1366 4430 Comitem
1397 4374 1657 4431 Tendillae
1685 4379 1734 4429 et
1760 4372 2250 4445 Archiepiscopum
2280 4372 2692 4434 Granatensem.

341 4532 372 4562 «ε
518 4508 562 4564 F
562 4506 924 4565 erdinandum
987 4525 1113 4565 vero
1150 4507 1372 4582 plenum
1418 4506 1728 4582 triumphis,
1765 4506 1932 4564 homo
1969 4506 2261 4581 ingloriuS,
2302 4506 2550 4582 ignotus,
2594 4522 2789 4581 egens,
2822 4506 2941 4565 solo

267 4602 470 4660 ductus
507 4600 712 4667 furore,
754 4596 966 4671 Regem
1005 4614 1169 4671 quem
1207 4614 1488 4671 nunquam
1524 4598 1756 4667 viderat,
1784 4594 2033 4669 impetiit.
2076 4597 2130 4653 Is
2168 4604 2331 4655 natus
2372 4596 2485 4651 ruri
2522 4612 2557 4652 a
2584 4595 2931 4655 Barchinona

267 4688 413 4746 milia
438 4704 716 4763 passuum
743 4702 958 4755 novem,
991 4684 1209 4742 nomine
1238 4684 1628 4758 Cagnamares,
1655 4684 1751 4743 ubi
1775 4686 2109 4743 adventasse
2128 4702 2315 4758 regem
2344 4684 2541 4751 sensit,
2558 4681 2700 4745 elam
2728 4702 2791 4749 se
2810 4702 2938 4743 eon-

271 4777 394 4835 tulit
427 4778 486 4833 in
523 4775 734 4832 Urbem
773 4774 1190 4833 Barchinonam.
1223 4774 1372 4831 Intra
1399 4773 1536 4830 divae
1566 4774 1751 4832 Marias
1780 4774 2061 4842 sacellum,
2094 4773 2149 4828 in
2188 4773 2361 4847 Regia
2388 4772 2591 4833 veteris
2620 4774 2936 4845 vestubulo,

267 4867 338 4923 ad
373 4867 626 4925 dextram
671 4862 1074 4921 introeuntibus
1113 4868 1312 4933 erecto,
1351 4861 1622 4920 exiturum
1654 4863 1885 4937 Regem,
1926 4862 2019 4935 qui
2042 4862 2171 4936 jura
2196 4862 2273 4918 ibi
2310 4862 2546 4935 dicebat,
2578 4865 2939 4925 deambulans

269 4962 574 5032 exspectat.
607 4952 857 5011 Efficitur
879 4953 1073 5011 obvius
1099 4953 1340 5022 exeun-ti,
1371 4952 1606 5010 transire
1633 4954 1845 5027 Regem
1870 4950 2267 5027 aliquantisper
2295 4952 2423 5011 sinit
2455 4955 2877 5015 descendentem
2908 4974 2941 5013 a

265 5045 436 5120 primo
465 5058 792 5101 marmoreoe
823 5040 980 5098 sealae
1008 5042 1182 5115 gradu
1212 5042 1282 5098 ad
1322 5042 1644 5111 seeundum,
1676 5060 1745 5099 ex
1773 5042 1903 5113 alte,
1932 5042 2143 5101 vibrato
2170 5044 2313 5103 dicto
2351 5045 2511 5102 citius
2541 5064 2695 5116 ense,
2727 5063 2761 5102 a
2788 5052 2943 5121 tergo

259 5133 499 5207 percutit.
527 5132 586 5189 in
619 5129 842 5201 collum,
866 5148 974 5204 qua
1010 5137 1174 5205 eaput
1213 5130 1290 5187 illi
1327 5130 1651 5190 annectitur.
1677 5132 1895 5188 Aureus
1932 5134 2164 5207 torquis,
2190 5140 2513 5209 perpetuum
2550 5134 2725 5209 Regis
2753 5142 2939 5208 gesta-

259 5240 404 5293 men,
435 5238 512 5280 ne
542 5224 716 5294 eaput
745 5226 1116 5293 amputaretur
1143 5238 1210 5277 eo
1239 5220 1371 5291 ictu,
1401 5226 1612 5279 tutatus
1641 5227 1745 5293 est,
1777 5221 2053 5298 ictumque
2086 5223 2369 5296 sustinuit,
2390 5224 2589 5282 lethale
2618 5230 2799 5281 tamen
2818 5220 2939 5277 vul·
