3625 6059
228 536 514 602 [Decembre
546 538 695 599 1494]
870 534 1123 593 RERUM
1173 534 1633 593 URBANARUM
1682 535 2204 595 COMMENTARII.
2763 542 2870 597 207

236 683 603 761 terminum
637 685 811 759 satis
854 685 1201 784 temporis
1246 685 1604 783 reliquum
1649 685 1767 778 sit,
1802 694 2049 761 tamen
2079 688 2170 763 de
2199 712 2343 785 quo
2375 689 2764 787 scripsistis
2795 698 2866 765 et

229 809 509 909 petiistis
551 809 792 908 ipsum
834 833 1001 883 cum
1054 810 1517 886 festinatione
1563 812 1809 887 datum
1854 818 1966 887 est
2013 819 2085 887 et
2124 811 2360 911 ipsum
2403 821 2570 889 ante
2618 814 2867 889 termi-

226 959 378 1009 num
444 942 841 1033 propterea
910 942 1034 1009 tue
1106 936 1547 1011 Gloriositati
1628 962 1643 1010 ε
1710 962 1795 1011 ac
1854 937 2224 1036 predictus
2283 947 2522 1014 vester
2583 940 2868 1037 legatus

228 1060 559 1159 Georgius
596 1061 751 1157 jam
794 1061 1097 1158 perfecit
1139 1062 1385 1137 omnia
1427 1062 1643 1153 bene,
1692 1087 2153 1160 quecumque
2186 1064 2482 1161 requirit
2513 1066 2652 1139 tale
2699 1066 2865 1141 offi-

222 1188 389 1260 cium
434 1183 690 1283 legati,
749 1185 943 1261 unde
992 1193 1065 1262 et
1114 1187 1515 1262 honoratus
1568 1197 1679 1263 est
1733 1189 1950 1287 digne
2002 1213 2047 1263 a
2101 1213 2266 1263 mea
2306 1189 2725 1280 Altitudine‚
2791 1200 2868 1267 ut

220 1312 429 1409 ipsum
489 1312 701 1385 decet
756 1336 771 1384 :
832 1312 1159 1387 misimus
1214 1312 1434 1387 etiam
1492 1338 1637 1387 una
1688 1338 1854 1389 cum
1907 1314 2066 1412 ipso
2121 1339 2162 1387 a
2215 1321 2461 1389 nostra
2520 1316 2870 1392 altissima

224 1439 411 1509 Porta
442 1434 744 1511 fidelem
773 1443 1102 1512 nostrum
1134 1438 1513 1513 hominem
1538 1439 1942 1525 Cassimen,
1981 1447 2055 1513 et
2077 1440 2245 1513 data
2273 1447 2385 1514 est
2411 1440 2544 1515 sibi
2574 1441 2868 1519 licentia

222 1568 283 1633 ut
316 1586 565 1636 rursus
613 1564 705 1638 ad
746 1570 950 1637 tuum
990 1563 1447 1661 pontificium
1492 1564 1776 1656 redeat;
1829 1570 2078 1638 nostra
2120 1564 2314 1639 enim
2363 1564 2684 1640 amicitia
2734 1566 2866 1641 Dei

219 1686 567 1762 voluntate
599 1688 675 1761 in
706 1687 861 1763 dies
898 1688 1309 1786 augebitur.
1346 1691 1629 1765 Nuntiis
1667 1695 1912 1764 autem
1941 1695 2176 1763 vestre
2218 1687 2468 1764 salutis
2499 1712 2864 1785 nunquam

220 1836 331 1885 nos
356 1814 689 1910 privetiS,
724 1821 805 1889 ut
832 1814 1215 1889 audientes
1245 1816 1479 1913 magis
1508 1815 1979 1890 delectemur.

304 1941 567 2012 Datum
605 1938 679 2012 in
727 1940 888 2013 aula
916 1948 1167 2014 nostre
1208 1939 1508 2015 suldane
1551 1940 1627 2013 in
1666 1939 2316 2038 Constantinopoli,
2359 1943 2570 2028 1494,
2605 1960 2795 2013 anno
2825 1960 2870 2012 a

220 2068 365 2137 Jesu
396 2063 761 2162 prophete
802 2065 1197 2157 nativitate,
1240 2071 1325 2140 18
1358 2065 1473 2141 die
1504 2066 1777 2140 mensis
1810 2064 2270 2164 septembris,

302 2190 549 2264 Sultan
608 2191 895 2287 Bajazet
952 2180 1179 2283 Chan,
1255 2192 1384 2267 Dei
1444 2193 1677 2290 gratia
1734 2214 1862 2266 rex
1917 2192 2276 2266 maximus
2341 2199 2414 2267 et
2468 2191 2866 2289 imperator

226 2314 577 2412 utriusque
619 2316 1057 2392 continentis
1094 2316 1409 2415 Asieque
1450 2326 1524 2394 et
1562 2320 1878 2416 Europe,
1927 2315 2490 2393 christianorum
2537 2315 2862 2391 omnium

224 2441 584 2515 excellenti
614 2442 1041 2540 presbytero
1071 2449 1144 2518 et
1188 2442 1509 2533 domino,
1561 2447 1647 2516 D.
1695 2441 2104 2517 Alexandro
2137 2442 2376 2517 divina
2419 2437 2866 2540 providentia

226 2588 503 2642 romane
520 2566 833 2641 ecclesie
852 2591 1193 2665 supremo
1224 2569 1548 2667 pontifici
1578 2568 2003 2666 dignissimo
2036 2568 2512 2644 reverentiam
2545 2565 2862 2641 debitam

227 2696 287 2761 et
326 2690 752 2767 benevolam
800 2716 967 2767 cum
1010 2693 1294 2769 sincera
1339 2692 1811 2793 dispositione
1858 2724 1872 2769 ε
1917 2694 2216 2792 dignum
2255 2701 2330 2768 et
2375 2692 2668 2769 fidelem
2715 2714 2865 2765 ves-

224 2824 393 2890 trum
448 2817 826 2892 hominem
886 2828 959 2895 et
1013 2821 1337 2917 legatum
1397 2820 1790 2917 Georgium
1851 2819 2255 2894 Busardum
2311 2817 2384 2891 in
2438 2817 2862 2901 altissimam

226 2943 495 3017 Portam
538 2944 841 3019 misistis
878 2970 895 3020 :
935 2945 1124 3021 venit
1156 2951 1227 3020 et
1264 2945 1503 3020 attulit
1547 2946 1842 3019 nuntios
1885 2945 1974 3018 de
2017 2951 2254 3019 vestra
2289 2943 2520 3017 salute
2557 2950 2628 3015 et
2673 2942 2863 3015 bona

222 3063 625 3144 habitudine
666 3078 741 3145 et
780 3069 1164 3145 delectavit
1204 3094 1340 3145 nos
1381 3068 1685 3143 mirifice
1734 3093 1751 3142 ε
1800 3068 2042 3143 retulit
2071 3073 2315 3142 autem
2355 3072 2428 3140 et
2471 3065 2692 3139 verba
2718 3086 2860 3160 que

222 3192 595 3269 mandastis
624 3195 765 3293 ipsi
803 3195 1135 3292 privatim
1166 3202 1246 3271 ut
1274 3195 1341 3269 ei
1359 3194 1677 3291 jussistis
1708 3194 2016 3291 integre,
2055 3198 2128 3267 et
2160 3190 2540 3265 didicimus
2572 3197 2644 3264 et
2675 3189 2858 3263 bene

225 3320 700 3395 commisimus
730 3329 804 3395 et
832 3345 965 3395 nos
997 3320 1131 3419 ipsi
1162 3342 1541 3395 sermones
1572 3325 1651 3393 ut
1679 3319 1962 3393 nuntiet
1994 3319 2192 3415 ipsos
2229 3338 2474 3391 coram
2513 3321 2634 3390 tuo
2677 3336 2860 3411 pon-—

229 3444 457 3535 tificio,
507 3452 581 3521 et
624 3447 835 3520 detur
876 3444 1011 3519 sibi
1064 3444 1246 3519 fides
1298 3446 1370 3519 in
1424 3444 1539 3519 his
1589 3470 1603 3518 ε
1665 3468 2121 3541 quecumque
2151 3442 2346 3519 enim
2390 3440 2652 3515 dixerit
2694 3447 2861 3529 sunt

226 3566 421 3643 verba
460 3577 711 3646 nostra
754 3569 1157 3645 indubitata
1200 3576 1273 3646 et
1306 3572 1457 3669 jam
1500 3570 1824 3669 prefatus
1868 3570 2220 3668 Georgius
2269 3566 2572 3667 perfecit
2616 3565 2862 3640 omnia

228 3692 391 3768 bene
442 3720 897 3795 quecumque
942 3697 1245 3795 requirit
1292 3697 1612 3772 officium
1657 3696 1902 3793 legati,
1939 3696 2130 3771 unde
2179 3702 2252 3771 et
2303 3694 2702 3769 honoratus
2753 3695 2862 3765 est

229 3818 419 3916 digne
448 3847 493 3896 a
516 3845 685 3898 mea
711 3822 1106 3898 Altitudine
1138 3823 1539 3899 secundum
1569 3822 1795 3919 ipsius
1827 3822 2260 3912 decentiam,
2293 3826 2364 3895 et
2391 3818 2560 3893 data
2585 3823 2698 3891 est
2727 3816 2861 3891 sibi

230 3940 489 4021 licentia
530 3957 608 4022 ut
648 3948 901 4023 redeat
933 3971 1181 4023 rursus
1212 3949 1305 4024 ad
1343 3947 1585 4022 aulam
1630 3956 1751 4023 tue
1790 3946 2304 4045 Magnitudinis
2336 3951 2408 4019 et
2445 3942 2864 4017 manifestet

236 4068 321 4142 illi
360 4071 474 4147 illa
510 4097 652 4171 que
696 4098 831 4148 nos
875 4074 1009 4172 ipsi
1060 4074 1581 4151 commisimus,
1632 4076 1894 4148 Datum
1943 4072 2016 4146 in
2055 4071 2219 4147 aula
2263 4076 2507 4144 nostre
2552 4066 2863 4141 auctori·

240 4195 373 4269 tatis
420 4198 489 4272 in
537 4199 1186 4297 Constantinopoli,
1248 4203 1459 4291 1494,
1517 4221 1707 4273 anno
1756 4222 1799 4273 a
1839 4204 2011 4273 Jesu
2061 4196 2414 4296 prophete
2463 4192 2858 4283 nativitate,

239 4336 377 4394 xvm
404 4322 513 4399 die
544 4324 981 4424 septembris
1010 4324 1311 4400 mensis,

320 4449 545 4525 Sultan
589 4452 879 4548 Bajazet
918 4451 1146 4544 Chan,
1192 4452 1323 4527 Dei
1360 4450 1614 4549 gratia,
1662 4460 1840 4541 etc.,
1888 4448 2298 4527 Alexandro
2341 4444 2576 4539 divina
2609 4440 2861 4551 provi,-

246 4564 449 4647 dentia
492 4598 793 4651 romane
840 4577 1163 4652 Ecclesie
1211 4601 1553 4675 supremo
1608 4576 1937 4675 pontifici
1986 4574 2435 4674 dignissimo,
2473 4575 2648 4660 etc.,
2697 4575 2862 4666 post

250 4702 751 4776 convenientem
806 4710 879 4776 et
916 4703 1189 4801 justam
1220 4702 1731 4777 salutationem
1778 4726 1794 4775 ε
1835 4701 2324 4798 significamus
2373 4702 2492 4771 tue
2523 4691 2863 4777 Domina-

254 4817 392 4896 tioni
438 4828 1046 4924 quemadmodum
1097 4828 1174 4901 in
1216 4828 1534 4925 presenti
1586 4828 1879 4903 fidelem
1923 4832 2254 4901 nostrum
2305 4821 2677 4897 Cassimen
2718 4841 2867 4891 ser*

254 4965 385 5019 vum
414 4974 567 5025 cum
593 4952 863 5028 nostris
891 4952 1121 5027 literis
1154 4953 1482 5027 misimus
1514 4952 1607 5026 ad
1639 4976 2006 5026 summum
2039 4958 2242 5026 tuum
2272 4948 2750 5050 pontificium,
2785 4951 2863 5018 ut

254 5062 399 5143 ferat
424 5075 507 5148 ad
532 5101 664 5151 nos
694 5078 785 5153 de
816 5086 1057 5153 vestra
1086 5078 1313 5155 salute
1348 5084 1420 5153 et
1456 5078 1649 5153 bona
1675 5079 2098 5153 habitudine
2139 5076 2334 5176 quod
2365 5098 2498 5150 nos
2537 5071 2863 5169 cupimus

254 5197 521 5283 quotidie
548 5203 797 5280 audire
838 5211 912 5279 et
962 5204 1353 5297 delectari;
1390 5202 1721 5279 similiter
1759 5202 2117 5301 significet
2158 5203 2378 5277 etiam
2423 5204 2496 5274 et
2538 5195 2736 5271 vobis
2775 5192 2866 5270 de
