3625 6059
691 573 799 629 344
1617 562 1969 619 JOHANNIS
2020 527 2464 633 BURCHARoI,
2610 633 2625 647 ‚
2880 567 3195 630 [Decembre
3224 576 3349 637 use]

695 727 927 801 ciatus
959 729 1031 796 et
1070 744 1236 796 cum
1281 742 1368 793 eo
1403 724 1486 792 R.
1523 718 1596 791 in
1637 715 1922 791 Christo
1961 719 2039 789 P.
2074 718 2159 788 D.
2196 719 2471 806 Petrus,
2510 718 2900 816 episcopus
2936 724 3345 796 cesenaten-

701 851 824 939 siS,
875 848 1072 922 curie
1116 868 1497 919 causarum
1546 840 1945 940 apostolice
1991 842 2351 936 generalis
2397 842 2708 936 auditor,
2758 844 2880 941 qui
2930 846 3149 920 ambo
3198 847 3349 921 alias

703 996 952 1067 regem
986 970 1287 1045 Francie
1327 970 1416 1041 ab
1465 968 1655 1042 Urbe
1694 966 2157 1040 recedentem
2190 968 2418 1041 secuti
2454 975 2643 1060 sunt,
2682 973 2755 1043 61
2794 970 2885 1042 ab
2918 994 3007 1043 ea
3034 970 3155 1043 die
3199 971 3353 1043 citra

710 1099 796 1171 ad
831 1096 1096 1171 Urbem
1130 1118 1360 1191 usque
1390 1094 1607 1165 modo
1639 1115 1786 1164 non
1820 1092 2115 1164 reversi.
3346 1099 3359 1112 ·

802 1225 880 1294 16
913 1243 1077 1294 sero
1109 1219 1468 1315 sequenti,
1502 1218 1877 1291 visitarunt
1911 1218 2036 1289 SS.
2074 1219 2157 1288 D.
2196 1224 2549 1309 nostrum,
2588 1245 2631 1294 a
2664 1245 2809 1318 quo
2842 1225 3139 1300 fuerunt
3172 1250 3349 1299 moro

711 1347 920 1420 solito
955 1342 1255 1438 recepti.

811 1469 1150 1554 Sabbam,
1190 1472 1280 1538 24
1321 1465 1756 1555 decembris»,
1799 1467 2037 1563 vigilia
2078 1466 2465 1541 nativitatis
2508 1472 2796 1543 Domini
2842 1481 2913 1548 et
2962 1476 3355 1549 salvationis

713 1596 937 1669 nostri
971 1598 1034 1667 J.
1073 1593 1360 1683 Christi,
1399 1590 1690 1665 fuerunt
1720 1617 2021 1690 vespere
2045 1595 2341 1692 papales
2372 1596 2447 1669 in
2488 1597 2769 1693 capella
2800 1600 3083 1695 majore
3116 1601 3351 1697 palatii.

717 1726 910 1817 Papa
939 1720 1237 1793 absente
1273 1718 1394 1818 (1),
1437 1740 1616 1813 quas
1652 1717 1958 1792 debebat
1992 1723 2239 1793 RmuS.
2280 1724 2363 1794 D.
2401 1721 2785 1795 cardinalis
2830 1725 3353 1821 Neapolitanus,

717 1846 1032 1919 crastina
1080 1844 1194 1916 die
1241 1844 1760 1932 celebraturuS,
1809 1843 2107 1917 missam
2152 1847 2507 1943 maJorem
2546 1846 2963 1939 decantare,
3006 1847 3141 1923 sed
3178 1850 3358 1922 dubi-

638 1985 642 1989 '
721 1978 878 2043 tans
912 1994 998 2043 ex
1026 1968 1358 2063 catarrho
1390 1968 1624 2064 ipsum
1657 1968 2101 2064 impediente
2132 1976 2203 2043 et
2224 1972 2569 2067 temporis
2593 1972 2981 2067 asperitate
3016 1974 3077 2045 si
3112 1972 3199 2045 ad
3228 1997 3357 2047 ves-

720 2116 932 2188 peras
962 2092 1240 2165 veniret
1265 2115 1409 2164 non
1443 2115 1656 2189 posse
1689 2092 2006 2166 crastina
2034 2093 2149 2168 die
2176 2094 2417 2169 debite
2445 2096 2842 2187 celebrare,
2870 2122 2989 2170 me
3026 2100 3355 2171 commisit

722 2224 799 2291 ut
848 2217 1162 2313 aliquem
1213 2240 1303 2290 ex
1350 2216 1636 2288 RRmis.
1687 2220 1838 2289 DD.
1884 2217 2363 2292 cardinalibus
2417 2220 2539 2316 qui
2586 2244 2923 2318 vesperas
2963 2222 3354 2320 hujusmodi

726 2343 1170 2431 decantaret,
1221 2365 1352 2413 suo
1406 2340 1698 2414 nomine
1747 2364 2111 2438 rogarem.
2168 2346 2525 2417 Executus
2582 2370 2743 2418 sum
2792 2335 3355 2435 commissionem

724 2468 902 2539 mihi
936 2468 1200 2540 factam
1237 2464 1653 2563 hujusmodi
1693 2466 1889 2563 apud
1918 2472 2207 2541 Rmum.
2246 2473 2332 2542 D.
2370 2469 2812 2543 cardinalem
2858 2494 2919 2542 s.
2957 2471 3351 2555 Clementis

726 2590 842 2686 qui
877 2590 1198 2663 officium
1230 2588 1542 2685 benigne
1576 2591 1917 2687 suscepit,
1956 2599 2029 2663 et
2058 2592 2495 2689 adimplevit.

828 2720 905 2788 In
962 2721 1178 2789 nocte
1229 2713 1585 2809 sequenti,
1633 2712 1827 2785 idem
1887 2717 1973 2786 D.
2028 2715 2412 2790 cardinalis
2466 2718 2787 2793 sentiens
2842 2742 2920 2793 se
2984 2722 3350 2797 turbatum.

721 2840 998 2935 rogavit
1021 2864 1153 2936 per
1179 2837 1510 2911 nuntium
1549 2860 1761 2910 suum
1801 2842 2087 2911 Rmum.
2125 2844 2215 2914 D.
2252 2842 2691 2917 cardinalem
2722 2844 3153 2918 Perusinum
3188 2852 3260 2920 ut
3282 2846 3353 2917 de

723 2965 861 3039 alio
892 2965 1244 3063 provideri
1274 2964 1717 3060 dignaretur,
1749 2962 1871 3057 qui
1910 2964 2225 3037 crastina
2260 2966 2377 3038 die
2408 2968 2705 3040 missam
2750 2967 3157 3042 solemnem
3186 2969 3352 3041 dice-

722 3098 857 3182 ret,
894 3090 1248 3188 cumipse
1281 3096 1614 3185 gravatus
1646 3095 1717 3161 et
1747 3086 2093 3161 alteratus
2124 3112 2271 3162 non
2301 3100 2547 3187 posset
2580 3114 2763 3165 onus
2797 3091 3213 3189 hujusmodi
3242 3091 3349 3164 sibi

717 3214 1136 3310 impositum
1181 3216 1510 3289 sufferre.
1547 3214 1945 3288 Celebravit
1976 3200 2191 3310 igitur
2220 3215 2519 3289 missam
2544 3216 2965 3314 hujusmodi
3006 3223 3247 3291 Rmus,
3282 3220 3347 3288 D.

716 3336 1102 3410 cardinalis
1143 3362 1202 3410 S.
1236 3339 1580 3412 Praxedis
1623 3338 1696 3409 in
1733 3338 2031 3413 basilica
2060 3363 2118 3409 s.
2156 3336 2376 3427 Petri,
2414 3341 2607 3434 Papa
2649 3339 2979 3412 absente.
3014 3338 3217 3411 Bulla
3244 3336 3351 3409 fuit

715 3462 1051 3535 columne
1091 3462 1301 3537 solite
1343 3486 1690 3560 appensa,
1728 3487 1859 3559 per
1888 3486 2105 3558 quam
2145 3461 2681 3536 concedebatur
2712 3462 3013 3537 facultas
3041 3468 3241 3537 Rmo.
3276 3465 3344 3533 D.

717 3585 1062 3659 cardinali
1096 3588 1442 3661 Perusino
1469 3588 1542 3659 in
1575 3587 1799 3661 altare
1832 3589 2114 3686 majore
2145 3586 2335 3660 dicte
2366 3586 2693 3660 basilice.

822 3713 952 3785 Die
996 3717 1086 3785 26
1120 3711 1554 3813 decembriS,
1591 3736 1730 3806 qua
1770 3712 1914 3785 dux
1950 3712 2222 3803 Gaudio
2261 3720 2549 3785 creatus
2594 3712 2721 3786 fuit
2772 3715 3101 3809 gentium
3138 3734 3349 3787 armo-

718 3860 880 3910 rum
930 3858 1234 3909 romane
1285 3836 1594 3910 ecclesie
1645 3838 2005 3934 generalis
2053 3838 2507 3934 capitaneuS,
2556 3837 2853 3911 missam
2907 3842 3253 3937 maiorem
3292 3843 3348 3907 et

717 3962 858 4037 alia
908 3961 1147 4035 divina
1199 3959 1443 4034 officia
1495 3962 1910 4037 celebrandi
1960 3969 2031 4035 61
2076 3964 2219 4037 hoc
2266 3970 2565 4058 propter
2616 3961 2927 4038 formam
2979 3972 3049 4039 et
3093 3968 3353 4061 propter

792 4256 843 4314 1.
890 4278 918 4308 «
945 4256 992 4311 A
1021 4255 1216 4326 Roma,
1255 4254 1303 4311 61
1334 4255 1592 4329 pontifice
1619 4272 1728 4311 non
1769 4256 1817 4311 si
1848 4256 2047 4313 sentite
2075 4256 2237 4326 bene,
2268 4258 2403 4313 adeo
2432 4272 2541 4312 non
2572 4260 2731 4313 66610
2760 4276 2946 4315 messa
2975 4257 3023 4314 el
3050 4258 3103 4313 di
3130 4256 3181 4311 di
3216 4252 3349 4310 nadal

715 4346 870 4420 justa
897 4343 934 4399 il
963 4352 1247 4402 consueto,
1281 4345 1387 4401 Era
1415 4348 1579 4401 etiam
1607 4343 1887 4401 adolorato
1916 4346 2117 4419 perche
2155 4344 2204 4402 16
2234 4362 2393 4401 cosse
2422 4363 2521 4401 sue
2552 4352 2743 4402 contra
2772 4345 2955 4402 Orsini
2986 4362 3091 4401 non
3127 4340 3349 4417 procede·

723 4452 864 4492 vano
893 4436 967 4491 ad
995 4441 1139 4498 vota,
1165 4438 1274 4490 imo
1303 4452 1400 4509 per
1429 4436 1531 4491 doe
1561 4433 1703 4491 volte
1741 4435 1843 4491 che
1872 4433 1921 4490 le
1951 4442 2105 4491 zente
2146 4452 2243 4490 sue
2281 4434 2525 4491 haveano
2554 4436 2681 4491 dato
2719 4434 2773 4493 la
2808 4434 3066 4508 batnglin,
3095 4448 3249 4487 erano
3280 4434 3349 4481 stu

723 4523 1048 4593 maltratate,
1071 4530 1125 4580 et
1153 4522 1301 4579 molti
1328 4524 1554 4579 amazati
1583 4542 1616 4580 a
1649 4522 1910 4580 Brazano.
1932 4524 1999 4580 Et
2013 4524 2065 4579 fo
2086 4523 2222 4580 ditto
2252 4524 2443 4580 chome
2474 4522 2638 4597 quelli
2673 4523 2727 4579 di
2759 4524 3024 4593 Brazano,
3054 4520 3347 4578 bessendoa

722 4630 915 4686 campo
951 4612 1176 4682 inimici,
1207 4611 1420 4669 tolseno
1451 4630 1558 4667 uno
1587 4630 1758 4668 aseno
1787 4614 1953 4669 molto
1984 4613 2192 4685 grande
2214 4619 2267 4669 61
2286 4611 2447 4683 bello,
2467 4620 2521 4669 61
2549 4612 2791 4668 messelli
2822 4614 2892 4669 ad
2920 4612 3055 4671 60110
3078 4628 3183 4666 666
3210 4606 3347 4665 scrita

724 4720 826 4757 con
857 4702 1043 4757 lettere
1074 4702 1282 4774 grande
1321 4702 1422 4757 che
1459 4700 1647 4759 diceva
1680 4718 1692 4757 :
1726 4703 2005 4757 lassatime
2044 4702 2222 4757 undar
2242 4717 2349 4772 per
2385 4702 2438 4755 la
2476 4704 2585 4757 mia
2614 4704 2725 4765 via,
2760 4702 2854 4758 che
2892 4705 3029 4759 vado
3063 4696 3348 4757 ammador

723 4794 778 4847 αἱ
808 4792 986 4847 ducha
1021 4794 1082 4847 di
1111 4792 1378 4848 Ghandia.
1413 4791 1481 4846 Et
1507 4790 1696 4847 driedo
1740 4788 1793 4845 16
1832 4790 1969 4846 60(16
2006 4789 2169 4846 havia
2207 4808 2317 4845 una
2355 4789 2545 4847 lettera
2583 4790 2789 4847 drizata
2826 4791 2877 4847 al
2919 4792 3052 4849 ditto
3076 4788 3241 4843 ducba
3268 4783 3349 4836 ch*²

725 4882 912 4935 diceva
944 4879 1092 4935 assai
1123 4878 1247 4936 mal.
1287 4880 1494 4947 Questo
1526 4880 1712 4938 feceno
1742 4880 1927 4936 Orsini
1956 4887 2011 4937 et
2038 4878 2165 4953 quel
2202 4880 2423 4935 domino
2448 4879 2831 4937 Bartholomeo
2860 4880 3151 4945 d’Alvian0,
3178 4871 3347 4949 perche

725 4986 850 5025 esso
880 4968 1078 5036 ducba,
1110 4968 1379 5024 credendo
1418 4969 1638 5025 desviar
1675 4969 1724 5025 16
1763 4975 1927 5042 gente
1964 4968 2165 5025 d’arme
2205 4976 2259 5025 et
2298 4968 2525 5025 santarie
2552 4984 2718 5023 erano
2756 4967 2810 5023 in
2850 4968 3102 5034 BrazanO,
3130 4964 3235 5019 fece
3258 4975 3348 5013 uno

725 5060 871 5116 edito
902 5058 1002 5114 che
1032 5075 1092 5113 se
1119 5075 1188 5113 66
1216 5057 1412 5115 veniva
1441 5058 1527 5113 661
1567 5077 1756 5133 campo
1796 5057 1871 5113 dil
1910 5075 2053 5132 papa
2093 5058 2402 5115 dovesseno
2434 5057 2558 5114 tutti
2600 5074 2755 5115 esser
2784 5056 3027 5125 conduti,
3062 5058 3112 5109 61
3137 5047 3283 5105 datoli
3310 5046 3347 5099 la

725 5149 857 5205 mita
894 5148 986 5222 piu
1023 5147 1078 5203 di
1118 5146 1391 5219 stipendio
1429 5154 1482 5202 et
1513 5148 1701 5203 danari
1731 5148 1783 5201 di
1825 5148 2007 5220 quello
2032 5147 2317 5205 havevano
2348 5165 2449 5211 con
2480 5146 2689 5203 Orsini.
2726 5149 2923 5203 Tamen
2961 5144 3095 5203 nihil
3118 5140 3291 5197 valuit.
3324 5159 3341 5178 n

730 5239 809 5297 M.
841 5239 1070 5306 Sanuto,
1101 5238 1306 5306 Diarii,
1337 5242 1380 5293 t.
1413 5236 1456 5305 I,
1489 5235 1591 5295 col.
1625 5238 1883 5293 409-410.
