3625 6059
330 581 658 643 [Novemhre
689 583 832 644 1499]
1005 580 1258 638 RERUM
1307 581 1760 639 URBANARUM
1809 582 2332 639 COMMENTARII.
2898 586 3007 640 579

327 732 700 808 venenatis
731 754 910 829 quas
953 733 1026 806 in
1067 758 1287 808 unam
1318 757 1624 810 cannam
1655 742 1995 834 posuerat
2026 739 2154 810 SS.
2192 739 2280 809 D.
2320 739 2406 809 N.
2451 735 3001 831 presentandaS,

325 858 461 930 sub
489 856 844 932 velamine
877 860 1072 955 quod
1101 869 1348 935 essent
1369 862 1914 936 communitatis
1938 860 2469 950 ForoliviensiS,
2496 861 2810 958 petentis
2832 884 2999 936 cum

325 983 676 1057 Pontifice
737 985 1366 1082 compositionem.
1434 991 1626 1074 Quas
1687 987 1744 1060 si
1804 990 1999 1085 Papa
2054 987 2487 1084 accepisset,
2546 1010 2713 1060 eum
2776 1011 2993 1062 vene-

320 1109 689 1183 navissent
748 1118 824 1183 et
878 1111 1490 1204 intoxicavissent,
1555 1113 1738 1188 adeo
1797 1112 1995 1209 quod
2052 1113 2208 1186 sine
2273 1136 2401 1210 spe
2464 1110 2767 1186 remedii
2827 1119 2995 1209 post

322 1234 651 1310 modicos
698 1237 852 1310 dies
895 1237 1006 1311 vel
1049 1235 1268 1312 horas
1315 1238 1690 1312 recidisset
1730 1245 2097 1327 mortuus3
2144 1243 2216 1312 et
2260 1244 2339 1311 ut
2376 1237 2990 1313 introductionem

321 1357 626 1433 haberet
653 1361 742 1434 ad
775 1361 1231 1452 Pontificem,
1274 1362 1467 1436 misit
1496 1386 1626 1460 pro
1657 1363 1973 1460 quodam
2005 1362 2242 1436 amico
2271 1385 2401 1437 suo
2432 1361 2873 1435 Thomasino
2903 1364 2995 1435 de

319 1485 708 1576 Forolivio‚
737 1493 1075 1562 sonatore
1107 1488 1458 1563 Johannis
1485 1487 1745 1584 Borgie
1768 1487 1859 1562 de
1889 1489 2278 1585 Aragonia,
2307 1486 2651 1584 principis
2682 1486 2997 1584 Squilla-

319 1609 460 1700 cie,
513 1611 644 1684 filii
679 1615 868 1708 Pape
913 1621 986 1687 et
1017 1615 1422 1689 successive
1453 1638 1584 1711 pro
1617 1613 1931 1711 quodam
1976 1613 2119 1687 alio
2160 1613 2646 1711 provisionato
2688 1613 2991 1689 custode

315 1743 526 1832 porte
571 1737 815 1833 palatii
864 1741 1084 1836 Pape,
1134 1739 1392 1837 quibus
1440 1748 1594 1814 tum
1638 1740 1728 1813 de
1784 1762 1917 1814 suo
1965 1739 2341 1837 proposito
2394 1738 2980 1829 communicavit,

319 1862 518 1959 quod
555 1863 883 1959 pervenit
920 1864 1011 1937 ad
1057 1888 1268 1940 aures
1311 1869 1530 1964 Pape,
1578 1867 1788 1964 cujus
1824 1867 2036 1962 jussu
2079 1866 2370 1940 fuerunt
2412 1864 2866 1954 incarcerati,
2914 1872 2990 1938 ut

315 1989 716 2085 prefertur,
775 1997 846 2065 et
900 1991 992 2064 ad
1051 1991 1293 2066 statim
1323 1990 1746 2088 interrogati
1811 2014 1967 2064 rem
2036 1991 2325 2065 fuerunt
2380 1991 2469 2065 de
2536 1991 2753 2089 plano
2814 2015 2989 2067 con-

305 2115 490 2190 fessi
537 2113 660 2213 (1).
710 2116 1106 2212 Subjuncto
1146 2116 1247 2189 illi
1278 2115 1684 2214 principali,
1732 2116 1791 2189 si
1834 2115 2253 2212 cogitaverit
2296 2140 2385 2189 ne
2428 2135 2748 2213 unquam
2788 2122 2989 2190 tanto

311 2238 640 2312 facinore
674 2248 1118 2338 perpetrem,
1169 2263 1335 2316 eum
1367 2265 1510 2316 non
1543 2240 1869 2338 potuisse
1912 2240 2167 2313 mortis
2204 2240 2607 2338 periculum
2651 2241 2981 2317 evadere.

315 2365 716 2461 Respondit
765 2389 972 2464 spem
1023 2366 1156 2441 sibi
1207 2367 1494 2440 firmam
1542 2367 1790 2457 fuisse,
1852 2365 2201 2441 Pontifice
2250 2372 2567 2456 mortuo,
2624 2367 2987 2443 civitatem

317 2489 758 2564 Imolensem
791 2497 865 2565 et
892 2491 1454 2566 Foroliviensem
1481 2491 1572 2564 ab
1602 2489 1980 2565 obsidione
2012 2490 2324 2581 CesariS,
2358 2491 2563 2566 ducis
2587 2491 2979 2582 Valentini,

311 2614 441 2689 filii
499 2618 691 2712 Pape
747 2616 1076 2708 liberari,
1141 2624 1213 2690 et
1270 2617 1638 2691 dominam
1697 2614 2125 2692 eorumdem
2184 2615 2586 2706 civitatum,
2649 2615 2977 2690 relictam

305 2741 680 2838 quondam
725 2741 1008 2814 comitis
1050 2742 1499 2840 Hieronymi,
1545 2750 1927 2840 patronam
1970 2765 2202 2830 suam,
2248 2763 2386 2837 que
2428 2762 2595 2816 eum
2638 2763 2684 2813 a
2717 2741 2977 2838 juven-

307 2871 464 2939 tute
506 2865 881 2958 nutrierat,
932 2866 1154 2941 fuisse
1199 2866 1691 2964 pacificatam;
1743 2891 1875 2964 pro
1916 2891 2059 2964 qua
2096 2867 2155 2940 si
2200 2873 2449 2963 posset
2477 2863 2723 2940 decies
2755 2865 2970 2956 mori,

307 2998 622 3067 mortem
656 2991 896 3067 subire
927 2998 1217 3089 paratus
1249 3000 1445 3067 esset
1475 2998 1546 3068 et
1576 3015 1721 3067 non
1752 2992 2068 3067 timeret.

407 3122 580 3193 Post
603 3141 872 3217 paucos
898 3116 1054 3192 dies
1080 3119 1384 3192 recessit
1412 3117 1503 3192 de
1533 3121 1779 3192 Monte
1812 3116 2145 3192 Rotundo
2176 3121 2422 3191 Rmus.
2459 3119 2547 3190 D.
2584 3114 2967 3191 cardinalis

301 3271 366 3317 S.
403 3245 724 3341 Georgii,
769 3251 844 3318 et
870 3267 1002 3340 per
1038 3242 1267 3334 devia,
1303 3243 1525 3317 colles
1572 3251 1645 3316 et
1673 3243 1923 3334 valleS,
1970 3267 2137 3317 cum
2178 3267 2323 3318 non
2370 3240 2707 3317 omnibus
2738 3240 2971 3314 confi-

303 3370 546 3459 deret,
608 3369 1098 3467 pertransiens
1152 3393 1316 3444 cum
1370 3369 1620 3467 paucis
1672 3369 2141 3444 servitoribus
2198 3367 2343 3441 suis
2398 3367 2488 3440 ad
2542 3369 2972 3440 Sarazanam

298 3495 657 3592 pervenit,
699 3495 818 3568 ubi
849 3493 1168 3569 decrevit
1195 3493 1717 3591 aliquantulum
1750 3495 2046 3568 morari.
2080 3491 2513 3567 Incarcerati
2547 3487 2855 3587 predicti
2887 3488 2962 3560 in

303 3626 545 3693 castro
577 3645 639 3692 s.
672 3619 928 3716 Angeli
960 3619 1251 3693 fuerunt
1282 3618 1468 3693 bene
1500 3620 1866 3694 custoditi.

403 3744 807 3834 Dominica,
857 3750 950 3817 24
997 3743 1170 3818 dicti
1216 3745 1488 3819 mensis
1535 3743 1977 3831 novembriS,
2023 3745 2111 3818 de
2166 3745 2506 3820 mandato
2557 3747 2682 3818 SS.
2733 3747 2818 3816 D.
2874 3745 2962 3816 N.

299 3895 514 3970 pape,
553 3874 642 3944 D.
678 3870 1002 3969 Raphael
1040 3871 1128 3944 de
1168 3873 1406 3962 Mena,
1438 3869 1785 3944 diaconus
1832 3869 2134 3966 capelle,
2172 3867 2477 3944 cantavit
2518 3866 2815 3940 missam
2848 3890 2970 3940 so-

297 3997 626 4072 lemnem
663 3996 736 4072 in
762 3996 1072 4071 ecclesia
1101 3996 1173 4071 b.
1209 3997 1435 4070 Marie
1463 3997 1553 4071 de
1584 4018 1762 4093 pace
1794 3996 1884 4070 de
1919 3995 2136 4085 Urbe,
2166 3994 2260 4069 ad
2282 3992 2611 4092 ejusdem
2642 3992 2713 4064 b.
2744 3992 2971 4065 Marie

298 4120 594 4196 laudem
637 4127 711 4196 et
751 4121 1080 4219 gloriam,
1131 4145 1299 4196 cum
1343 4122 1498 4220 ipse
1548 4125 1636 4195 D.
1686 4125 1941 4194 noster
1985 4117 2388 4216 periculum
2432 4115 2971 4192 intoxicationis

298 4247 719 4346 hujusmodi
753 4247 1097 4323 evasisset
1129 4247 1248 4348 (2).

371 4475 426 4532 1.
469 4469 926 4530 L'ambassadeur
960 4470 1222 4542 venitien‚
1252 4474 1412 4544 apres
1449 4468 1600 4526 avoir
1637 4472 1891 4542 rapporte
1920 4473 2059 4524 cette
2088 4466 2347 4524 tentative
2376 4466 2965 4541 d’empoisonnement,

295 4566 488 4639 ajoute
517 4562 653 4636 qu'il
677 4581 715 4637 y
757 4563 892 4620 croit
911 4579 1038 4637 peu,
1071 4569 1127 4618 et
1161 4559 1292 4635 qu’il
1331 4575 1646 4633 soupconne
1685 4557 1734 4613 le
1772 4576 1911 4632 pape
1940 4556 2110 4613 d’etre
2138 4556 2366 4614 l’auteur
2394 4556 2462 4612 de
2494 4561 2635 4613 cette
2663 4554 2969 4630 imposture

297 4653 534 4726 (vania).
570 4653 803 4721 Sanum,
835 4657 876 4711 t.
911 4651 1007 4720 111,
1040 4651 1143 4709 col.
1173 4651 1262 4706 58.

366 4745 421 4801 2.
465 4743 607 4816 Voy.
649 4743 802 4798 Petri
843 4742 1093 4812 delphini
1119 4743 1326 4812 Epist..
1359 4737 1533 4808 1..V1,
1574 4737 1735 4812 epist.
1771 4739 1861 4794 22.
1902 4738 2053 4794 Dans
2096 4734 2147 4792 le
2188 4735 2313 4792 bref
2336 4735 2557 4793 suivant
2582 4735 2809 4792 adresse
2846 4739 2881 4789 a
2918 4732 2971 4788 la

293 4830 615 4906 seigneurie
657 4831 726 4886 de
756 4831 1037 4900 Florence,
1067 4829 1118 4885 le
1164 4830 1312 4903 Pape
1340 4829 1506 4885 relate
1551 4827 1604 4884 la
1650 4826 1911 4884 tentative
1960 4825 2524 4900 d'empoisonnement
2572 4826 2707 4882 dont
2746 4821 2785 4879 il
2823 4841 2857 4880 a
2884 4825 2969 4879 ete

291 4921 482 4996 l’objet
509 4921 580 4978 de
612 4919 664 4976 la
691 4925 812 4993 part
841 4919 908 4976 de
939 4918 992 4976 la
1019 4925 1290 4976 comtesse
1320 4915 1610 4974 Catherine
1641 4914 1848 4984 Riario,
1881 4920 2011 4971 cette
2036 4915 2147 4986 fille
2176 4916 2243 4971 de
2264 4915 2573 4987 perdition.

1291 5085 1320 5114 «
1341 5061 1657 5119 Alexander
1686 5062 1841 5132 Papa
1877 5059 1968 5116 VI.

369 5219 398 5248 α
431 5190 628 5251 Dilecti
658 5191 754 5250 fflii
786 5190 1018 5250 salutem
1050 5197 1104 5248 et
1135 5187 1506 5266 Apostolicam
1544 5183 2007 5243 Benedictionem.
2051 5183 2133 5240 Ex
2162 5183 2358 5242 litteris
2388 5185 2587 5242 vestris
2625 5201 2765 5260 quas
2804 5179 2969 5241 hodie
3055 5213 3066 5224 ·

297 5283 538 5343 dilectus
557 5282 707 5341 filius
735 5287 917 5341 orator
943 5287 1127 5339 vester
1154 5279 1301 5354 apud
1329 5295 1432 5336 nos
1454 5295 1628 5354 agens
1644 5274 1802 5333 nobis
1818 5273 2077 5346 ostendit,
2101 5290 2165 5330 ac
2180 5291 2279 5349 per
2294 5273 2474 5350 ipsum
2493 5279 2762 5334 oratorem
2782 5289 2969 5332 coram
