3625 6059
294 550 607 614 {Decembre
636 547 773 616 1494]
962 547 1213 605 RERUM
1264 548 1721 609 URBANARUM
1768 551 2290 611 COMMENTARII.
2849 558 2957 613 215

295 703 605 777 Ascanio
646 709 721 778 et
750 702 1429 800 Valentinoquibus
1465 705 1802 780 omnibus
1835 708 2202 784 concessis
2231 708 2472 807 equis;
2509 708 2722 782 simul
2753 709 2952 806 equi-

291 833 529 902 tarunt
577 828 720 902 dux
768 851 813 901 a
852 826 1121 902 dextris
1174 835 1247 903 et
1294 830 1677 905 cardinalis
1724 832 2238 929 Neapolitanus
2291 856 2334 907 a
2382 832 2719 920 sinistris,
2769 854 2948 928 quos

287 952 514 1027 secuti
552 956 720 1025 sunt
764 952 1119 1025 Ascanius
1164 957 1237 1026 et
1281 952 1710 1029 Valentinus
1748 978 1880 1029 suo
1923 955 2203 1049 ordine,
2240 980 2466 1053 usque
2516 956 2607 1031 ad
2650 956 2947 1030 domum

284 1078 503 1176 ipsius
522 1076 851 1165 Ascanii,
876 1077 999 1149 ubi
1026 1077 1180 1174 ipse
1200 1078 1553 1154 Ascanius
1578 1080 1870 1153 intravit
1895 1088 1968 1155 et
1993 1082 2389 1178 permansit
2413 1106 2429 1171 ;
2462 1080 2723 1156 deinde
2749 1078 2945 1177 equi-

284 1204 448 1278 tavit
476 1202 625 1277 dux
652 1201 935 1275 medius
960 1201 1150 1276 inter
1167 1205 1725 1302 Neapolitanum
1752 1211 1822 1279 et
1844 1206 2307 1283 Valentinum
2339 1208 2430 1283 ab
2459 1206 2568 1281 eis
2599 1230 2826 1303 usque
2855 1207 2946 1281 ad

280 1337 561 1427 portam
602 1353 666 1401 s.
702 1327 1091 1419 Laurentii,
1126 1329 1245 1402 ubi
1278 1331 1588 1426 peractis
1631 1354 1721 1403 ex
1750 1354 1954 1405 more
1994 1355 2126 1429 per
2163 1332 2427 1408 ducem
2467 1331 2946 1407 cardinalibus

282 1454 553 1552 gratiis,
602 1454 914 1528 recessit
949 1453 1104 1551 ipse
1143 1456 1284 1529 dux
1324 1463 1396 1530 et
1436 1456 1822 1531 cardinalis
1857 1457 2123 1532 Montis
2167 1458 2454 1556 Regalis
2490 1457 2582 1533 ad
2613 1454 2948 1531 Braecia-

280 1604 447 1655 num
472 1580 571 1654 ad
596 1584 878 1677 Regem
901 1578 1201 1655 Francie
1228 1579 1488 1654 iturus.
1516 1585 1669 1655 Hoc
1692 1605 1934 1673 mane,
1963 1587 2211 1656 Rmus.
2231 1588 2320 1657 D.
2338 1582 2686 1657 Ascanius
2717 1602 2948 1679 usque

284 1708 497 1780 modo
531 1705 611 1779 in
650 1704 917 1803 palatio
958 1705 1357 1802 apostolico
1388 1706 1753 1799 detentuS‚
1786 1707 2103 1783 libertati
2135 1733 2262 1785 sue
2293 1710 2666 1784 restitutus
2696 1714 2833 1784 est.

372 1830 589 1906 Feria
618 1837 857 1919 sexta,
882 1835 973 1903 26
1004 1830 1173 1904 dicti
1199 1830 1473 1905 mensis
1494 1830 1931 1924 decembris,
1963 1832 2230 1909 festum
2254 1858 2312 1908 S.
2342 1831 2686 1932 Stephani
2709 1838 2951 1930 proto-

285 1956 649 2057 martyris,
689 1960 939 2029 RmuS.
972 1960 1057 2029 D.
1094 1956 1479 2031 cardinalis
1508 1961 2062 2033 Beneventanus
2089 1959 2477 2034 celebravit
2505 1958 2802 2031 missam
2829 1981 2949 2030 so-

280 2086 593 2157 lemnem
644 2081 723 2155 in
750 2080 1031 2177 capella
1056 2082 1332 2180 majore
1354 2081 1626 2179 palatii,
1671 2086 1866 2181 Papa
1895 2091 2234 2182 presente
2272 2108 2288 2158 z
2327 2105 2746 2157 sermonem
2781 2082 2951 2156 fecit

287 2216 367 2287 D.
398 2211 775 2286 Mattheus
796 2209 1205 2284 Canochius
1228 2209 1404 2282 olim
1429 2217 1819 2307 preceptor
1843 2208 2166 2308 episcopi
2189 2208 2697 2285 viterbiensis.
2716 2214 2954 2286 Vene-

286 2345 441 2409 runt
454 2335 689 2409 etiam
706 2333 798 2408 ad
814 2334 1149 2409 eamdem
1166 2325 1517 2434 capellam
1536 2341 1698 2433 post
1712 2336 2087 2411 introitum
2106 2339 2194 2409 D.
2215 2334 2444 2410 nostri
2461 2340 2608 2409 tres
2625 2341 2951 2409 oratores

286 2461 463 2557 regis
494 2459 837 2552 Francie‚
873 2466 1090 2535 nocte
1119 2462 1468 2559 preterita
1496 2461 1725 2553 missi,
1759 2460 2094 2535 videlicet
2125 2482 2430 2555 magnus
2459 2459 2950 2535 marescalcus

284 2589 471 2685 regni
500 2589 819 2664 Francie
850 2589 977 2689 (1),
1027 2595 1115 2664 D.
1150 2589 1639 2690 Johannes2de
1680 2592 1925 2689 Ganay
1947 2588 2040 2689 (2)
2082 2588 2360 2687 primus
2389 2587 2762 2685 presidens
2792 2611 2952 2686 par-

281 2713 565 2789 lamenti
618 2714 1069 2789 Parisiorum
1127 2722 1202 2789 et
1256 2715 1549 2812 quidam
1598 2716 1777 2789 alius
1830 2714 1952 2815 (3),
2011 2737 2268 2789 omnes
2331 2722 2473 2789 tres
2524 2711 2689 2787 laici
2726 2737 2743 2787 ε
2779 2712 2948 2787 dedi

282 2839 511 2913 locum
540 2840 763 2915 eisin
793 2841 1007 2915 scalis
1038 2840 1199 2914 solii
1226 2844 1417 2938 Pape
1450 2850 1617 2916 ante
1650 2848 1721 2915 et
1753 2864 1972 2938 supra
2001 2847 2438 2931 senatorem,
2474 2838 2630 2913 aliis
2662 2838 2944 2913 duobus

286 2963 351 3037 in
372 2964 601 3041 banco
645 2974 1011 3041 oratorum
1039 2966 1393 3041 laicorum
1423 2966 1496 3039 in
1538 2990 1679 3063 quo
1710 2972 1916 3040 erant
1955 2965 2100 3039 duo
2131 2971 2458 3039 oratores
2491 2963 2942 3060 Neapolitani

287 3090 490 3185 regiS‚
525 3090 658 3188 qui
688 3090 1027 3165 nolentes
1055 3114 1222 3167 cum
1252 3090 1381 3164 his·
1408 3091 1613 3165 novis
1653 3089 2094 3165 contendere
2127 3095 2201 3164 et
2237 3096 2647 3164 asserentes
2677 3111 2755 3163 se
2786 3110 2949 3163 nes-

290 3214 423 3289 cire
450 3215 653 3313 ipsos
686 3223 1019 3291 oratores
1049 3238 1240 3308 esse,
1268 3224 1731 3293 recesserunt
1756 3240 1848 3289 ex
1869 3239 2121 3291 eorum
2149 3216 2314 3291 loco
2337 3239 2353 3289 t
2378 3213 2786 3312 significato
2819 3238 2949 3289 au-

293 3344 425 3413 tem
472 3364 563 3415 ex
610 3341 917 3439 speciali
966 3342 1308 3416 mandato
1362 3346 1554 3438 Pape
1602 3366 1735 3439 per
1794 3362 1914 3415 me
1977 3342 2156 3440 ipsis
2199 3342 2364 3415 illos
2418 3346 2741 3415 oratores
2788 3364 2950 3416 esse

292 3465 469 3561 regis
498 3467 839 3558 Francie,
876 3466 1248 3542 redierunt
1264 3468 1353 3542 ad
1381 3467 1545 3541 loca
1567 3491 1723 3558 sua,
1755 3473 1830 3542 et
1859 3467 2000 3541 illis
2026 3475 2428 3543 cesserunt.
2457 3471 2680 3543 Erant
2709 3475 2950 3544 autem

292 3616 442 3668 cum
476 3594 694 3670 dictis
726 3593 954 3669 tribus
988 3593 1392 3667 oratoribus
1423 3594 1632 3667 multi
1672 3594 1883 3685 Galli,
1926 3618 2234 3691 quorum
2272 3593 2476 3669 multi
2518 3594 2674 3669 sine
2711 3596 2953 3693 aliqua

292 3717 724 3795 'discretione
755 3727 1158 3817 posuerunt
1198 3744 1275 3793 se
1320 3743 1545 3830 prope
1590 3720 1910 3817 prelatos
1952 3728 2025 3794 et
2058 3720 2138 3794 in
2179 3744 2432 3795 eorum
2481 3722 2798 3797 scamnis
2828 3745 2948 3795 se-

295 3842 569 3936 derunt,
605 3868 795 3943 quos
826 3868 995 3919 cum
1024 3844 1192 3919 inde
1236 3842 1567 3919 tollerem
1598 3851 1672 3920 et
1716 3845 1808 3919 ad
1837 3846 2339 3923 convenientia
2379 3848 2543 3923 loca
2567 3871 2948 3946 ponerem,

300 3972 479 4067 Papa
501 3970 686 4045 mihi
718 3971 811 4046 ad
840 3994 919 4047 se
951 3977 1233 4062 vocato,
1267 3970 1453 4045 irato
1495 3971 1738 4046 animo
1772 3972 1974 4071 [dixit
2018 3973 2160 4071 me]
2191 3966 2512 4048 mentem
2545 3996 2750 4047 suam
2784 3972 2954 4049 des-

302 4100 527 4173 truere
556 4105 632 4172 et
648 4097 849 4195 quod
870 4098 1113 4172 Gallos
1141 4104 1332 4172 stare
1352 4099 1855 4195 permitterem
1878 4099 2001 4172 ubi
2027 4100 2296 4175 vellent
2317 4122 2450 4197 pro
2469 4120 2725 4173 eorum
2748 4097 2949 4173 libito

305 4221 707 4317 voluntatis,
741 4223 1106 4322 Respondi
1140 4224 1518 4299 Sanctitati
1550 4248 1679 4300 sue
1711 4224 1932 4322 quod,
1967 4249 2097 4323 pro
2137 4229 2322 4314 Deo,
2352 4246 2486 4320 pro
2513 4222 2654 4298 hac
2684 4248 2762 4297 re
2794 4226 2952 4297 non

306 4357 903 4442 commoveretur,
964 4350 1135 4447 quia
1197 4350 1562 4425 voluntate
1617 4374 1747 4425 sua
1807 4349 1988 4424 mihi
2062 4350 2136 4424 in
2186 4350 2328 4424 hac
2369 4355 2568 4443 nota,
2622 4350 2761 4425 illis
2802 4374 2949 4425 non

305 4496 525 4551 essem
552 4476 863 4575 amplius
887 4477 1184 4552 verbum
1215 4476 1563 4567 dicturuS,
1598 4476 1820 4551 etiam
1850 4476 2293 4576 ubicumque
2326 4475 2713 4551 stantibus,

367 4714 416 4769 1.
454 4714 529 4771 Le
556 4716 833 4773 maret-,hal
859 4714 1079 4790 de2Gie.

366 4802 417 4857 2.
454 4804 533 4860 De
564 4806 779 4881 Ganay.
812 4806 961 4863 Tous
989 4805 1071 4863 les
1094 4806 1427 4863 manuscrits
1456 4806 1701 4863 donnent
1736 4822 1799 4861 ce
1836 4822 1964 4862 nom
1987 4806 2056 4862 de
2092 4806 2146 4862 la
2181 4805 2340 4876 facon
2387 4804 2439 4862 la
2475 4804 2602 4880 plus
2639 4805 2959 4877 incorrecte,

306 4888 433 4946 5522
468 4899 525 4949 et
558 4890 745 4968 Cbigi,
774 4898 1011 4960 Benam:
1047 4894 1252 4951 Eccard
1282 4901 1337 4951 et
1371 4896 1532 4965 5160,
1562 4897 1796 4957 Bavari‚·
1828 4896 1950 4964 149,
1981 4898 2180 4955 Buani.
2215 4895 2437 4953 Comme
2466 4895 2548 4953 les
2587 4900 2791 4955 memes
2819 4912 2960 4954 mss.

313 4977 541 5039 donnons.
568 5000 677 5056 peu
706 4983 773 5040 de
800 5000 976 5058 pagss
1004 4986 1129 5058 plus
1161 4984 1271 5041 loin
1287 4986 1386 5041 des
1415 4985 1601 5054 lecons
1628 4983 1966 5055 differenteS,
1985 4983 2021 5039 il
2050 5002 2084 5041 a
2111 5003 2247 5059 paru
2275 4986 2574 5060 preferable
2603 4986 2672 5041 de
2701 4985 2962 5059 corriger.

370 5066 426 5126 3.
464 5069 695 5127 Etienne
731 5073 800 5129 de
838 5072 1003 5143 Vesc,
1042 5070 1299 5129 senechal
1338 5073 1407 5129 de
1454 5071 1771 5132 Beaucaire.
1813 5072 1924 5129 Sur
1969 5090 2031 5130 ee
2068 5091 2439 5151 personnage,
2481 5094 2608 5151 voy.
2651 5076 2704 5131 la
2741 5080 2966 5132 savante

318 5154 488 5213 Notice
516 5162 693 5232 bioqr.
724 5169 777 5218 et
818 5162 949 5218 hist.
981 5163 1049 5222 de
1078 5165 1154 5222 M.
1184 5164 1252 5221 A.
1283 5163 1352 5218 de
1380 5162 1636 5220 Boislisle
1664 5160 1805 5261 dans
1835 5160 2186 5222 l'Annuaire-
2187 5166 2429 5223 Bullatin
2472 5168 2540 5225 de
2579 5166 2636 5222 la
2678 5166 2872 5222 sociate
2901 5164 2968 5219 de

320 5243 350 5295 t'
351 5244 561 5303 histoire
580 5251 650 5305 de
678 5254 901 5320 Franco,
930 5254 1133 5307 annees
1171 5252 1303 5306 ¹878
1332 5258 1385 5307 et
1416 5244 1577 5309 suiv..
