3625 6059
372 565 703 631 [Novembre
736 565 877 632 1494]
1052 564 1305 626 RERUM
1356 565 1811 628 URBANARUM
1857 568 2381 634 COMMENTARH.
2949 581 3053 638 197

380 739 633 794 corum
663 719 914 795 furore
951 726 1019 794 et
1052 721 1551 820 recuperanda
1577 725 1799 800 Terra
1835 729 2087 800 sancta
2115 733 2189 800 et
2217 723 2376 802 aliis
2407 727 2744 805 dominiis
2766 757 2896 830 per
2926 757 3052 808 eos

382 844 795 920 christianis
826 846 1271 944 principibus
1302 853 1374 924 et
1395 849 1675 946 populis
1707 850 1990 941 ablatiS,
2027 852 2335 950 propriis
2366 858 2697 950 personis
2743 881 2826 933 ac
2855 858 3054 932 labo·

382 970 577 1044 ribus
608 971 1222 1071 facultatibusque
1268 996 1411 1048 non
1444 997 1745 1072 parcere
1773 1001 1789 1066 ;
1827 976 1999 1072 quin
2033 977 2180 1051 imo
2213 976 2696 1054 dilectissimis
2729 1007 2949 1058 uxore
2982 991 3052 1057 et

380 1093 523 1169 filio
556 1095 779 1170 unico
820 1095 1083 1170 nostris
1126 1119 1495 1196 regnoque
1546 1100 1996 1199 amplissimo
2040 1103 2346 1200 pacifico
2392 1111 2463 1180 et
2503 1109 3050 1204 opulentissimo
3109 1151 3116 1158 ·

378 1225 446 1294 et
472 1228 729 1316 preter
765 1220 1205 1298 voluntatem
1244 1224 1653 1324 principum
1688 1234 1760 1303 et
1798 1249 2186 1325 procerum
2227 1232 2434 1328 regni
2477 1235 2708 1310 nostri
2755 1234 3046 1324 relictiS‚

374 1345 769 1422 statuimus
798 1370 962 1423 cum
994 1349 1351 1448 adjutorio
1382 1351 1541 1436 Dei,
1568 1354 1776 1452 cujus
1802 1377 2096 1429 causam
2120 1355 2624 1454 amplectimur
2654 1383 2738 1434 ac
2763 1383 3048 1434 summo

373 1473 709 1548 omnium
767 1474 1328 1552 christianorum
1376 1477 1733 1576 pontificis
1781 1487 1854 1556 et
1892 1481 2228 1578 pastoriS,
2277 1503 2409 1558 nec
2453 1506 2600 1558 non
2644 1485 3054 1582 principum

370 1605 441 1673 et
472 1597 795 1674 aliorum
838 1598 1159 1677 fidelium
1202 1602 1548 1701 presidio,
1593 1602 1735 1679 hoc
1787 1604 2322 1679 sanctissimum
2365 1629 2552 1710 opus·
2581 1604 2777 1682 fideli
2836 1606 3056 1682 devo-
3171 1587 3177 1592 ’

362 1724 573 1801 tione
608 1731 683 1802 et
713 1749 981 1826 magno
1024 1728 1267 1804 animo
1298 1729 1595 1828 aggredi
1632 1757 1647 1804 :
1686 1729 1880 1828 quod
1911 1730 2202 1828 quidem
2243 1738 2572 1806 sanctum
2606 1732 3054 1830 propositum

355 1852 621 1928 divina
644 1853 1012 1932 credimus
1045 1856 1515 1954 inspiratione
1537 1863 1789 1932 nostro
1831 1855 2032 1932 cordi
2063 1855 2285 1932 fuisse
2308 1855 2653 1933 infusum.
2683 1859 2830 1933 Nec
2861 1856 3054 1932 arbi-

354 1986 609 2057 iretur
656 1980 1017 2079 quispiam
1056 1988 1136 2060 ut
1174 1982 1265 2058 ad
1300 1981 1801 2081 occupandum
1843 2005 2464 2080 quorumcumque
2509 1983 2911 2081 principum
2942 1984 3054 2058 vel

346 2105 838 2206 populorum,
865 2106 1187 2183 dominia
1205 2116 1325 2183 aut
1352 2108 1705 2199 civitate8‚
1724 2109 1866 2183 hoc
1897 2130 2078 2205 opus
2107 2115 2252 2182 tam
2286 2117 2618 2184 sanctum
2645 2117 2788 2184 tam
2809 2109 3056 2184 lauda-

349 2233 515 2308 bile
552 2232 1097 2330 aggrediamur,
1135 2230 1263 2326 sed
1294 2238 1371 2306 ut
1414 2232 1571 2328 ipse
1604 2236 1799 2308 Deus
1829 2255 2039 2306 verus
2081 2231 2286 2306 testis
2323 2239 2460 2320 est,
2496 2233 2638 2308 hoc
2675 2233 2908 2308 solum
2962 2236 3054 2310 ad

350 2359 531 2456 ejus
562 2357 861 2433 laudem
899 2366 972 2434 et
1001 2357 1303 2456 gloriam
1338 2379 1615 2455 sueque
1650 2355 1818 2432 fidei
1852 2363 1924 2431 et
1955 2356 2349 2433 christiane
2384 2357 2752 2456 religionis
2786 2361 3051 2436 exalta-

352 2485 657 2560 tionem
688 2489 761 2559 et
791 2483 1335 2582 ampliationem
1368 2483 1902 2579 amplectimur,
1939 2490 2312 2580 sperantes
2343 2485 2419 2558 in
2455 2485 2616 2582 ipso
2649 2489 2802 2561 Deo
2834 2509 2876 2560 a
2908 2511 3050 2584 quo

352 2611 629 2686 omnia
674 2609 997 2709 perfecta
1038 2631 1262 2708 opera
1302 2609 1830 2708 perfectionem
1875 2610 2298 2708 suscipiunt,
2347 2633 2482 2686 nos
2527 2607 2670 2685 hoc
2716 2617 3048 2687 sanctum

362 2735 829 2812 desiderium
880 2741 1207 2812 nostrum
1257 2735 1349 2811 ad
1386 2740 1710 2833 optatum
1754 2735 2095 2811 effectum
2137 2735 2640 2836 perducturos.
2691 2737 2836 2813 Sed
2880 2740 3055 2842 quia

360 2887 691 2963 regnum
738 2862 981 2938 Sicilie
1033 2864 1223 2960 quod
1267 2862 1818 2959 Neapolitanum
1859 2862 2226 2961 appellant
2271 2886 2404 2961 per
2440 2864 3044 2962 primogenitores

374 2994 673 3064 nostros
704 3011 745 3062 e
773 2988 1107 3062 manibus
1140 2985 1540 3061 infidelium
1574 2995 1647 3062 et
1673 2987 1982 3061 aliorum
2019 3011 2320 3063 romane
2351 2988 2676 3063 Ecclesie
2714 2996 2788 3064 et
2832 2997 3046 3088 a'pos-

376 3115 595 3190 tolice
636 3113 833 3189 sedis
857 3113 1177 3189 hostium
1205 3118 1491 3187 erutum
1523 3121 1592 3187 et
1625 3112 1862 3188 eidem
1888 3112 2212 3188 Ecclesie
2249 3113 2664 3188 restitutum
2689 3113 2872 3188 etde
2904 3138 3046 3211 quo

379 3240 515 3338 ipsi
537 3239 1041 3339 progenitores
1056 3239 1283 3313 nostri
1310 3231 1555 3335 viginti
1584 3245 1895 3336 quatuor
1914 3239 2398 3330 investituraS,
2421 3238 2755 3313 videlicet
2777 3238 3045 3315 duode-

391 3365 763 3462 vigesimas
784 3389 827 3440 a
850 3365 1151 3440 diversis
1180 3365 1499 3440 romanis
1525 3359 2015 3463 pontificibuS‚
2035 3372 2106 3440 et
2128 3365 2304 3439 duas
2323 3363 2498 3439 alias
2521 3387 2566 3438 a
2585 3363 2867 3438 duobus
2889 3364 3047 3438 aliis

394 3491 607 3565 sacris
631 3492 1093 3590 generalibus
1133 3493 1457 3568 conciliis
1487 3498 1950 3592 receperunt,
1983 3498 2056 3568 et
2076 3492 2270 3590 quod
2300 3492 2390 3567 ad
2412 3499 2546 3567 nos
2575 3492 2738 3590 jure
2764 3491 3051 3567 heredi·-

400 3619 551 3692 tatis
580 3619 927 3717 pertinet,
962 3621 1288 3716 quamvis
1322 3621 1491 3694 Pius
1521 3623 1585 3694 ll
1615 3619 1865 3696 volens
1889 3642 2060 3694 suos
2086 3642 2174 3692 ex
2195 3617 2451 3693 humili
2474 3617 2686 3715 plebe
2719 3624 2926 3694 natos
2958 3617 3049 3692 ad

399 3743 818 3842 principatus
838 3744 1207 3842 fastigium
1229 3745 1574 3822 extollere
1595 3769 1904 3844 regnum
1923 3745 2186 3844 ipsium
2208 3747 2540 3820 nostrum
2567 3749 2819 3819 contra
2839 3743 3049 3841 justi-

403 3868 557 3946 tiam
592 3870 987 3950 abstulerat
1014 3877 1089 3946 et
1120 3871 1297 3946 illud
1328 3870 1691 3968 quondam
1733 3870 2192 3948 Ferdinando
2224 3870 2314 3946 de
2345 3871 2712 3970 Aragoriia
2749 3892 3048 3944 conces-

405 4008 598 4088 serat,
632 3998 723 4073 ad
761 3997 1331 4097 oppugnandum
1366 3996 1597 4072 dictos
1634 3997 2162 4096 perfidissimos
2217 4000 2490 4072 Turcos
2531 3995 2879 4095 precipue
2919 4017 3052 4092 per

406 4131 665 4220 portum
695 4123 999 4204 Valonie
1031 4130 1101 4198 et
1131 4121 1478 4197 nonnulla
1507 4122 1648 4198 alia
1674 4123 1843 4198 loca'
1875 4123 2086 4197 nobis
2119 4122 2408 4198 facilem
2441 4123 2850 4220 ingressum
2881 4143 3048 4216 pre-

408 4249 557 4326 bere
576 4258 890 4350 poterat:
919 4249 1120 4337 illud,
1151 4254 1304 4326 Deo
1332 4248 1750 4339 auxiliante,
1773 4249 2215 4325 intendimus
2244 4249 2704 4345 recuperare,
2741 4250 2818 4321 ut
2839 4243 3049 4318 nobis

408 4381 467 4449 et
499 4379 751 4452 nostris
802 4375 1033 4451 facilis
1075 4375 1447 4472 ingressus
1510 4379 1583 4447 et
1624 4396 1964 4470 egressus
2011 4397 2096 4446 ac
2155 4379 2390 4448 tutum
2453 4370 2848 4468 presidium
2887 4393 3050 4443 esse

408 4505 629 4598 possit.
676 4507 827 4579 Nec
870 4500 1311 4578 intendimus
1340 4505 1731 4598 propterea
1772 4499 1960 4573 alme
2005 4498 2166 4572 urbi
2210 4503 2466 4590 Rome,
2513 4502 2724 4594 prout
2767 4495 3052 4570 moder-

408 4649 521 4702 nus
554 4630 963 4728 Alphonsus
1006 4627 1096 4702 de
1133 4626 1498 4724 Aragonia
1535 4631 1607 4700 et
1646 4625 1755 4700 sui
1794 4621 2379 4724 predecessoreS,
2415 4623 2596 4697 alius
2630 4621 3046 4718 Alphonsus

412 4761 469 4826 et
505 4755 991 4832 Ferdinandus
1044 4774 1311 4850 magna
1360 4751 1765 4827 temeritate
1821 4758 1894 4828 et
1957 4751 2354 4827 rebellione
2423 4741 2615 4822 eam'
2643 4746 3044 4822 obsidendo

412 4877 743 4976 fecerunt3
780 4887 901 4957 aut
940 4879 1078 4954 illis
1117 4879 1327 4954 terris
1374 4901 1674 4952 romane
1724 4877 2003 4952 Eclesie
2052 4873 2538 4973 prejudicium
2590 4871 2883 4968 aliquod
2913 4893 3038 4945 seu

412 5003 719 5085 damnum
743 5007 1020 5084 inferre
1054 5031 1069 5082 ε
1098 5005 1226 5080 sed
1254 5003 1451 5086 illam
1484 5013 1557 5079 ut
1585 5004 1808 5102 ipsius
1840 5002 2160 5078 Ecclesie
2202 4999 2557 5091 subditos,
2589 5021 2719 5097 pro
2752 4997 2944 5072 illius
2976 5004 3049 5069 et

410 5134 767 5228 apostolice
799 5133 995 5207 sedis
1021 5130 1297 5205 honore
1319 5136 1391 5205 et
1416 5123 1820 5204 reverentia
1847 5126 1937 5202 ab
1960 5126 2157 5199 omni
2183 5125 2449 5201 damno
2499 5131 2572 5198 et
2601 5121 2868 5220 injuria
2913 5138 3046 5215 pro

406 5278 591 5351 posse
620 5267 875 5335 nostro
906 5257 1151 5332 illesos
1180 5251 1633 5344 conservare,
1665 5261 1737 5327 et
1758 5253 1980 5349 ipsius
2003 5252 2328 5328 Ecclesie
2359 5252 2462 5326 sic
2496 5249 2786 5336 statum,
2818 5243 3047 5316 hono-
