<?xml version="1.0" encoding="UTF-8"?>
<!DOCTYPE html PUBLIC "-//W3C//DTD XHTML 1.0 Transitional//EN"
    "http://www.w3.org/TR/xhtml1/DTD/xhtml1-transitional.dtd">
<html xmlns="http://www.w3.org/1999/xhtml" xml:lang="en" lang="en">
 <head>
  <title>
</title>
<meta http-equiv="Content-Type" content="text/html;charset=utf-8" />
  <meta name='ocr-system' content='tesseract 3.04.00' />
  <meta name='ocr-capabilities' content='ocr_page ocr_carea ocr_par ocr_line ocrx_word'/>
</head>
<body>
  <div class='ocr_page' id='page_1' title='image "./johannisburchar00unkngoog_0034.png"; bbox 0 0 3625 6059; ppageno 0'>
   <div class='ocr_carea' id='block_1_1' title="bbox 681 542 3367 614">
    <p class='ocr_par' dir='ltr' id='par_1_1' title="bbox 681 542 3367 614">
     <span class='ocr_line' id='line_1_1' title="bbox 681 542 3367 614; baseline -0.005 -7"><span class='ocrx_word' id='word_1_1' title='bbox 681 550 754 607; x_wconf 84' lang='lat'><strong>22</strong></span> <span class='ocrx_word' id='word_1_2' title='bbox 1587 546 1616 603; x_wconf 84' lang='lat' dir='ltr'>J</span> <span class='ocrx_word' id='word_1_3' title='bbox 1623 545 1944 605; x_wconf 81' lang='lat' dir='ltr'><strong>OHANNIS</strong></span> <span class='ocrx_word' id='word_1_4' title='bbox 1992 542 2441 614; x_wconf 75' lang='lat' dir='ltr'><strong>BURCHARDI,</strong></span> <span class='ocrx_word' id='word_1_5' title='bbox 2872 542 3189 605; x_wconf 76' lang='lat' dir='ltr'><strong>[Decembre</strong></span> <span class='ocrx_word' id='word_1_6' title='bbox 3212 544 3367 604; x_wconf 67' lang='lat'><strong>1492]</strong></span> 
     </span>
    </p>
   </div>
   <div class='ocr_carea' id='block_1_2' title="bbox 685 698 3369 4296">
    <p class='ocr_par' dir='ltr' id='par_1_2' title="bbox 685 698 3369 1796">
     <span class='ocr_line' id='line_1_2' title="bbox 686 698 3361 799; baseline -0.001 -24"><span class='ocrx_word' id='word_1_7' title='bbox 686 699 1045 775; x_wconf 88' lang='lat' dir='ltr'><strong>Paladinis</strong></span> <span class='ocrx_word' id='word_1_8' title='bbox 1081 700 1453 797; x_wconf 90' lang='lat' dir='ltr'><strong>utriusque</strong></span> <span class='ocrx_word' id='word_1_9' title='bbox 1487 702 1672 799; x_wconf 89' lang='lat' dir='ltr'><strong>juris</strong></span> <span class='ocrx_word' id='word_1_10' title='bbox 1703 701 2105 789; x_wconf 89' lang='lat' dir='ltr'><strong>doctorem,</strong></span> <span class='ocrx_word' id='word_1_11' title='bbox 2144 700 2362 774; x_wconf 87' lang='lat' dir='ltr'><strong>etiam</strong></span> <span class='ocrx_word' id='word_1_12' title='bbox 2394 700 2565 775; x_wconf 90' lang='lat' dir='ltr'><strong>dicti</strong></span> <span class='ocrx_word' id='word_1_13' title='bbox 2597 698 2789 797; x_wconf 88' lang='lat' dir='ltr'><strong>regis</strong></span> <span class='ocrx_word' id='word_1_14' title='bbox 2810 706 3169 774; x_wconf 88' lang='lat' dir='ltr'><strong>oratorem</strong></span> <span class='ocrx_word' id='word_1_15' title='bbox 3206 698 3361 797; x_wconf 90' lang='lat' dir='ltr'><strong>(qui</strong></span> 
     </span>
     <span class='ocr_line' id='line_1_3' title="bbox 687 824 3361 924; baseline -0.001 -22"><span class='ocrx_word' id='word_1_16' title='bbox 687 850 772 902; x_wconf 87' lang='lat' dir='ltr'><strong>ex</strong></span> <span class='ocrx_word' id='word_1_17' title='bbox 811 824 969 899; x_wconf 88' lang='lat' dir='ltr'><strong>aliis</strong></span> <span class='ocrx_word' id='word_1_18' title='bbox 1006 826 1582 917; x_wconf 83' lang='lat' dir='ltr'><strong>conoratoribuS‚</strong></span> <span class='ocrx_word' id='word_1_19' title='bbox 1632 834 1712 900; x_wconf 92' lang='lat' dir='ltr'><strong>ut</strong></span> <span class='ocrx_word' id='word_1_20' title='bbox 1761 848 1978 924; x_wconf 89' lang='lat' dir='ltr'><strong>supra</strong></span> <span class='ocrx_word' id='word_1_21' title='bbox 2022 832 2349 899; x_wconf 88' lang='lat' dir='ltr'><strong>notatum</strong></span> <span class='ocrx_word' id='word_1_22' title='bbox 2398 832 2531 915; x_wconf 89' lang='lat' dir='ltr'><strong>est,</strong></span> <span class='ocrx_word' id='word_1_23' title='bbox 2578 828 2847 901; x_wconf 80' lang='lat' dir='ltr'><strong>Urbem</strong></span> <span class='ocrx_word' id='word_1_24' title='bbox 2890 826 3361 915; x_wconf 89' lang='lat' dir='ltr'><strong>intrantibus,</strong></span> 
     </span>
     <span class='ocr_line' id='line_1_4' title="bbox 687 949 3367 1048; baseline -0 -24"><span class='ocrx_word' id='word_1_25' title='bbox 687 950 1017 1025; x_wconf 87' lang='lat' dir='ltr'><strong>infirmus</strong></span> <span class='ocrx_word' id='word_1_26' title='bbox 1051 949 1228 1047; x_wconf 87' lang='lat' dir='ltr'><strong>erat)</strong></span> <span class='ocrx_word' id='word_1_27' title='bbox 1260 958 1718 1048; x_wconf 88' lang='lat' dir='ltr'><strong>receperunt,</strong></span> <span class='ocrx_word' id='word_1_28' title='bbox 1752 957 1825 1025; x_wconf 93' lang='lat' dir='ltr'><strong>et</strong></span> <span class='ocrx_word' id='word_1_29' title='bbox 1854 949 2105 1025; x_wconf 79' lang='lat' dir='ltr'>ordine</span> <span class='ocrx_word' id='word_1_30' title='bbox 2149 952 2361 1025; x_wconf 90' lang='lat' dir='ltr'><strong>solito</strong></span> <span class='ocrx_word' id='word_1_31' title='bbox 2404 952 2880 1042; x_wconf 80' lang='lat' dir='ltr'><strong>associarunt,</strong></span> <span class='ocrx_word' id='word_1_32' title='bbox 2918 958 2993 1023; x_wconf 89' lang='lat' dir='ltr'><strong>et</strong></span> <span class='ocrx_word' id='word_1_33' title='bbox 3027 952 3129 1025; x_wconf 87' lang='lat' dir='ltr'><strong>ita</strong></span> <span class='ocrx_word' id='word_1_34' title='bbox 3158 950 3367 1023; x_wconf 90' lang='lat' dir='ltr'><strong>ordi-</strong></span> 
     </span>
     <span class='ocr_line' id='line_1_5' title="bbox 687 1075 3369 1172; baseline 0 -23"><span class='ocrx_word' id='word_1_35' title='bbox 687 1082 934 1151; x_wconf 89' lang='lat' dir='ltr'><strong>natum</strong></span> <span class='ocrx_word' id='word_1_36' title='bbox 973 1099 1104 1172; x_wconf 92' lang='lat' dir='ltr'><strong>per</strong></span> <span class='ocrx_word' id='word_1_37' title='bbox 1145 1098 1278 1148; x_wconf 91' lang='lat' dir='ltr'><strong>nos</strong></span> <span class='ocrx_word' id='word_1_38' title='bbox 1328 1076 1455 1149; x_wconf 79' lang='lat' dir='ltr'><strong>fuit</strong></span> <span class='ocrx_word' id='word_1_39' title='bbox 1496 1076 1690 1171; x_wconf 93' lang='lat' dir='ltr'><strong>quod</strong></span> <span class='ocrx_word' id='word_1_40' title='bbox 1730 1076 2004 1151; x_wconf 87' lang='lat' dir='ltr'><strong>familia</strong></span> <span class='ocrx_word' id='word_1_41' title='bbox 2040 1076 2401 1150; x_wconf 88' lang='lat' dir='ltr'><strong>dictorum</strong></span> <span class='ocrx_word' id='word_1_42' title='bbox 2444 1082 2531 1151; x_wconf 91' lang='lat' dir='ltr'><strong>D.</strong></span> <span class='ocrx_word' id='word_1_43' title='bbox 2576 1075 2920 1149; x_wconf 90' lang='lat' dir='ltr'><strong>Friderici</strong></span> <span class='ocrx_word' id='word_1_44' title='bbox 2950 1081 3025 1156; x_wconf 85' lang='lat' dir='ltr'><strong>et</strong></span> <span class='ocrx_word' id='word_1_45' title='bbox 3054 1098 3369 1149; x_wconf 86' lang='lat' dir='ltr'><strong>conora-</strong></span> 
     </span>
     <span class='ocr_line' id='line_1_6' title="bbox 685 1200 3363 1299; baseline 0 -24"><span class='ocrx_word' id='word_1_46' title='bbox 685 1209 924 1277; x_wconf 89' lang='lat' dir='ltr'><strong>torum</strong></span> <span class='ocrx_word' id='word_1_47' title='bbox 955 1224 1278 1292; x_wconf 87' lang='lat' dir='ltr'><strong>suorum,</strong></span> <span class='ocrx_word' id='word_1_48' title='bbox 1315 1207 1478 1299; x_wconf 88' lang='lat' dir='ltr'><strong>post</strong></span> <span class='ocrx_word' id='word_1_49' title='bbox 1509 1201 1943 1277; x_wconf 78' lang='lat' dir='ltr'><strong>descensum</strong></span> <span class='ocrx_word' id='word_1_50' title='bbox 1976 1224 2065 1275; x_wconf 83' lang='lat' dir='ltr'><strong>ex</strong></span> <span class='ocrx_word' id='word_1_51' title='bbox 2106 1202 2339 1297; x_wconf 90' lang='lat' dir='ltr'><strong>equis,</strong></span> <span class='ocrx_word' id='word_1_52' title='bbox 2382 1202 2471 1274; x_wconf 90' lang='lat' dir='ltr'><strong>ad</strong></span> <span class='ocrx_word' id='word_1_53' title='bbox 2508 1200 2873 1299; x_wconf 85' lang='lat' dir='ltr'><strong>pontificis</strong></span> <span class='ocrx_word' id='word_1_54' title='bbox 2912 1203 3363 1297; x_wconf 76' lang='lat' dir='ltr'><strong>presentiam</strong></span> 
     </span>
     <span class='ocr_line' id='line_1_7' title="bbox 685 1325 3367 1425; baseline -0 -23"><span class='ocrx_word' id='word_1_55' title='bbox 685 1328 955 1425; x_wconf 82' lang='lat' dir='ltr'><strong>absque</strong></span> <span class='ocrx_word' id='word_1_56' title='bbox 1011 1352 1218 1403; x_wconf 89' lang='lat' dir='ltr'><strong>mora</strong></span> <span class='ocrx_word' id='word_1_57' title='bbox 1264 1328 1504 1424; x_wconf 83' lang='lat' dir='ltr'><strong>aliqua</strong></span> <span class='ocrx_word' id='word_1_58' title='bbox 1559 1327 2029 1417; x_wconf 80' lang='lat' dir='ltr'><strong>ascenderet3</strong></span> <span class='ocrx_word' id='word_1_59' title='bbox 2084 1335 2157 1402; x_wconf 90' lang='lat' dir='ltr'><strong>et</strong></span> <span class='ocrx_word' id='word_1_60' title='bbox 2210 1334 2375 1424; x_wconf 91' lang='lat' dir='ltr'><strong>post</strong></span> <span class='ocrx_word' id='word_1_61' title='bbox 2434 1350 2599 1401; x_wconf 89' lang='lat' dir='ltr'><strong>eam</strong></span> <span class='ocrx_word' id='word_1_62' title='bbox 2659 1330 2747 1399; x_wconf 89' lang='lat' dir='ltr'><strong>D.</strong></span> <span class='ocrx_word' id='word_1_63' title='bbox 2808 1325 3234 1400; x_wconf 89' lang='lat' dir='ltr'><strong>Franciscus</strong></span> <span class='ocrx_word' id='word_1_64' title='bbox 3290 1336 3367 1401; x_wconf 91' lang='lat' dir='ltr'><strong>et</strong></span> 
     </span>
     <span class='ocr_line' id='line_1_8' title="bbox 689 1450 3359 1551; baseline -0.001 -24"><span class='ocrx_word' id='word_1_65' title='bbox 689 1460 1014 1527; x_wconf 90' lang='lat' dir='ltr'><strong>oratores</strong></span> <span class='ocrx_word' id='word_1_66' title='bbox 1058 1452 1391 1551; x_wconf 74' lang='lat' dir='ltr'><strong>predicti,</strong></span> <span class='ocrx_word' id='word_1_67' title='bbox 1435 1452 1792 1525; x_wconf 87' lang='lat' dir='ltr'><strong>Ascanius</strong></span> <span class='ocrx_word' id='word_1_68' title='bbox 1828 1458 1899 1524; x_wconf 92' lang='lat' dir='ltr'><strong>et</strong></span> <span class='ocrx_word' id='word_1_69' title='bbox 1948 1453 2174 1525; x_wconf 88' lang='lat' dir='ltr'><strong>sancti</strong></span> <span class='ocrx_word' id='word_1_70' title='bbox 2222 1453 2545 1526; x_wconf 85' lang='lat' dir='ltr'><strong>Severini</strong></span> <span class='ocrx_word' id='word_1_71' title='bbox 2602 1450 3008 1524; x_wconf 76' lang='lat' dir='ltr'><strong>cardinales</strong></span> <span class='ocrx_word' id='word_1_72' title='bbox 3054 1474 3221 1523; x_wconf 90' lang='lat' dir='ltr'><strong>cum</strong></span> <span class='ocrx_word' id='word_1_73' title='bbox 3264 1457 3359 1525; x_wconf 92' lang='lat' dir='ltr'><strong>D.</strong></span> 
     </span>
     <span class='ocr_line' id='line_1_9' title="bbox 689 1575 3367 1674; baseline -0.001 -22"><span class='ocrx_word' id='word_1_74' title='bbox 689 1578 1053 1652; x_wconf 87' lang='lat' dir='ltr'><strong>Friderico</strong></span> <span class='ocrx_word' id='word_1_75' title='bbox 1103 1578 1366 1652; x_wconf 91' lang='lat' dir='ltr'><strong>solium</strong></span> <span class='ocrx_word' id='word_1_76' title='bbox 1425 1580 1616 1674; x_wconf 90' lang='lat' dir='ltr'><strong>Pape</strong></span> <span class='ocrx_word' id='word_1_77' title='bbox 1679 1575 2183 1668; x_wconf 81' lang='lat' dir='ltr'><strong>ascenderent,</strong></span> <span class='ocrx_word' id='word_1_78' title='bbox 2238 1578 2551 1651; x_wconf 85' lang='lat' dir='ltr'><strong>Ascanio</strong></span> <span class='ocrx_word' id='word_1_79' title='bbox 2606 1575 2869 1672; x_wconf 87' lang='lat' dir='ltr'><strong>ubique</strong></span> <span class='ocrx_word' id='word_1_80' title='bbox 2916 1575 3367 1672; x_wconf 76' lang='lat' dir='ltr'><strong>precedente</strong></span> 
     </span>
     <span class='ocr_line' id='line_1_10' title="bbox 689 1700 2227 1796; baseline -0.003 -20"><span class='ocrx_word' id='word_1_81' title='bbox 689 1710 846 1776; x_wconf 88' lang='lat' dir='ltr'><strong>ets.</strong></span> <span class='ocrx_word' id='word_1_82' title='bbox 885 1702 1202 1777; x_wconf 83' lang='lat' dir='ltr'><strong>Severini</strong></span> <span class='ocrx_word' id='word_1_83' title='bbox 1237 1706 1321 1775; x_wconf 92' lang='lat' dir='ltr'><strong>D.</strong></span> <span class='ocrx_word' id='word_1_84' title='bbox 1355 1700 1806 1774; x_wconf 89' lang='lat' dir='ltr'><strong>Fridericum</strong></span> <span class='ocrx_word' id='word_1_85' title='bbox 1852 1706 2227 1796; x_wconf 86' lang='lat' dir='ltr'><strong>sequente.</strong></span> 
     </span>
    </p>

    <p class='ocr_par' dir='ltr' id='par_1_3' title="bbox 687 1824 3365 2921">
     <span class='ocr_line' id='line_1_11' title="bbox 790 1824 3365 1924; baseline -0 -24"><span class='ocrx_word' id='word_1_86' title='bbox 790 1832 1147 1924; x_wconf 83' lang='lat' dir='ltr'><strong>Receptus</strong></span> <span class='ocrx_word' id='word_1_87' title='bbox 1187 1827 1319 1900; x_wconf 84' lang='lat' dir='ltr'><strong>suit</strong></span> <span class='ocrx_word' id='word_1_88' title='bbox 1361 1826 1698 1924; x_wconf 90' lang='lat' dir='ltr'><strong>princeps</strong></span> <span class='ocrx_word' id='word_1_89' title='bbox 1741 1825 2007 1923; x_wconf 90' lang='lat' dir='ltr'><strong>primo,</strong></span> <span class='ocrx_word' id='word_1_90' title='bbox 2054 1824 2317 1899; x_wconf 91' lang='lat' dir='ltr'><strong>deinde</strong></span> <span class='ocrx_word' id='word_1_91' title='bbox 2366 1825 2485 1898; x_wconf 89' lang='lat' dir='ltr'><strong>alii</strong></span> <span class='ocrx_word' id='word_1_92' title='bbox 2531 1830 2697 1899; x_wconf 91' lang='lat' dir='ltr'><strong>octo</strong></span> <span class='ocrx_word' id='word_1_93' title='bbox 2738 1831 3207 1899; x_wconf 89' lang='lat' dir='ltr'><strong>conoratores</strong></span> <span class='ocrx_word' id='word_1_94' title='bbox 3246 1828 3365 1899; x_wconf 90' lang='lat' dir='ltr'><strong>sui</strong></span> 
     </span>
     <span class='ocr_line' id='line_1_12' title="bbox 687 1948 3365 2050; baseline -0 -26"><span class='ocrx_word' id='word_1_95' title='bbox 687 1956 851 2050; x_wconf 89' lang='lat' dir='ltr'><strong>post</strong></span> <span class='ocrx_word' id='word_1_96' title='bbox 879 1973 1048 2024; x_wconf 91' lang='lat' dir='ltr'><strong>eum</strong></span> <span class='ocrx_word' id='word_1_97' title='bbox 1079 1950 1170 2023; x_wconf 88' lang='lat' dir='ltr'><strong>ad</strong></span> <span class='ocrx_word' id='word_1_98' title='bbox 1197 1950 1432 2046; x_wconf 77' lang='lat' dir='ltr'><strong>pediS,</strong></span> <span class='ocrx_word' id='word_1_99' title='bbox 1467 1972 1725 2023; x_wconf 90' lang='lat' dir='ltr'><strong>manus</strong></span> <span class='ocrx_word' id='word_1_100' title='bbox 1753 1955 1823 2022; x_wconf 87' lang='lat' dir='ltr'><strong>et</strong></span> <span class='ocrx_word' id='word_1_101' title='bbox 1864 1950 2007 2023; x_wconf 90' lang='lat' dir='ltr'><strong>oris</strong></span> <span class='ocrx_word' id='word_1_102' title='bbox 2048 1954 2239 2047; x_wconf 88' lang='lat' dir='ltr'><strong>Pape</strong></span> <span class='ocrx_word' id='word_1_103' title='bbox 2284 1949 2642 2039; x_wconf 90' lang='lat' dir='ltr'><strong>osculum,</strong></span> <span class='ocrx_word' id='word_1_104' title='bbox 2690 1970 2895 2021; x_wconf 91' lang='lat' dir='ltr'><strong>more</strong></span> <span class='ocrx_word' id='word_1_105' title='bbox 2926 1948 3165 2023; x_wconf 91' lang='lat' dir='ltr'><strong>solito.</strong></span> <span class='ocrx_word' id='word_1_106' title='bbox 3198 1953 3365 2035; x_wconf 86' lang='lat' dir='ltr'><strong>Quo</strong></span> 
     </span>
     <span class='ocr_line' id='line_1_13' title="bbox 689 2072 3363 2171; baseline -0.001 -21"><span class='ocrx_word' id='word_1_107' title='bbox 689 2078 905 2165; x_wconf 87' lang='lat' dir='ltr'><strong>facto,</strong></span> <span class='ocrx_word' id='word_1_108' title='bbox 950 2074 1104 2171; x_wconf 89' lang='lat' dir='ltr'><strong>ipse</strong></span> <span class='ocrx_word' id='word_1_109' title='bbox 1151 2074 1489 2171; x_wconf 87' lang='lat' dir='ltr'><strong>princeps</strong></span> <span class='ocrx_word' id='word_1_110' title='bbox 1533 2074 1780 2147; x_wconf 83' lang='lat' dir='ltr'><strong>literas</strong></span> <span class='ocrx_word' id='word_1_111' title='bbox 1831 2075 2182 2171; x_wconf 86' lang='lat' dir='ltr'><strong>genitoris</strong></span> <span class='ocrx_word' id='word_1_112' title='bbox 2233 2076 2343 2147; x_wconf 92' lang='lat' dir='ltr'><strong>sui</strong></span> <span class='ocrx_word' id='word_1_113' title='bbox 2400 2072 3092 2171; x_wconf 84' lang='lat' dir='ltr'><strong>regis-Neapolitani</strong></span> <span class='ocrx_word' id='word_1_114' title='bbox 3142 2075 3235 2148; x_wconf 90' lang='lat' dir='ltr'><strong>ad</strong></span> <span class='ocrx_word' id='word_1_115' title='bbox 3284 2074 3363 2147; x_wconf 93' lang='lat' dir='ltr'><strong>id</strong></span> 
     </span>
     <span class='ocr_line' id='line_1_14' title="bbox 691 2194 3361 2296; baseline -0.002 -20"><span class='ocrx_word' id='word_1_116' title='bbox 691 2202 1058 2275; x_wconf 87' lang='lat' dir='ltr'><strong>consectas</strong></span> <span class='ocrx_word' id='word_1_117' title='bbox 1104 2198 1428 2296; x_wconf 85' lang='lat' dir='ltr'><strong>pontifici</strong></span> <span class='ocrx_word' id='word_1_118' title='bbox 1468 2201 1931 2295; x_wconf 76' lang='lat' dir='ltr'><strong>presentavit,</strong></span> <span class='ocrx_word' id='word_1_119' title='bbox 1982 2222 2319 2274; x_wconf 89' lang='lat' dir='ltr'><strong>asserens</strong></span> <span class='ocrx_word' id='word_1_120' title='bbox 2360 2194 2905 2275; x_wconf 85' lang='lat' dir='ltr'><strong>serenissimum</strong></span> <span class='ocrx_word' id='word_1_121' title='bbox 2944 2198 3361 2294; x_wconf 83' lang='lat' dir='ltr'><strong>genitorem</strong></span> 
     </span>
     <span class='ocr_line' id='line_1_15' title="bbox 693 2322 3361 2423; baseline -0.001 -22"><span class='ocrx_word' id='word_1_122' title='bbox 693 2352 902 2401; x_wconf 90' lang='lat' dir='ltr'><strong>suum</strong></span> <span class='ocrx_word' id='word_1_123' title='bbox 942 2324 1492 2423; x_wconf 89' lang='lat' dir='ltr'><strong>Neapolitanum</strong></span> <span class='ocrx_word' id='word_1_124' title='bbox 1531 2348 1784 2422; x_wconf 83' lang='lat' dir='ltr'><strong>regem</strong></span> <span class='ocrx_word' id='word_1_125' title='bbox 1827 2348 1905 2398; x_wconf 90' lang='lat' dir='ltr'><strong>se</strong></span> <span class='ocrx_word' id='word_1_126' title='bbox 1952 2324 2389 2398; x_wconf 88' lang='lat' dir='ltr'><strong>beatissimis</strong></span> <span class='ocrx_word' id='word_1_127' title='bbox 2428 2322 2737 2421; x_wconf 90' lang='lat' dir='ltr'><strong>pedibus</strong></span> <span class='ocrx_word' id='word_1_128' title='bbox 2774 2324 3186 2398; x_wconf 78' lang='lat' dir='ltr'><strong>sanctitatis</strong></span> <span class='ocrx_word' id='word_1_129' title='bbox 3224 2347 3361 2398; x_wconf 88' lang='lat' dir='ltr'><strong>sue</strong></span> 
     </span>
     <span class='ocr_line' id='line_1_16' title="bbox 691 2448 3361 2538; baseline -0.002 -12"><span class='ocrx_word' id='word_1_130' title='bbox 691 2453 1062 2527; x_wconf 88' lang='lat' dir='ltr'><strong>humiliter</strong></span> <span class='ocrx_word' id='word_1_131' title='bbox 1121 2450 1662 2525; x_wconf 89' lang='lat' dir='ltr'><strong>commendare.</strong></span> <span class='ocrx_word' id='word_1_132' title='bbox 1735 2454 1918 2523; x_wconf 90' lang='lat' dir='ltr'><strong>Tum</strong></span> <span class='ocrx_word' id='word_1_133' title='bbox 1972 2450 2065 2522; x_wconf 89' lang='lat' dir='ltr'><strong>ad</strong></span> <span class='ocrx_word' id='word_1_134' title='bbox 2120 2449 2361 2523; x_wconf 92' lang='lat' dir='ltr'><strong>locum</strong></span> <span class='ocrx_word' id='word_1_135' title='bbox 2428 2448 2720 2521; x_wconf 88' lang='lat' dir='ltr'><strong>solitum</strong></span> <span class='ocrx_word' id='word_1_136' title='bbox 2778 2448 3083 2538; x_wconf 84' lang='lat' dir='ltr'><strong>iverunt,</strong></span> <span class='ocrx_word' id='word_1_137' title='bbox 3145 2450 3361 2522; x_wconf 86' lang='lat' dir='ltr'><strong>dictis</strong></span> 
     </span>
     <span class='ocr_line' id='line_1_17' title="bbox 693 2574 3363 2672; baseline -0.002 -19"><span class='ocrx_word' id='word_1_138' title='bbox 693 2578 976 2653; x_wconf 88' lang='lat' dir='ltr'><strong>duobus</strong></span> <span class='ocrx_word' id='word_1_139' title='bbox 1017 2576 1494 2650; x_wconf 82' lang='lat' dir='ltr'><strong>cardinalibus</strong></span> <span class='ocrx_word' id='word_1_140' title='bbox 1533 2576 1937 2672; x_wconf 89' lang='lat' dir='ltr'><strong>principem</strong></span> <span class='ocrx_word' id='word_1_141' title='bbox 1991 2598 2219 2671; x_wconf 90' lang='lat' dir='ltr'><strong>usque</strong></span> <span class='ocrx_word' id='word_1_142' title='bbox 2258 2574 2351 2648; x_wconf 87' lang='lat' dir='ltr'><strong>ad</strong></span> <span class='ocrx_word' id='word_1_143' title='bbox 2393 2574 2643 2667; x_wconf 88' lang='lat' dir='ltr'><strong>finem,</strong></span> <span class='ocrx_word' id='word_1_144' title='bbox 2688 2598 2836 2647; x_wconf 90' lang='lat' dir='ltr'><strong>non</strong></span> <span class='ocrx_word' id='word_1_145' title='bbox 2880 2581 3123 2647; x_wconf 88' lang='lat' dir='ltr'><strong>tamen</strong></span> <span class='ocrx_word' id='word_1_146' title='bbox 3156 2582 3363 2649; x_wconf 86' lang='lat' dir='ltr'><strong>extra</strong></span> 
     </span>
     <span class='ocr_line' id='line_1_18' title="bbox 695 2698 3360 2788; baseline -0.001 -13"><span class='ocrx_word' id='word_1_147' title='bbox 695 2702 1016 2777; x_wconf 85' lang='lat' dir='ltr'><strong>banchus</strong></span> <span class='ocrx_word' id='word_1_148' title='bbox 1065 2700 1538 2775; x_wconf 87' lang='lat' dir='ltr'><strong>cardinalium</strong></span> <span class='ocrx_word' id='word_1_149' title='bbox 1605 2698 2173 2788; x_wconf 89' lang='lat' dir='ltr'><strong>associantibus;</strong></span> <span class='ocrx_word' id='word_1_150' title='bbox 2228 2704 2315 2773; x_wconf 90' lang='lat' dir='ltr'><strong>D.</strong></span> <span class='ocrx_word' id='word_1_151' title='bbox 2376 2698 2638 2772; x_wconf 89' lang='lat' dir='ltr'><strong>Paulus</strong></span> <span class='ocrx_word' id='word_1_152' title='bbox 2696 2699 2787 2773; x_wconf 90' lang='lat' dir='ltr'><strong>de</strong></span> <span class='ocrx_word' id='word_1_153' title='bbox 2837 2700 3103 2773; x_wconf 88' lang='lat' dir='ltr'><strong>Planca</strong></span> <span class='ocrx_word' id='word_1_154' title='bbox 3150 2719 3360 2773; x_wconf 86' lang='lat' dir='ltr'><strong>suam</strong></span> 
     </span>
     <span class='ocr_line' id='line_1_19' title="bbox 695 2822 2784 2921; baseline -0.003 -19"><span class='ocrx_word' id='word_1_155' title='bbox 695 2825 1288 2902; x_wconf 87' lang='lat' dir='ltr'><strong>commissionem</strong></span> <span class='ocrx_word' id='word_1_156' title='bbox 1320 2826 1582 2900; x_wconf 87' lang='lat' dir='ltr'><strong>iterum</strong></span> <span class='ocrx_word' id='word_1_157' title='bbox 1614 2823 1973 2898; x_wconf 89' lang='lat' dir='ltr'><strong>conclusit</strong></span> <span class='ocrx_word' id='word_1_158' title='bbox 2001 2849 2017 2912; x_wconf 91' lang='lat'>;</span> <span class='ocrx_word' id='word_1_159' title='bbox 2052 2832 2125 2897; x_wconf 87' lang='lat' dir='ltr'><strong>et</strong></span> <span class='ocrx_word' id='word_1_160' title='bbox 2166 2828 2359 2921; x_wconf 89' lang='lat' dir='ltr'><strong>Papa</strong></span> <span class='ocrx_word' id='word_1_161' title='bbox 2388 2822 2784 2921; x_wconf 87' lang='lat' dir='ltr'><strong>respondit.</strong></span> 
     </span>
    </p>

    <p class='ocr_par' dir='ltr' id='par_1_4' title="bbox 693 2949 3363 4296">
     <span class='ocr_line' id='line_1_20' title="bbox 794 2949 3363 3049; baseline -0.001 -23"><span class='ocrx_word' id='word_1_162' title='bbox 794 2957 1115 3026; x_wconf 88' lang='lat' dir='ltr'><strong>Fuerunt</strong></span> <span class='ocrx_word' id='word_1_163' title='bbox 1159 2949 1422 3024; x_wconf 90' lang='lat' dir='ltr'><strong>deinde</strong></span> <span class='ocrx_word' id='word_1_164' title='bbox 1486 2972 1618 3048; x_wconf 91' lang='lat' dir='ltr'><strong>per</strong></span> <span class='ocrx_word' id='word_1_165' title='bbox 1677 2950 2101 3048; x_wconf 89' lang='lat' dir='ltr'><strong>episcopum</strong></span> <span class='ocrx_word' id='word_1_166' title='bbox 2155 2952 2787 3046; x_wconf 74' lang='lat' dir='ltr'><strong>caputaquensem</strong></span> <span class='ocrx_word' id='word_1_167' title='bbox 2838 2950 3027 3027; x_wconf 89' lang='lat' dir='ltr'><strong>lecte</strong></span> <span class='ocrx_word' id='word_1_168' title='bbox 3074 2950 3363 3049; x_wconf 87' lang='lat' dir='ltr'><strong>regales</strong></span> 
     </span>
     <span class='ocr_line' id='line_1_21' title="bbox 693 3074 3363 3172; baseline -0.001 -20"><span class='ocrx_word' id='word_1_169' title='bbox 693 3078 929 3167; x_wconf 89' lang='lat' dir='ltr'><strong>litere,</strong></span> <span class='ocrx_word' id='word_1_170' title='bbox 965 3075 1422 3152; x_wconf 85' lang='lat' dir='ltr'><strong>continentes</strong></span> <span class='ocrx_word' id='word_1_171' title='bbox 1455 3074 1692 3171; x_wconf 91' lang='lat' dir='ltr'><strong>ipsum</strong></span> <span class='ocrx_word' id='word_1_172' title='bbox 1722 3097 1976 3172; x_wconf 84' lang='lat' dir='ltr'><strong>regem</strong></span> <span class='ocrx_word' id='word_1_173' title='bbox 2015 3074 2469 3148; x_wconf 88' lang='lat' dir='ltr'><strong>carissimum</strong></span> <span class='ocrx_word' id='word_1_174' title='bbox 2507 3074 2737 3147; x_wconf 85' lang='lat' dir='ltr'><strong>filium</strong></span> <span class='ocrx_word' id='word_1_175' title='bbox 2776 3100 2989 3149; x_wconf 91' lang='lat' dir='ltr'><strong>suum</strong></span> <span class='ocrx_word' id='word_1_176' title='bbox 3024 3075 3363 3150; x_wconf 85' lang='lat' dir='ltr'><strong>illustris·—</strong></span> 
     </span>
     <span class='ocr_line' id='line_1_22' title="bbox 695 3198 3363 3299; baseline -0 -23"><span class='ocrx_word' id='word_1_177' title='bbox 695 3202 960 3277; x_wconf 89' lang='lat' dir='ltr'><strong>simum</strong></span> <span class='ocrx_word' id='word_1_178' title='bbox 1013 3201 1274 3275; x_wconf 87' lang='lat' dir='ltr'><strong>ducem</strong></span> <span class='ocrx_word' id='word_1_179' title='bbox 1325 3198 1837 3290; x_wconf 87' lang='lat' dir='ltr'><strong>Andriensem,</strong></span> <span class='ocrx_word' id='word_1_180' title='bbox 1892 3199 2296 3296; x_wconf 86' lang='lat' dir='ltr'><strong>principem</strong></span> <span class='ocrx_word' id='word_1_181' title='bbox 2344 3198 2711 3273; x_wconf 81' lang='lat' dir='ltr'><strong>Altamure</strong></span> <span class='ocrx_word' id='word_1_182' title='bbox 2761 3207 2835 3273; x_wconf 91' lang='lat' dir='ltr'><strong>et</strong></span> <span class='ocrx_word' id='word_1_183' title='bbox 2880 3202 3085 3299; x_wconf 83' lang='lat' dir='ltr'><strong>regni</strong></span> <span class='ocrx_word' id='word_1_184' title='bbox 3126 3201 3363 3275; x_wconf 84' lang='lat' dir='ltr'><strong>admi-</strong></span> 
     </span>
     <span class='ocr_line' id='line_1_23' title="bbox 695 3323 3361 3419; baseline -0.001 -19"><span class='ocrx_word' id='word_1_185' title='bbox 695 3327 1006 3412; x_wconf 91' lang='lat' dir='ltr'><strong>raldum,</strong></span> <span class='ocrx_word' id='word_1_186' title='bbox 1058 3348 1222 3398; x_wconf 92' lang='lat' dir='ltr'><strong>cum</strong></span> <span class='ocrx_word' id='word_1_187' title='bbox 1268 3323 1425 3398; x_wconf 87' lang='lat' dir='ltr'><strong>aliis</strong></span> <span class='ocrx_word' id='word_1_188' title='bbox 1477 3324 2028 3397; x_wconf 89' lang='lat' dir='ltr'><strong>conoratoribus</strong></span> <span class='ocrx_word' id='word_1_189' title='bbox 2078 3324 2252 3412; x_wconf 79' lang='lat' dir='ltr'><strong>suiS,</strong></span> <span class='ocrx_word' id='word_1_190' title='bbox 2306 3323 2581 3419; x_wconf 86' lang='lat' dir='ltr'><strong>absque</strong></span> <span class='ocrx_word' id='word_1_191' title='bbox 2636 3324 2929 3398; x_wconf 88' lang='lat' dir='ltr'><strong>illorum</strong></span> <span class='ocrx_word' id='word_1_192' title='bbox 2984 3327 3361 3399; x_wconf 88' lang='lat' dir='ltr'><strong>nominum</strong></span> 
     </span>
     <span class='ocr_line' id='line_1_24' title="bbox 699 3448 3361 3548; baseline -0.001 -22"><span class='ocrx_word' id='word_1_193' title='bbox 699 3450 1192 3548; x_wconf 84' lang='lat' dir='ltr'><strong>expressione,</strong></span> <span class='ocrx_word' id='word_1_194' title='bbox 1245 3449 1533 3522; x_wconf 88' lang='lat' dir='ltr'><strong>mittere</strong></span> <span class='ocrx_word' id='word_1_195' title='bbox 1594 3470 1726 3545; x_wconf 91' lang='lat' dir='ltr'><strong>pro</strong></span> <span class='ocrx_word' id='word_1_196' title='bbox 1793 3448 2211 3523; x_wconf 88' lang='lat' dir='ltr'><strong>ohedientia</strong></span> <span class='ocrx_word' id='word_1_197' title='bbox 2272 3449 2689 3546; x_wconf 89' lang='lat' dir='ltr'><strong>prestanda.</strong></span> <span class='ocrx_word' id='word_1_198' title='bbox 2746 3454 2824 3523; x_wconf 86' lang='lat' dir='ltr'><strong>R.</strong></span> <span class='ocrx_word' id='word_1_199' title='bbox 2884 3455 2961 3525; x_wconf 91' lang='lat' dir='ltr'><strong>P.</strong></span> <span class='ocrx_word' id='word_1_200' title='bbox 3007 3453 3093 3522; x_wconf 93' lang='lat' dir='ltr'><strong>D.</strong></span> <span class='ocrx_word' id='word_1_201' title='bbox 3162 3454 3361 3524; x_wconf 87' lang='lat' dir='ltr'><strong>Zeno</strong></span> 
     </span>
     <span class='ocr_line' id='line_1_25' title="bbox 700 3571 3359 3673; baseline 0 -25"><span class='ocrx_word' id='word_1_202' title='bbox 700 3576 1083 3672; x_wconf 90' lang='lat' dir='ltr'><strong>episcopus</strong></span> <span class='ocrx_word' id='word_1_203' title='bbox 1110 3574 1340 3647; x_wconf 89' lang='lat' dir='ltr'><strong>sancti</strong></span> <span class='ocrx_word' id='word_1_204' title='bbox 1361 3572 1583 3647; x_wconf 90' lang='lat' dir='ltr'><strong>Marci</strong></span> <span class='ocrx_word' id='word_1_205' title='bbox 1610 3571 1780 3647; x_wconf 89' lang='lat' dir='ltr'><strong>fecit</strong></span> <span class='ocrx_word' id='word_1_206' title='bbox 1813 3575 2247 3649; x_wconf 83' lang='lat' dir='ltr'><strong>orationem.</strong></span> <span class='ocrx_word' id='word_1_207' title='bbox 2274 3574 2511 3647; x_wconf 89' lang='lat' dir='ltr'><strong>Finito</strong></span> <span class='ocrx_word' id='word_1_208' title='bbox 2534 3576 2991 3665; x_wconf 90' lang='lat' dir='ltr'><strong>consistorio,</strong></span> <span class='ocrx_word' id='word_1_209' title='bbox 3020 3576 3359 3673; x_wconf 85' lang='lat' dir='ltr'><strong>princeps</strong></span> 
     </span>
     <span class='ocr_line' id='line_1_26' title="bbox 697 3698 3361 3797; baseline 0 -24"><span class='ocrx_word' id='word_1_210' title='bbox 697 3699 999 3797; x_wconf 85' lang='lat' dir='ltr'><strong>portavit</strong></span> <span class='ocrx_word' id='word_1_211' title='bbox 1028 3699 1346 3773; x_wconf 83' lang='lat' dir='ltr'><strong>fimbrias</strong></span> <span class='ocrx_word' id='word_1_212' title='bbox 1377 3699 1818 3797; x_wconf 88' lang='lat' dir='ltr'><strong>posteriores</strong></span> <span class='ocrx_word' id='word_1_213' title='bbox 1850 3698 2178 3796; x_wconf 88' lang='lat' dir='ltr'><strong>pluvialis</strong></span> <span class='ocrx_word' id='word_1_214' title='bbox 2218 3704 2436 3797; x_wconf 85' lang='lat' dir='ltr'><strong>Pape‚</strong></span> <span class='ocrx_word' id='word_1_215' title='bbox 2474 3701 2729 3778; x_wconf 87' lang='lat' dir='ltr'><strong>RRmi.</strong></span> <span class='ocrx_word' id='word_1_216' title='bbox 2772 3706 2923 3776; x_wconf 93' lang='lat' dir='ltr'><strong>DD.</strong></span> <span class='ocrx_word' id='word_1_217' title='bbox 2959 3700 3361 3776; x_wconf 87' lang='lat' dir='ltr'><strong>cardinales</strong></span> 
     </span>
     <span class='ocr_line' id='line_1_27' title="bbox 698 3823 3361 3901; baseline -0 -2"><span class='ocrx_word' id='word_1_218' title='bbox 698 3826 1044 3900; x_wconf 90' lang='lat' dir='ltr'><strong>Senensis</strong></span> <span class='ocrx_word' id='word_1_219' title='bbox 1107 3847 1190 3898; x_wconf 89' lang='lat' dir='ltr'><strong>ac</strong></span> <span class='ocrx_word' id='word_1_220' title='bbox 1252 3823 1693 3899; x_wconf 89' lang='lat' dir='ltr'><strong>camerarius</strong></span> <span class='ocrx_word' id='word_1_221' title='bbox 1755 3824 2176 3898; x_wconf 87' lang='lat' dir='ltr'><strong>assistentes</strong></span> <span class='ocrx_word' id='word_1_222' title='bbox 2230 3825 2514 3899; x_wconf 91' lang='lat' dir='ltr'><strong>diaconi</strong></span> <span class='ocrx_word' id='word_1_223' title='bbox 2580 3826 2923 3901; x_wconf 89' lang='lat' dir='ltr'><strong>continuo</strong></span> <span class='ocrx_word' id='word_1_224' title='bbox 2985 3827 3361 3900; x_wconf 89' lang='lat' dir='ltr'><strong>astiterunt</strong></span> 
     </span>
     <span class='ocr_line' id='line_1_28' title="bbox 703 3948 3362 4048; baseline 0 -25"><span class='ocrx_word' id='word_1_225' title='bbox 703 3954 922 4048; x_wconf 91' lang='lat' dir='ltr'><strong>Pape‚</strong></span> <span class='ocrx_word' id='word_1_226' title='bbox 953 3955 1222 4023; x_wconf 87' lang='lat' dir='ltr'><strong>stantes</strong></span> <span class='ocrx_word' id='word_1_227' title='bbox 1249 3972 1624 4046; x_wconf 89' lang='lat' dir='ltr'><strong>quousque</strong></span> <span class='ocrx_word' id='word_1_228' title='bbox 1646 3948 1985 4046; x_wconf 89' lang='lat' dir='ltr'><strong>princeps</strong></span> <span class='ocrx_word' id='word_1_229' title='bbox 2013 3973 2056 4021; x_wconf 91' lang='lat' dir='ltr'><strong>a</strong></span> <span class='ocrx_word' id='word_1_230' title='bbox 2078 3949 2421 4045; x_wconf 84' lang='lat' dir='ltr'><strong>pontifice</strong></span> <span class='ocrx_word' id='word_1_231' title='bbox 2448 3972 2616 4025; x_wconf 91' lang='lat' dir='ltr'><strong>cum</strong></span> <span class='ocrx_word' id='word_1_232' title='bbox 2643 3951 2793 4024; x_wconf 90' lang='lat' dir='ltr'><strong>suis</strong></span> <span class='ocrx_word' id='word_1_233' title='bbox 2814 3950 3362 4025; x_wconf 87' lang='lat' dir='ltr'><strong>conoratoribus</strong></span> 
     </span>
     <span class='ocr_line' id='line_1_29' title="bbox 705 4072 3357 4173; baseline 0.001 -26"><span class='ocrx_word' id='word_1_234' title='bbox 705 4083 1032 4173; x_wconf 87' lang='lat' dir='ltr'><strong>receptus</strong></span> <span class='ocrx_word' id='word_1_235' title='bbox 1081 4072 1379 4163; x_wconf 82' lang='lat' dir='ltr'><strong>fuisset3</strong></span> <span class='ocrx_word' id='word_1_236' title='bbox 1443 4073 1703 4169; x_wconf 89' lang='lat' dir='ltr'><strong>quibus</strong></span> <span class='ocrx_word' id='word_1_237' title='bbox 1753 4074 2065 4171; x_wconf 90' lang='lat' dir='ltr'><strong>receptis</strong></span> <span class='ocrx_word' id='word_1_238' title='bbox 2128 4074 2467 4149; x_wconf 89' lang='lat' dir='ltr'><strong>sederunt</strong></span> <span class='ocrx_word' id='word_1_239' title='bbox 2516 4075 2589 4147; x_wconf 91' lang='lat' dir='ltr'><strong>in</strong></span> <span class='ocrx_word' id='word_1_240' title='bbox 2639 4075 2923 4149; x_wconf 86' lang='lat' dir='ltr'><strong>baucha</strong></span> <span class='ocrx_word' id='word_1_241' title='bbox 2970 4098 3101 4149; x_wconf 91' lang='lat' dir='ltr'><strong>sua</strong></span> <span class='ocrx_word' id='word_1_242' title='bbox 3154 4098 3357 4149; x_wconf 88' lang='lat' dir='ltr'><strong>more</strong></span> 
     </span>
     <span class='ocr_line' id='line_1_30' title="bbox 705 4198 3361 4296; baseline -0.002 -21"><span class='ocrx_word' id='word_1_243' title='bbox 705 4202 943 4276; x_wconf 89' lang='lat' dir='ltr'><strong>solito.</strong></span> <span class='ocrx_word' id='word_1_244' title='bbox 998 4198 1358 4296; x_wconf 86' lang='lat' dir='ltr'><strong>Depositis</strong></span> <span class='ocrx_word' id='word_1_245' title='bbox 1410 4220 1541 4294; x_wconf 91' lang='lat' dir='ltr'><strong>per</strong></span> <span class='ocrx_word' id='word_1_246' title='bbox 1592 4202 1861 4295; x_wconf 88' lang='lat' dir='ltr'><strong>Papam</strong></span> <span class='ocrx_word' id='word_1_247' title='bbox 1908 4199 2377 4294; x_wconf 81' lang='lat' dir='ltr'><strong>paramentiS,</strong></span> <span class='ocrx_word' id='word_1_248' title='bbox 2412 4201 2765 4273; x_wconf 86' lang='lat' dir='ltr'><strong>Sanctitas</strong></span> <span class='ocrx_word' id='word_1_249' title='bbox 2818 4224 2951 4273; x_wconf 92' lang='lat' dir='ltr'><strong>sua</strong></span> <span class='ocrx_word' id='word_1_250' title='bbox 2996 4198 3361 4274; x_wconf 87' lang='lat' dir='ltr'><strong>commisit</strong></span> 
     </span>
    </p>
   </div>
   <div class='ocr_carea' id='block_1_3' title="bbox 703 4323 3390 4425">
    <p class='ocr_par' dir='ltr' id='par_1_5' title="bbox 703 4323 3390 4425">
     <span class='ocr_line' id='line_1_31' title="bbox 703 4323 3390 4425; baseline -0.001 -24"><span class='ocrx_word' id='word_1_251' title='bbox 703 4327 989 4401; x_wconf 84' lang='lat' dir='ltr'><strong>RRmis.</strong></span> <span class='ocrx_word' id='word_1_252' title='bbox 1021 4329 1175 4399; x_wconf 92' lang='lat' dir='ltr'><strong>DD.</strong></span> <span class='ocrx_word' id='word_1_253' title='bbox 1209 4328 1716 4399; x_wconf 82' lang='lat' dir='ltr'><strong>Beneventano</strong></span> <span class='ocrx_word' id='word_1_254' title='bbox 1753 4330 1826 4397; x_wconf 89' lang='lat' dir='ltr'><strong>et</strong></span> <span class='ocrx_word' id='word_1_255' title='bbox 1866 4323 1955 4397; x_wconf 92' lang='lat' dir='ltr'><strong>de</strong></span> <span class='ocrx_word' id='word_1_256' title='bbox 1994 4325 2343 4399; x_wconf 89' lang='lat' dir='ltr'><strong>Columna</strong></span> <span class='ocrx_word' id='word_1_257' title='bbox 2389 4326 2901 4416; x_wconf 80' lang='lat' dir='ltr'><strong>cardinalibuS‚</strong></span> <span class='ocrx_word' id='word_1_258' title='bbox 2940 4327 3134 4425; x_wconf 90' lang='lat' dir='ltr'><strong>quod</strong></span> <span class='ocrx_word' id='word_1_259' title='bbox 3162 4326 3390 4424; x_wconf 33' lang='lat' dir='ltr'><strong>prin-p</strong></span> 
     </span>
    </p>
   </div>
   <div class='ocr_carea' id='block_1_4' title="bbox 700 4448 3363 5148">
    <p class='ocr_par' dir='ltr' id='par_1_6' title="bbox 700 4448 3363 5148">
     <span class='ocr_line' id='line_1_32' title="bbox 703 4448 3363 4549; baseline -0.002 -21"><span class='ocrx_word' id='word_1_260' title='bbox 703 4453 940 4549; x_wconf 89' lang='lat' dir='ltr'><strong>cipem</strong></span> <span class='ocrx_word' id='word_1_261' title='bbox 971 4451 1162 4524; x_wconf 89' lang='lat' dir='ltr'><strong>inter</strong></span> <span class='ocrx_word' id='word_1_262' title='bbox 1201 4473 1278 4522; x_wconf 90' lang='lat' dir='ltr'><strong>se</strong></span> <span class='ocrx_word' id='word_1_263' title='bbox 1319 4449 1639 4522; x_wconf 90' lang='lat' dir='ltr'><strong>medium</strong></span> <span class='ocrx_word' id='word_1_264' title='bbox 1680 4471 1910 4544; x_wconf 92' lang='lat' dir='ltr'><strong>usque</strong></span> <span class='ocrx_word' id='word_1_265' title='bbox 1949 4448 2041 4523; x_wconf 87' lang='lat' dir='ltr'><strong>ad</strong></span> <span class='ocrx_word' id='word_1_266' title='bbox 2077 4449 2493 4545; x_wconf 88' lang='lat' dir='ltr'><strong>Apostolos,</strong></span> <span class='ocrx_word' id='word_1_267' title='bbox 2529 4474 2730 4526; x_wconf 91' lang='lat' dir='ltr'><strong>more</strong></span> <span class='ocrx_word' id='word_1_268' title='bbox 2772 4452 3013 4544; x_wconf 92' lang='lat' dir='ltr'><strong>solito,</strong></span> <span class='ocrx_word' id='word_1_269' title='bbox 3050 4452 3363 4525; x_wconf 86' lang='lat' dir='ltr'><strong>associa—</strong></span> 
     </span>
     <span class='ocr_line' id='line_1_33' title="bbox 703 4573 3355 4673; baseline 0 -25"><span class='ocrx_word' id='word_1_270' title='bbox 703 4582 905 4664; x_wconf 82' lang='lat' dir='ltr'><strong>rent3</strong></span> <span class='ocrx_word' id='word_1_271' title='bbox 964 4582 1178 4673; x_wconf 89' lang='lat' dir='ltr'><strong>prout</strong></span> <span class='ocrx_word' id='word_1_272' title='bbox 1219 4574 1491 4649; x_wconf 83' lang='lat' dir='ltr'><strong>factum</strong></span> <span class='ocrx_word' id='word_1_273' title='bbox 1536 4579 1672 4647; x_wconf 89' lang='lat' dir='ltr'><strong>est.</strong></span> <span class='ocrx_word' id='word_1_274' title='bbox 1729 4575 1867 4659; x_wconf 82' lang='lat' dir='ltr'><strong>Qui</strong></span> <span class='ocrx_word' id='word_1_275' title='bbox 1915 4573 2343 4665; x_wconf 82' lang='lat' dir='ltr'><strong>cardinaleS,</strong></span> <span class='ocrx_word' id='word_1_276' title='bbox 2402 4575 2523 4649; x_wconf 93' lang='lat' dir='ltr'><strong>ubi</strong></span> <span class='ocrx_word' id='word_1_277' title='bbox 2576 4575 2779 4650; x_wconf 90' lang='lat' dir='ltr'><strong>locus</strong></span> <span class='ocrx_word' id='word_1_278' title='bbox 2824 4576 3118 4651; x_wconf 90' lang='lat' dir='ltr'><strong>strictus</strong></span> <span class='ocrx_word' id='word_1_279' title='bbox 3172 4584 3355 4664; x_wconf 87' lang='lat' dir='ltr'><strong>erat,</strong></span> 
     </span>
     <span class='ocr_line' id='line_1_34' title="bbox 703 4699 3361 4798; baseline 0.001 -26"><span class='ocrx_word' id='word_1_280' title='bbox 703 4700 1104 4798; x_wconf 89' lang='lat' dir='ltr'><strong>principem</strong></span> <span class='ocrx_word' id='word_1_281' title='bbox 1148 4700 1539 4797; x_wconf 88' lang='lat' dir='ltr'><strong>precedere</strong></span> <span class='ocrx_word' id='word_1_282' title='bbox 1579 4699 1949 4789; x_wconf 78' lang='lat' dir='ltr'><strong>fecerunt3</strong></span> <span class='ocrx_word' id='word_1_283' title='bbox 1998 4706 2070 4775; x_wconf 90' lang='lat' dir='ltr'><strong>et</strong></span> <span class='ocrx_word' id='word_1_284' title='bbox 2106 4699 2322 4789; x_wconf 90' lang='lat' dir='ltr'><strong>bene,</strong></span> <span class='ocrx_word' id='word_1_285' title='bbox 2366 4701 2533 4796; x_wconf 92' lang='lat' dir='ltr'><strong>quia</strong></span> <span class='ocrx_word' id='word_1_286' title='bbox 2582 4702 2686 4773; x_wconf 90' lang='lat' dir='ltr'><strong>sic</strong></span> <span class='ocrx_word' id='word_1_287' title='bbox 2740 4704 3123 4777; x_wconf 88' lang='lat' dir='ltr'><strong>convenire</strong></span> <span class='ocrx_word' id='word_1_288' title='bbox 3158 4702 3361 4775; x_wconf 83' lang='lat' dir='ltr'><strong>vide-</strong></span> 
     </span>
     <span class='ocr_line' id='line_1_35' title="bbox 701 4824 3361 4923; baseline 0 -24"><span class='ocrx_word' id='word_1_289' title='bbox 701 4825 934 4913; x_wconf 89' lang='lat' dir='ltr'><strong>batur,</strong></span> <span class='ocrx_word' id='word_1_290' title='bbox 976 4824 1148 4898; x_wconf 89' lang='lat' dir='ltr'><strong>licet</strong></span> <span class='ocrx_word' id='word_1_291' title='bbox 1183 4826 1532 4898; x_wconf 88' lang='lat' dir='ltr'><strong>Ascanius</strong></span> <span class='ocrx_word' id='word_1_292' title='bbox 1569 4846 1735 4897; x_wconf 91' lang='lat' dir='ltr'><strong>cum</strong></span> <span class='ocrx_word' id='word_1_293' title='bbox 1777 4848 1837 4896; x_wconf 93' lang='lat' dir='ltr'><strong>s.</strong></span> <span class='ocrx_word' id='word_1_294' title='bbox 1884 4825 2232 4915; x_wconf 87' lang='lat' dir='ltr'><strong>Severini,</strong></span> <span class='ocrx_word' id='word_1_295' title='bbox 2282 4834 2354 4900; x_wconf 92' lang='lat' dir='ltr'><strong>et</strong></span> <span class='ocrx_word' id='word_1_296' title='bbox 2390 4826 2586 4899; x_wconf 91' lang='lat' dir='ltr'><strong>idem</strong></span> <span class='ocrx_word' id='word_1_297' title='bbox 2627 4850 2859 4923; x_wconf 89' lang='lat' dir='ltr'><strong>nuper</strong></span> <span class='ocrx_word' id='word_1_298' title='bbox 2890 4849 3060 4902; x_wconf 90' lang='lat' dir='ltr'><strong>cum</strong></span> <span class='ocrx_word' id='word_1_299' title='bbox 3094 4827 3361 4901; x_wconf 88' lang='lat' dir='ltr'><strong>Montis</strong></span> 
     </span>
     <span class='ocr_line' id='line_1_36' title="bbox 700 4948 3355 5049; baseline 0.001 -26"><span class='ocrx_word' id='word_1_300' title='bbox 700 4948 985 5046; x_wconf 84' lang='lat' dir='ltr'><strong>Regalis</strong></span> <span class='ocrx_word' id='word_1_301' title='bbox 1007 4948 1237 5037; x_wconf 90' lang='lat' dir='ltr'><strong>aliter,</strong></span> <span class='ocrx_word' id='word_1_302' title='bbox 1273 4954 1344 5021; x_wconf 89' lang='lat' dir='ltr'><strong>et</strong></span> <span class='ocrx_word' id='word_1_303' title='bbox 1373 4949 1466 5023; x_wconf 88' lang='lat' dir='ltr'><strong>ad</strong></span> <span class='ocrx_word' id='word_1_304' title='bbox 1494 4972 1700 5023; x_wconf 88' lang='lat' dir='ltr'><strong>suam</strong></span> <span class='ocrx_word' id='word_1_305' title='bbox 1728 4949 2172 5025; x_wconf 90' lang='lat' dir='ltr'><strong>voluntatem</strong></span> <span class='ocrx_word' id='word_1_306' title='bbox 2201 4974 2289 5023; x_wconf 86' lang='lat' dir='ltr'><strong>ex</strong></span> <span class='ocrx_word' id='word_1_307' title='bbox 2310 4951 2651 5047; x_wconf 84' lang='lat' dir='ltr'><strong>singulari</strong></span> <span class='ocrx_word' id='word_1_308' title='bbox 2678 4952 2991 5048; x_wconf 86' lang='lat' dir='ltr'><strong>quadam</strong></span> <span class='ocrx_word' id='word_1_309' title='bbox 3016 4952 3355 5049; x_wconf 87' lang='lat' dir='ltr'><strong>passione</strong></span> 
     </span>
     <span class='ocr_line' id='line_1_37' title="bbox 709 5072 1266 5148; baseline -0.005 -1"><span class='ocrx_word' id='word_1_310' title='bbox 709 5072 1266 5148; x_wconf 83' lang='lat' dir='ltr'><strong>observaverint.</strong></span> 
     </span>
    </p>
   </div>
   <div class='ocr_carea' id='block_1_5' title="bbox 795 5196 3355 5295">
    <p class='ocr_par' dir='ltr' id='par_1_7' title="bbox 795 5196 3355 5295">
     <span class='ocr_line' id='line_1_38' title="bbox 795 5196 3355 5295; baseline 0.002 -24"><span class='ocrx_word' id='word_1_311' title='bbox 795 5196 1200 5295; x_wconf 83' lang='lat' dir='ltr'><strong>Antequam</strong></span> <span class='ocrx_word' id='word_1_312' title='bbox 1243 5199 1384 5271; x_wconf 89' lang='lat' dir='ltr'><strong>hoc</strong></span> <span class='ocrx_word' id='word_1_313' title='bbox 1415 5220 1630 5274; x_wconf 90' lang='lat' dir='ltr'><strong>mane</strong></span> <span class='ocrx_word' id='word_1_314' title='bbox 1661 5204 2017 5275; x_wconf 84' lang='lat' dir='ltr'><strong>secretam</strong></span> <span class='ocrx_word' id='word_1_315' title='bbox 2051 5223 2253 5272; x_wconf 89' lang='lat' dir='ltr'><strong>suam</strong></span> <span class='ocrx_word' id='word_1_316' title='bbox 2281 5222 2646 5276; x_wconf 87' lang='lat' dir='ltr'><strong>cameram</strong></span> <span class='ocrx_word' id='word_1_317' title='bbox 2678 5204 2935 5291; x_wconf 87' lang='lat' dir='ltr'><strong>exiret,</strong></span> <span class='ocrx_word' id='word_1_318' title='bbox 2974 5206 3100 5279; x_wconf 91' lang='lat' dir='ltr'><strong>SS.</strong></span> <span class='ocrx_word' id='word_1_319' title='bbox 3141 5208 3227 5277; x_wconf 92' lang='lat' dir='ltr'><strong>D.</strong></span> <span class='ocrx_word' id='word_1_320' title='bbox 3266 5205 3355 5275; x_wconf 90' lang='lat' dir='ltr'><strong>N.</strong></span> 
     </span>
    </p>
   </div>
   <div class='ocr_carea' id='block_1_6' title="bbox 3609 4004 3614 4781">
    <p class='ocr_par' dir='ltr' id='par_1_8' title="bbox 3609 4004 3614 4781">
     <span class='ocr_line' id='line_1_39' title="bbox 3609 4004 3614 4781; baseline 0 0"><span class='ocrx_word' id='word_1_321' title='bbox 3609 4004 3614 4781; x_wconf 95' lang='lat' dir='ltr'><strong> </strong></span> 
     </span>
    </p>
   </div>
   <div class='ocr_carea' id='block_1_7' title="bbox 3610 4924 3613 5599">
    <p class='ocr_par' dir='ltr' id='par_1_9' title="bbox 3610 4924 3613 5599">
     <span class='ocr_line' id='line_1_40' title="bbox 3610 4924 3613 5599; baseline 0 0"><span class='ocrx_word' id='word_1_322' title='bbox 3610 4924 3613 5599; x_wconf 95' lang='lat' dir='ltr'><strong> </strong></span> 
     </span>
    </p>
   </div>
  </div>
 </body>
</html>
