3625 6059
265 587 434 650 [Avril
459 589 602 649 1499]
925 586 1181 643 RERUM
1229 585 1682 643 URBANARUM
1727 585 2253 643 COMMENTARII.
2820 589 2930 643 525

267 761 398 834 per
433 736 926 844 celebrantem
970 738 1358 834 publicata,
1405 742 1598 836 Papa
1643 737 1817 812 fecit
1855 736 2090 810 claudi
2134 735 2536 810 cancellum
2582 743 2655 810 et
2690 739 2925 812 nemi-

267 885 436 937 nem
489 861 870 935 intromitti
919 863 1166 954 voluit,
1217 870 1290 938 et
1336 862 1476 937 illis
1522 863 1598 937 in
1658 863 1935 960 capella
1988 861 2463 936 existentibus
2520 861 2611 936 de
2658 861 2927 959 populo

270 986 639 1060 communi
686 987 959 1086 incepit
996 987 1086 1063 de
1133 1011 1317 1063 novo
1361 988 1792 1063 distribuere
1830 1011 2057 1086 agnos
2096 1011 2263 1061 cum
2307 1011 2571 1084 magno
2619 986 2929 1061 tumultu

269 1113 560 1187 iterum.
611 1117 1099 1188 Accesserant
1142 1113 1432 1211 quidam
1461 1087 1629 1204 ter,
1677 1120 1934 1213 quater
1984 1114 2097 1190 vel
2145 1113 2443 1212 pluries.
2490 1118 2647 1201 Quo
2706 1115 2923 1203 facto,

271 1241 465 1334 Papa
487 1237 702 1312 rediit
725 1238 820 1313 ad
847 1262 1238 1312 cameram.
3042 1217 3048 1224 ’

368 1363 500 1437 Die
531 1361 730 1453 lune,
765 1369 808 1436 8
840 1363 1110 1461 apriliS,
1143 1364 1338 1438 circa
1373 1365 1630 1439 horam
1664 1389 1812 1455 xm,
1846 1365 2038 1439 venit
2075 1364 2167 1438 ad
2206 1363 2472 1438 Urbem
2504 1362 2933 1461 magnificus

275 1493 358 1561 D.
396 1492 624 1563 Cesar
651 1489 739 1563 de
769 1489 1126 1563 Guaschis
1157 1489 1246 1564 de
1275 1489 1733 1580 Alexandria,
1759 1489 1946 1586 juris
1976 1489 2343 1586 utriusque
2376 1489 2657 1576 doctor,
2691 1491 2937 1560 orator

275 1614 478 1687 lllmi.
525 1617 612 1687 D.
650 1613 1013 1705 Ludovici,
1049 1614 1254 1688 ducis
1292 1614 1679 1689 Mediolani
1717 1615 1811 1689 ad
1852 1617 1980 1690 SS.
2015 1617 2103 1686 D.
2146 1617 2231 1687 N.
2276 1613 2565 1702 missuS,
2598 1637 2731 1709 per
2768 1635 2939 1709 por-

274 1745 414 1812 tam
443 1739 828 1830 Viridarii3
876 1747 1210 1837 receptus
1250 1740 1384 1816 fuit
1423 1749 1494 1814 et
1538 1739 1939 1814 associatus
1978 1746 2192 1837 prout
2236 1745 2561 1813 oratores
2605 1736 2695 1811 ad
2733 1759 2941 1834 pres-

279 1864 571 1938 tandam
603 1863 1096 1938 obedientiam
1125 1859 1496 1940 venientes
1522 1865 1746 1964 recipi
1777 1873 1849 1940 et
1880 1865 2221 1939 associari
2250 1863 2511 1955 solent,
2548 1869 2621 1937 et
2648 1861 2865 1936 male.

370 1991 585 2064 Feria
627 1995 854 2079 sexta,
896 1996 982 2064 12
1007 1985 1293 2088 aprilis,
1327 1990 1458 2066 fuit
1493 1991 2004 2064 consistorium
2045 1995 2407 2066 secretum
2446 1989 2522 2062 in
2560 2011 2704 2085 quo
2745 1991 2829 2060 R.
2866 1987 2939 2060 in

279 2115 567 2189 Christo
598 2119 678 2189 P.
717 2120 804 2189 D.
841 2115 1154 2190 lacobus
1185 2116 1274 2190 de
1306 2117 1690 2214 DragatiiS,
1728 2115 1911 2190 sacri
1944 2116 2185 2213 palatii
2218 2139 2596 2190 causarum
2627 2113 2975 2203 auditor,··

278 2242 552 2317 electus
583 2247 656 2316 et
689 2237 1065 2338 promotus
1102 2241 1235 2316 fuit
1269 2242 1362 2316 ad
1397 2241 1778 2316 ecclesiam
1823 2243 2393 2316 Madrusiensem
2432 2247 2600 2315 tunc
2630 2237 2942 2338 pastoris

279 2365 538 2440 solatio
585 2365 1006 2440 destitutam
1055 2389 1219 2439 cum
1265 2357 1750 2440 reservatione
1789 2365 1933 2441 loci
1976 2366 2446 2455 auditoratuS,
2497 2371 2569 2440 et
2615 2363 2941 2439 omnium

281 2489 802 2565 beneficiorum
845 2498 918 2565 et
949 2490 1404 2580 officiorum;
1452 2498 1524 2565 et
1562 2491 1678 2564 die
1712 2491 1910 2582 lune,
1953 2497 2037 2566 15
2071 2491 2427 2589 ejusdem,
2470 2489 2773 2563 visitavit
2808 2491 2934 2563 SS.

287 2618 366 2688 D.
400 2619 485 2689 N.
523 2622 604 2690 et
631 2615 1064 2705 cardinaleS,
1094 2616 1492 2691 associatus
1518 2639 1562 2690 a
1591 2616 2134 2691 coauditoribus
2162 2618 2308 2691 suis
2335 2625 2407 2692 et
2434 2616 2593 2690 aliis
2619 2613 2940 2714 prelatiS,

286 2746 352 2812 et
382 2739 516 2814 illis
550 2739 820 2837 gratias
847 2738 1020 2837 egit,
1051 2761 1256 2815 more
1288 2742 1526 2816 solito.

378 2865 590 2939 Feria
620 2872 901 2962 quarta,
944 2871 1027 2937 17
1062 2864 1230 2939 dieti
1262 2867 1534 2941 mensis
1575 2870 1846 2965 apriliS,
1882 2871 2012 2944 fuit
2040 2869 2545 2944 consistorium
2580 2873 2943 2942 secretum

287 2991 354 3064 in
384 3015 524 3088 quo
558 2995 646 3064 R.
682 2991 759 3063 in
798 2989 1080 3064 Christo
1113 2995 1192 3064 P.
1237 2994 1321 3065 D.
1356 2995 1708 3084 Ventura,
1744 3000 1913 3069 tunc
1954 2996 2227 3070 electus
2268 2994 2583 3069 Civitatis
2625 2990 2942 3081 Castelli,
3014 3059 3017 3062 ,

288 3139 572 3192 camere
623 3115 1016 3213 apostolice
1071 3115 1406 3208 clericus,
1454 3118 1574 3214 qui
1611 3121 2151 3217 possessionem
2205 3117 2513 3194 ecclesie
2572 3141 2701 3191 sue
2754 3099 2944 3188 dicte

289 3239 592 3314 civitatis
623 3263 854 3336 usque
881 3249 1051 3315 tunc
1081 3264 1228 3316 non
1256 3243 1486 3340 potuit
1513 3243 1839 3342 adipisci,
1872 3245 2402 3344 opponentibus
2434 3243 2567 3317 sibi
2596 3241 2948 3319 Vitellen-

293 3364 482 3439 sibus
511 3363 836 3438 Civitatis
867 3368 1154 3442 Castelli
1181 3368 1490 3462 civibus3
1527 3369 1897 3445 absolutus
1927 3370 2060 3445 fuit
2091 3394 2136 3444 a
2160 3369 2439 3444 vinculo
2464 3391 2609 3465 quo
2640 3365 2948 3441 ecclesie

291 3489 614 3584 predicte
667 3488 1080 3582 tenebatur,
1127 3499 1199 3566 et
1256 3494 1641 3570 translatus
1707 3495 1802 3569 ad
1856 3495 2241 3570 ecclesiam
2292 3498 2941 3579 Interamnensem,

291 3638 416 3711 per
443 3615 859 3690 cessionem
897 3618 1182 3716 nepotis
1223 3623 1408 3695 Rmi.
1451 3625 1536 3694 D.
1573 3621 1960 3697 cardinalis
1998 3618 2264 3693 Montis
2295 3617 2608 3716 RegaliS,
2644 3615 2949 3715 pastoris

297 3738 547 3814 solatio
594 3739 1054 3834 destitutam;
1100 3743 1224 3842 qui
1260 3746 1525 3819 mansit
1565 3744 1720 3818 sine
1763 3743 2096 3819 ecclesia.
2131 3743 2242 3818 Ad
2280 3741 2668 3817 ecclesiam
2708 3745 2952 3814 autem

295 3862 606 3939 Civitatis
654 3867 941 3942 Castelli
986 3877 1360 3966 promotus
1409 3877 1484 3944 et
1529 3870 1800 3944 electus
1848 3870 1983 3942 fuit
2028 3873 2114 3942 D.
2154 3868 2382 3942 Julius
2426 3865 2783 3954 Vitellius,
2827 3865 2950 3960 qui

297 3987 472 4064 infra
499 3990 689 4064 duos
719 3998 844 4065 aut
883 4000 1026 4068 tres
1070 3994 1225 4069 dies
1263 3993 1680 4070 immediate
1723 4000 2111 4091 sequentes
2146 3991 2404 4066 invasit
2432 3997 2706 4064 armata
2736 4010 2954 4062 manu

298 4122 608 4188 castrum
635 4115 1070 4192 Urbenetani
1099 4119 1404 4194 diecesis
1439 4127 1508 4195 et
1537 4120 1712 4196 illud
1737 4119 1802 4193 vi
1834 4117 2024 4216 cepit
2053 4118 2126 4191 in
2160 4117 2445 4216 signum
2478 4111 2953 4213 professionis

301 4263 448 4315 sue.

393 4371 668 4444 Eadem
728 4371 882 4461 die,
936 4377 1102 4444 ante
1159 4371 1416 4446 horam
1477 4370 1923 4462 consistorii,
1984 4369 2285 4445 recessit
2336 4369 2427 4442 ab
2485 4367 2675 4441 Urbe
2734 4369 2818 4439 R.
2882 4364 2991 4464 in·

304 4493 584 4570 Christo
615 4501 696 4571 P.
743 4501 828 4569 D.
863 4497 1258 4586 JohanneS,
1295 4496 1678 4595 episcopus
1719 4493 2332 4594 carthaginensis,
2376 4498 2622 4567 orator
2651 4490 2845 4586 regis
2884 4496 2956 4562 et

308 4621 548 4716 regine
589 4621 1124 4719 Hispaniarum,
1158 4622 1388 4696 iturus
1437 4621 1529 4696 ad
1565 4621 1953 4697 eeclesiam
1995 4643 2229 4709 suam,
2272 4619 2673 4693 associatus
2713 4641 2757 4691 a
2802 4639 2959 4689 ma-

308 4743 566 4838 gnifico
616 4749 701 4818 D.
754 4747 1008 4822 Gar-sia
1051 4747 1142 4821 de
1184 4751 1430 4838 Lasso,
1485 4748 1605 4843 qui
1656 4746 1749 4820 ad
1783 4747 2149 4820 sinistram
2192 4743 2516 4843 episcopi
2556 4742 2950 4839 equitabat,

309 4873 377 4940 et
429 4873 514 4943 D.
570 4871 884 4946 Henrico
946 4872 1036 4946 de
1085 4870 1418 4946 Corduba
1473 4879 1546 4948 et
1601 4871 1932 4969 Philippo
1979 4872 2235 4945 Pontio
2291 4869 2493 4944 laicis
2552 4865 2956 4941 oratoribus

311 4995 728 5070 eorumdem
766 4996 960 5094 regis
994 5002 1067 5070 et
1113 4997 1392 5093 regine,
1427 4998 1576 5095 qui,
1610 5003 1776 5071 ante
1818 4996 2051 5071 dictos
2094 4996 2475 5094 episcopos
2524 5001 2596 5068 ct
2638 4976 2961 5067 Garsiam

313 5119 744 5214 equitabant,
782 5129 854 5198 et
893 5146 1159 5221 magna
1204 5124 1662 5198 multitudine
1707 5122 2019 5197 nationis
2069 5125 2385 5222 Hispane
2432 5143 2663 5217 usque
2701 5118 2793 5192 ad
2836 5140 2966 5189 nu-

316 5265 591 5318 merum
636 5271 774 5322 Lxx
817 5248 931 5323 vel
979 5248 1196 5323 circa.
1251 5253 1482 5323 Ducta
1530 5248 1662 5324 fuit
1711 5255 1881 5324 ante
1931 5273 2099 5323 eum
2150 5249 2346 5323 mula
2389 5245 2641 5323 sellam
2683 5243 2966 5318 habens
