<?xml version="1.0" encoding="UTF-8"?>
<!DOCTYPE html PUBLIC "-//W3C//DTD XHTML 1.0 Transitional//EN"
    "http://www.w3.org/TR/xhtml1/DTD/xhtml1-transitional.dtd">
<html xmlns="http://www.w3.org/1999/xhtml" xml:lang="en" lang="en">
 <head>
  <title>
</title>
<meta http-equiv="Content-Type" content="text/html;charset=utf-8" />
  <meta name='ocr-system' content='tesseract 3.04.00' />
  <meta name='ocr-capabilities' content='ocr_page ocr_carea ocr_par ocr_line ocrx_word'/>
</head>
<body>
  <div class='ocr_page' id='page_1' title='image "./johannisburchar00unkngoog_0174.png"; bbox 0 0 3625 6059; ppageno 0'>
   <div class='ocr_carea' id='block_1_1' title="bbox 718 528 3402 601">
    <p class='ocr_par' dir='ltr' id='par_1_1' title="bbox 718 528 3402 601">
     <span class='ocr_line' id='line_1_1' title="bbox 718 528 3402 601; baseline -0.001 -10"><span class='ocrx_word' id='word_1_1' title='bbox 718 537 819 592; x_wconf 77' lang='lat'>162</span> <span class='ocrx_word' id='word_1_2' title='bbox 1626 531 1974 587; x_wconf 82' lang='lat' dir='ltr'><strong>JOHANNIS</strong></span> <span class='ocrx_word' id='word_1_3' title='bbox 2025 528 2466 597; x_wconf 83' lang='lat' dir='ltr'>BURCHARDI,</span> <span class='ocrx_word' id='word_1_4' title='bbox 3087 537 3209 590; x_wconf 76' lang='lat' dir='ltr'>iMai</span> <span class='ocrx_word' id='word_1_5' title='bbox 3241 540 3402 601; x_wconf 70' lang='lat'>1494]</span> 
     </span>
    </p>
   </div>
   <div class='ocr_carea' id='block_1_2' title="bbox 670 664 3402 5300">
    <p class='ocr_par' dir='ltr' id='par_1_2' title="bbox 700 664 3402 2914">
     <span class='ocr_line' id='line_1_2' title="bbox 700 664 3402 785; baseline 0.002 -23"><span class='ocrx_word' id='word_1_6' title='bbox 700 664 989 785; x_wconf 48' lang='lat' dir='ltr'>&#39;Stanga</span> <span class='ocrx_word' id='word_1_7' title='bbox 1046 694 1294 761; x_wconf 87' lang='lat' dir='ltr'>orator</span> <span class='ocrx_word' id='word_1_8' title='bbox 1348 687 1551 761; x_wconf 89' lang='lat' dir='ltr'>ducis</span> <span class='ocrx_word' id='word_1_9' title='bbox 1600 686 2018 777; x_wconf 83' lang='lat' dir='ltr'>Mediolani,</span> <span class='ocrx_word' id='word_1_10' title='bbox 2077 692 2148 761; x_wconf 93' lang='lat' dir='ltr'>et</span> <span class='ocrx_word' id='word_1_11' title='bbox 2196 688 2282 758; x_wconf 91' lang='lat' dir='ltr'>D.</span> <span class='ocrx_word' id='word_1_12' title='bbox 2338 683 2725 781; x_wconf 66' lang='lat' dir='ltr'>Dionysius</span> <span class='ocrx_word' id='word_1_13' title='bbox 2775 687 3086 763; x_wconf 89' lang='lat' dir='ltr'>Puccius</span> <span class='ocrx_word' id='word_1_14' title='bbox 3135 700 3402 767; x_wconf 86' lang='lat' dir='ltr'>orator</span> 
     </span>
     <span class='ocr_line' id='line_1_3' title="bbox 718 808 3398 910; baseline 0.003 -25"><span class='ocrx_word' id='word_1_15' title='bbox 718 811 1325 904; x_wconf 85' lang='lat' dir='ltr'>Florentinorum,</span> <span class='ocrx_word' id='word_1_16' title='bbox 1376 812 1636 910; x_wconf 89' lang='lat' dir='ltr'>quibus</span> <span class='ocrx_word' id='word_1_17' title='bbox 1690 837 1733 886; x_wconf 88' lang='lat' dir='ltr'>a</span> <span class='ocrx_word' id='word_1_18' title='bbox 1780 812 2136 910; x_wconf 89' lang='lat' dir='ltr'>principio</span> <span class='ocrx_word' id='word_1_19' title='bbox 2182 810 2402 883; x_wconf 80' lang='lat' dir='ltr'>officii</span> <span class='ocrx_word' id='word_1_20' title='bbox 2448 808 2690 883; x_wconf 91' lang='lat' dir='ltr'>locum</span> <span class='ocrx_word' id='word_1_21' title='bbox 2743 810 2902 885; x_wconf 90' lang='lat' dir='ltr'>dedi</span> <span class='ocrx_word' id='word_1_22' title='bbox 2955 813 3028 887; x_wconf 91' lang='lat' dir='ltr'>in</span> <span class='ocrx_word' id='word_1_23' title='bbox 3079 840 3398 891; x_wconf 87' lang='lat' dir='ltr'>scamno</span> 
     </span>
     <span class='ocr_line' id='line_1_4' title="bbox 716 934 3398 1037; baseline 0.003 -26"><span class='ocrx_word' id='word_1_24' title='bbox 716 962 849 1036; x_wconf 91' lang='lat' dir='ltr'>pro</span> <span class='ocrx_word' id='word_1_25' title='bbox 880 939 985 1012; x_wconf 93' lang='lat' dir='ltr'>eis</span> <span class='ocrx_word' id='word_1_26' title='bbox 1016 946 1295 1035; x_wconf 87' lang='lat' dir='ltr'>parato,</span> <span class='ocrx_word' id='word_1_27' title='bbox 1333 939 1453 1014; x_wconf 91' lang='lat' dir='ltr'>ubi</span> <span class='ocrx_word' id='word_1_28' title='bbox 1482 940 1868 1037; x_wconf 81' lang='lat' dir='ltr'>sederunt;</span> <span class='ocrx_word' id='word_1_29' title='bbox 1901 936 2031 1011; x_wconf 88' lang='lat' dir='ltr'>sed</span> <span class='ocrx_word' id='word_1_30' title='bbox 2059 937 2351 1032; x_wconf 86' lang='lat' dir='ltr'>incepto</span> <span class='ocrx_word' id='word_1_31' title='bbox 2380 934 2620 1007; x_wconf 79' lang='lat' dir='ltr'>officio</span> <span class='ocrx_word' id='word_1_32' title='bbox 2655 957 2774 1008; x_wconf 91' lang='lat' dir='ltr'>me</span> <span class='ocrx_word' id='word_1_33' title='bbox 2806 946 3144 1015; x_wconf 86' lang='lat' dir='ltr'>vocantes</span> <span class='ocrx_word' id='word_1_34' title='bbox 3177 942 3398 1019; x_wconf 83' lang='lat' dir='ltr'>dixe-</span> 
     </span>
     <span class='ocr_line' id='line_1_5' title="bbox 720 1059 3400 1171; baseline 0.002 -36"><span class='ocrx_word' id='word_1_35' title='bbox 720 1069 885 1136; x_wconf 88' lang='lat' dir='ltr'>runt</span> <span class='ocrx_word' id='word_1_36' title='bbox 914 1065 1157 1138; x_wconf 91' lang='lat' dir='ltr'>locum</span> <span class='ocrx_word' id='word_1_37' title='bbox 1186 1063 1389 1138; x_wconf 88' lang='lat' dir='ltr'>illum</span> <span class='ocrx_word' id='word_1_38' title='bbox 1416 1063 1589 1161; x_wconf 91' lang='lat' dir='ltr'>ipsis</span> <span class='ocrx_word' id='word_1_39' title='bbox 1622 1087 1769 1135; x_wconf 90' lang='lat' dir='ltr'>non</span> <span class='ocrx_word' id='word_1_40' title='bbox 1800 1060 2187 1136; x_wconf 86' lang='lat' dir='ltr'>convenire</span> <span class='ocrx_word' id='word_1_41' title='bbox 2219 1083 2384 1133; x_wconf 90' lang='lat' dir='ltr'>cum</span> <span class='ocrx_word' id='word_1_42' title='bbox 2417 1059 2559 1132; x_wconf 87' lang='lat' dir='ltr'>sint</span> <span class='ocrx_word' id='word_1_43' title='bbox 2580 1059 2871 1157; x_wconf 89' lang='lat' dir='ltr'>majoris</span> <span class='ocrx_word' id='word_1_44' title='bbox 2901 1066 3286 1171; x_wconf 28' lang='lat' dir='ltr'>tempori-s,</span> <span class='ocrx_word' id='word_1_45' title='bbox 3317 1073 3400 1140; x_wconf 88' lang='lat' dir='ltr'>et</span> 
     </span>
     <span class='ocr_line' id='line_1_6' title="bbox 715 1184 3394 1288; baseline 0 -26"><span class='ocrx_word' id='word_1_46' title='bbox 715 1188 929 1287; x_wconf 83' lang='lat' dir='ltr'>longe</span> <span class='ocrx_word' id='word_1_47' title='bbox 989 1190 1351 1288; x_wconf 90' lang='lat' dir='ltr'>episcopis</span> <span class='ocrx_word' id='word_1_48' title='bbox 1402 1188 1809 1287; x_wconf 79' lang='lat' dir='ltr'>postpositi.</span> <span class='ocrx_word' id='word_1_49' title='bbox 1850 1184 2214 1283; x_wconf 81' lang='lat' dir='ltr'>Respondi</span> <span class='ocrx_word' id='word_1_50' title='bbox 2262 1184 2336 1257; x_wconf 91' lang='lat' dir='ltr'>in</span> <span class='ocrx_word' id='word_1_51' title='bbox 2378 1185 2520 1257; x_wconf 90' lang='lat' dir='ltr'>hoc</span> <span class='ocrx_word' id='word_1_52' title='bbox 2567 1193 2732 1259; x_wconf 87' lang='lat' dir='ltr'>actu</span> <span class='ocrx_word' id='word_1_53' title='bbox 2783 1187 3164 1287; x_wconf 88' lang='lat' dir='ltr'>episcopos</span> <span class='ocrx_word' id='word_1_54' title='bbox 3203 1191 3394 1287; x_wconf 89' lang='lat' dir='ltr'>ipsis</span> 
     </span>
     <span class='ocr_line' id='line_1_7' title="bbox 714 1309 3396 1413; baseline 0.001 -28"><span class='ocrx_word' id='word_1_55' title='bbox 714 1312 931 1411; x_wconf 86' lang='lat' dir='ltr'>longe</span> <span class='ocrx_word' id='word_1_56' title='bbox 977 1316 1293 1413; x_wconf 90' lang='lat' dir='ltr'>majores</span> <span class='ocrx_word' id='word_1_57' title='bbox 1350 1337 1511 1389; x_wconf 89' lang='lat' dir='ltr'>esse</span> <span class='ocrx_word' id='word_1_58' title='bbox 1564 1337 1733 1386; x_wconf 89' lang='lat' dir='ltr'>cum</span> <span class='ocrx_word' id='word_1_59' title='bbox 1782 1312 1928 1386; x_wconf 87' lang='lat' dir='ltr'>sint</span> <span class='ocrx_word' id='word_1_60' title='bbox 1975 1310 2189 1384; x_wconf 91' lang='lat' dir='ltr'>simul</span> <span class='ocrx_word' id='word_1_61' title='bbox 2242 1333 2408 1383; x_wconf 88' lang='lat' dir='ltr'>cum</span> <span class='ocrx_word' id='word_1_62' title='bbox 2451 1309 2693 1405; x_wconf 84' lang='lat' dir='ltr'>legato</span> <span class='ocrx_word' id='word_1_63' title='bbox 2743 1326 3260 1409; x_wconf 76' lang='lat' dir='ltr'>cooperatores</span> <span class='ocrx_word' id='word_1_64' title='bbox 3313 1326 3396 1391; x_wconf 89' lang='lat' dir='ltr'>et</span> 
     </span>
     <span class='ocr_line' id='line_1_8' title="bbox 716 1435 3392 1537; baseline 0.001 -24"><span class='ocrx_word' id='word_1_65' title='bbox 716 1445 1209 1514; x_wconf 78' lang='lat' dir='ltr'>coronatores,</span> <span class='ocrx_word' id='word_1_66' title='bbox 1259 1443 1528 1513; x_wconf 89' lang='lat' dir='ltr'>Tamen</span> <span class='ocrx_word' id='word_1_67' title='bbox 1570 1444 1733 1536; x_wconf 90' lang='lat' dir='ltr'>post</span> <span class='ocrx_word' id='word_1_68' title='bbox 1770 1437 1997 1511; x_wconf 87' lang='lat' dir='ltr'>multa</span> <span class='ocrx_word' id='word_1_69' title='bbox 2039 1436 2450 1533; x_wconf 88' lang='lat' dir='ltr'>importuna</span> <span class='ocrx_word' id='word_1_70' title='bbox 2485 1456 2605 1508; x_wconf 92' lang='lat' dir='ltr'>me</span> <span class='ocrx_word' id='word_1_71' title='bbox 2649 1435 3000 1528; x_wconf 86' lang='lat' dir='ltr'>vicerunt,</span> <span class='ocrx_word' id='word_1_72' title='bbox 3043 1441 3244 1537; x_wconf 92' lang='lat' dir='ltr'>quod</span> <span class='ocrx_word' id='word_1_73' title='bbox 3276 1443 3392 1515; x_wconf 90' lang='lat' dir='ltr'>eis</span> 
     </span>
     <span class='ocr_line' id='line_1_9' title="bbox 714 1556 3389 1659; baseline 0.001 -23"><span class='ocrx_word' id='word_1_74' title='bbox 714 1562 957 1639; x_wconf 87' lang='lat' dir='ltr'>locum</span> <span class='ocrx_word' id='word_1_75' title='bbox 988 1564 1155 1639; x_wconf 91' lang='lat' dir='ltr'>dedi</span> <span class='ocrx_word' id='word_1_76' title='bbox 1181 1562 1254 1637; x_wconf 91' lang='lat' dir='ltr'>in</span> <span class='ocrx_word' id='word_1_77' title='bbox 1280 1564 1533 1659; x_wconf 91' lang='lat' dir='ltr'>quinto</span> <span class='ocrx_word' id='word_1_78' title='bbox 1568 1586 1863 1636; x_wconf 87' lang='lat' dir='ltr'>scamno</span> <span class='ocrx_word' id='word_1_79' title='bbox 1893 1560 2363 1659; x_wconf 88' lang='lat' dir='ltr'>prelatorum,</span> <span class='ocrx_word' id='word_1_80' title='bbox 2395 1556 2488 1631; x_wconf 91' lang='lat' dir='ltr'>ad</span> <span class='ocrx_word' id='word_1_81' title='bbox 2516 1558 2886 1634; x_wconf 83' lang='lat' dir='ltr'>dexteram</span> <span class='ocrx_word' id='word_1_82' title='bbox 2913 1564 3389 1639; x_wconf 90' lang='lat' dir='ltr'>ascendentis</span> 
     </span>
     <span class='ocr_line' id='line_1_10' title="bbox 720 1686 3390 1783; baseline 0 -20"><span class='ocrx_word' id='word_1_83' title='bbox 720 1690 1107 1781; x_wconf 87' lang='lat' dir='ltr'>tribunam,</span> <span class='ocrx_word' id='word_1_84' title='bbox 1150 1690 1483 1764; x_wconf 80' lang='lat' dir='ltr'>videlicet</span> <span class='ocrx_word' id='word_1_85' title='bbox 1525 1688 1648 1763; x_wconf 91' lang='lat' dir='ltr'>illo</span> <span class='ocrx_word' id='word_1_86' title='bbox 1692 1712 1903 1763; x_wconf 88' lang='lat' dir='ltr'>muro</span> <span class='ocrx_word' id='word_1_87' title='bbox 1950 1687 2229 1761; x_wconf 89' lang='lat' dir='ltr'>tribune</span> <span class='ocrx_word' id='word_1_88' title='bbox 2269 1686 2647 1783; x_wconf 80' lang='lat' dir='ltr'>contigu03</span> <span class='ocrx_word' id='word_1_89' title='bbox 2693 1691 2766 1758; x_wconf 90' lang='lat' dir='ltr'>et</span> <span class='ocrx_word' id='word_1_90' title='bbox 2808 1687 3122 1782; x_wconf 89' lang='lat' dir='ltr'>prelatos</span> <span class='ocrx_word' id='word_1_91' title='bbox 3163 1689 3245 1763; x_wconf 91' lang='lat' dir='ltr'>in</span> <span class='ocrx_word' id='word_1_92' title='bbox 3291 1714 3390 1764; x_wconf 87' lang='lat' dir='ltr'>eo</span> 
     </span>
     <span class='ocr_line' id='line_1_11' title="bbox 718 1812 3386 1901; baseline 0.001 -14"><span class='ocrx_word' id='word_1_93' title='bbox 718 1814 1051 1890; x_wconf 86' lang='lat' dir='ltr'>sedentes</span> <span class='ocrx_word' id='word_1_94' title='bbox 1096 1815 1186 1888; x_wconf 88' lang='lat' dir='ltr'>ad</span> <span class='ocrx_word' id='word_1_95' title='bbox 1236 1815 1378 1888; x_wconf 88' lang='lat' dir='ltr'>alia</span> <span class='ocrx_word' id='word_1_96' title='bbox 1420 1838 1715 1887; x_wconf 88' lang='lat' dir='ltr'>scamna</span> <span class='ocrx_word' id='word_1_97' title='bbox 1759 1815 2028 1901; x_wconf 90' lang='lat' dir='ltr'>locavi;</span> <span class='ocrx_word' id='word_1_98' title='bbox 2071 1812 2198 1888; x_wconf 92' lang='lat' dir='ltr'>sed</span> <span class='ocrx_word' id='word_1_99' title='bbox 2243 1812 2478 1887; x_wconf 86' lang='lat' dir='ltr'>adhuc</span> <span class='ocrx_word' id='word_1_100' title='bbox 2520 1833 2668 1884; x_wconf 90' lang='lat' dir='ltr'>non</span> <span class='ocrx_word' id='word_1_101' title='bbox 2723 1814 3039 1885; x_wconf 88' lang='lat' dir='ltr'>contenti</span> <span class='ocrx_word' id='word_1_102' title='bbox 3085 1812 3160 1887; x_wconf 90' lang='lat' dir='ltr'>in</span> <span class='ocrx_word' id='word_1_103' title='bbox 3213 1822 3386 1889; x_wconf 86' lang='lat' dir='ltr'>actu</span> 
     </span>
     <span class='ocr_line' id='line_1_12' title="bbox 718 1936 3389 2036; baseline 0.001 -23"><span class='ocrx_word' id='word_1_104' title='bbox 718 1939 1206 2015; x_wconf 86' lang='lat' dir='ltr'>coronationis</span> <span class='ocrx_word' id='word_1_105' title='bbox 1236 1946 1430 2015; x_wconf 85' lang='lat' dir='ltr'>retro</span> <span class='ocrx_word' id='word_1_106' title='bbox 1476 1963 1725 2036; x_wconf 86' lang='lat' dir='ltr'>regem</span> <span class='ocrx_word' id='word_1_107' title='bbox 1768 1939 2054 2013; x_wconf 85' lang='lat' dir='ltr'>iverunt</span> <span class='ocrx_word' id='word_1_108' title='bbox 2093 1947 2170 2012; x_wconf 91' lang='lat' dir='ltr'>ut</span> <span class='ocrx_word' id='word_1_109' title='bbox 2213 1937 2472 2012; x_wconf 90' lang='lat' dir='ltr'>melius</span> <span class='ocrx_word' id='word_1_110' title='bbox 2514 1936 2958 2028; x_wconf 79' lang='lat' dir='ltr'>viderentur,</span> <span class='ocrx_word' id='word_1_111' title='bbox 2991 1938 3261 2015; x_wconf 89' lang='lat' dir='ltr'>deinde</span> <span class='ocrx_word' id='word_1_112' title='bbox 3292 1940 3389 2015; x_wconf 85' lang='lat' dir='ltr'>ad</span> 
     </span>
     <span class='ocr_line' id='line_1_13' title="bbox 717 2063 3378 2162; baseline 0.002 -25"><span class='ocrx_word' id='word_1_113' title='bbox 717 2066 907 2141; x_wconf 90' lang='lat' dir='ltr'>idem</span> <span class='ocrx_word' id='word_1_114' title='bbox 940 2090 1315 2143; x_wconf 86' lang='lat' dir='ltr'>scamnum</span> <span class='ocrx_word' id='word_1_115' title='bbox 1362 2065 1733 2156; x_wconf 85' lang='lat' dir='ltr'>sederunt,</span> <span class='ocrx_word' id='word_1_116' title='bbox 1774 2066 2101 2139; x_wconf 88' lang='lat' dir='ltr'>videlicet</span> <span class='ocrx_word' id='word_1_117' title='bbox 2139 2065 2455 2162; x_wconf 88' lang='lat' dir='ltr'>quinque</span> <span class='ocrx_word' id='word_1_118' title='bbox 2491 2063 2935 2161; x_wconf 88' lang='lat' dir='ltr'>prelatorum</span> <span class='ocrx_word' id='word_1_119' title='bbox 2968 2065 3378 2159; x_wconf 88' lang='lat' dir='ltr'>redierunt,</span> 
     </span>
     <span class='ocr_line' id='line_1_14' title="bbox 714 2188 3380 2290; baseline 0.001 -25"><span class='ocrx_word' id='word_1_120' title='bbox 714 2198 787 2265; x_wconf 93' lang='lat' dir='ltr'>et</span> <span class='ocrx_word' id='word_1_121' title='bbox 813 2192 889 2265; x_wconf 94' lang='lat' dir='ltr'>in</span> <span class='ocrx_word' id='word_1_122' title='bbox 921 2216 1009 2266; x_wconf 91' lang='lat' dir='ltr'>eo</span> <span class='ocrx_word' id='word_1_123' title='bbox 1038 2197 1594 2290; x_wconf 85' lang='lat' dir='ltr'>permanserunt</span> <span class='ocrx_word' id='word_1_124' title='bbox 1625 2212 1854 2286; x_wconf 84' lang='lat' dir='ltr'>usque</span> <span class='ocrx_word' id='word_1_125' title='bbox 1893 2190 1984 2265; x_wconf 86' lang='lat' dir='ltr'>ad</span> <span class='ocrx_word' id='word_1_126' title='bbox 2016 2190 2235 2264; x_wconf 83' lang='lat' dir='ltr'>finem</span> <span class='ocrx_word' id='word_1_127' title='bbox 2263 2188 2507 2265; x_wconf 90' lang='lat' dir='ltr'>misse.</span> <span class='ocrx_word' id='word_1_128' title='bbox 2546 2191 2704 2265; x_wconf 88' lang='lat' dir='ltr'>Fuit</span> <span class='ocrx_word' id='word_1_129' title='bbox 2732 2193 2951 2267; x_wconf 90' lang='lat' dir='ltr'>etiam</span> <span class='ocrx_word' id='word_1_130' title='bbox 2985 2191 3056 2265; x_wconf 87' lang='lat' dir='ltr'>in</span> <span class='ocrx_word' id='word_1_131' title='bbox 3085 2191 3380 2267; x_wconf 84' lang='lat' dir='ltr'>civitate</span> 
     </span>
     <span class='ocr_line' id='line_1_15' title="bbox 712 2314 3381 2416; baseline 0 -25"><span class='ocrx_word' id='word_1_132' title='bbox 712 2317 1183 2413; x_wconf 87' lang='lat' dir='ltr'>Neapolitana</span> <span class='ocrx_word' id='word_1_133' title='bbox 1217 2321 1301 2390; x_wconf 91' lang='lat' dir='ltr'>D.</span> <span class='ocrx_word' id='word_1_134' title='bbox 1338 2317 1784 2414; x_wconf 82' lang='lat' dir='ltr'>gubernator</span> <span class='ocrx_word' id='word_1_135' title='bbox 1812 2314 2207 2404; x_wconf 87' lang='lat' dir='ltr'>Catalonie,</span> <span class='ocrx_word' id='word_1_136' title='bbox 2244 2322 2490 2390; x_wconf 87' lang='lat' dir='ltr'>orator</span> <span class='ocrx_word' id='word_1_137' title='bbox 2503 2316 2696 2413; x_wconf 88' lang='lat' dir='ltr'>regis</span> <span class='ocrx_word' id='word_1_138' title='bbox 2727 2323 2800 2389; x_wconf 87' lang='lat' dir='ltr'>et</span> <span class='ocrx_word' id='word_1_139' title='bbox 2833 2316 3080 2415; x_wconf 86' lang='lat' dir='ltr'>regine</span> <span class='ocrx_word' id='word_1_140' title='bbox 3111 2317 3381 2416; x_wconf 86' lang='lat' dir='ltr'>Hispa-</span> 
     </span>
     <span class='ocr_line' id='line_1_16' title="bbox 711 2439 3380 2539; baseline 0 -25"><span class='ocrx_word' id='word_1_141' title='bbox 711 2441 1020 2533; x_wconf 88' lang='lat' dir='ltr'>niarum,</span> <span class='ocrx_word' id='word_1_142' title='bbox 1058 2444 1179 2539; x_wconf 92' lang='lat' dir='ltr'>qui</span> <span class='ocrx_word' id='word_1_143' title='bbox 1228 2450 1469 2516; x_wconf 87' lang='lat' dir='ltr'>tamen</span> <span class='ocrx_word' id='word_1_144' title='bbox 1514 2440 1743 2515; x_wconf 87' lang='lat' dir='ltr'>noluit</span> <span class='ocrx_word' id='word_1_145' title='bbox 1787 2441 2239 2515; x_wconf 86' lang='lat' dir='ltr'>coronationi</span> <span class='ocrx_word' id='word_1_146' title='bbox 2281 2439 2628 2515; x_wconf 85' lang='lat' dir='ltr'>interesse</span> <span class='ocrx_word' id='word_1_147' title='bbox 2668 2447 2966 2538; x_wconf 89' lang='lat' dir='ltr'>propter</span> <span class='ocrx_word' id='word_1_148' title='bbox 3007 2448 3380 2516; x_wconf 89' lang='lat' dir='ltr'>oratorem</span> 
     </span>
     <span class='ocr_line' id='line_1_17' title="bbox 711 2566 3378 2665; baseline 0.001 -25"><span class='ocrx_word' id='word_1_149' title='bbox 711 2568 902 2665; x_wconf 84' lang='lat' dir='ltr'>regis</span> <span class='ocrx_word' id='word_1_150' title='bbox 936 2572 1451 2658; x_wconf 88' lang='lat' dir='ltr'>Romanorum,</span> <span class='ocrx_word' id='word_1_151' title='bbox 1490 2568 1602 2641; x_wconf 88' lang='lat' dir='ltr'>cui</span> <span class='ocrx_word' id='word_1_152' title='bbox 1637 2567 1930 2642; x_wconf 91' lang='lat' dir='ltr'>nolebat</span> <span class='ocrx_word' id='word_1_153' title='bbox 1975 2568 2262 2656; x_wconf 87' lang='lat' dir='ltr'>cedere,</span> <span class='ocrx_word' id='word_1_154' title='bbox 2300 2568 2432 2640; x_wconf 91' lang='lat' dir='ltr'>sed</span> <span class='ocrx_word' id='word_1_155' title='bbox 2473 2567 2712 2663; x_wconf 90' lang='lat' dir='ltr'>ipsum</span> <span class='ocrx_word' id='word_1_156' title='bbox 2741 2566 3135 2664; x_wconf 88' lang='lat' dir='ltr'>precedere</span> <span class='ocrx_word' id='word_1_157' title='bbox 3173 2568 3378 2643; x_wconf 84' lang='lat' dir='ltr'>vole-</span> 
     </span>
     <span class='ocr_line' id='line_1_18' title="bbox 709 2679 3370 2789; baseline 0 -26"><span class='ocrx_word' id='word_1_158' title='bbox 709 2692 866 2779; x_wconf 91' lang='lat' dir='ltr'>bat;</span> <span class='ocrx_word' id='word_1_159' title='bbox 893 2698 1188 2789; x_wconf 85' lang='lat' dir='ltr'>propter</span> <span class='ocrx_word' id='word_1_160' title='bbox 1213 2691 1405 2789; x_wconf 91' lang='lat' dir='ltr'>quod</span> <span class='ocrx_word' id='word_1_161' title='bbox 1436 2698 1727 2788; x_wconf 88' lang='lat' dir='ltr'>rogatus</span> <span class='ocrx_word' id='word_1_162' title='bbox 1754 2692 1887 2765; x_wconf 86' lang='lat' dir='ltr'>fuit</span> <span class='ocrx_word' id='word_1_163' title='bbox 1907 2695 2146 2788; x_wconf 91' lang='lat' dir='ltr'>perD.</span> <span class='ocrx_word' id='word_1_164' title='bbox 2177 2679 2646 2781; x_wconf 84' lang='lat' dir='ltr'>Fridericum,</span> <span class='ocrx_word' id='word_1_165' title='bbox 2677 2692 2872 2787; x_wconf 90' lang='lat' dir='ltr'>quod</span> <span class='ocrx_word' id='word_1_166' title='bbox 2891 2714 3034 2765; x_wconf 91' lang='lat' dir='ltr'>non</span> <span class='ocrx_word' id='word_1_167' title='bbox 3057 2692 3370 2783; x_wconf 87' lang='lat' dir='ltr'>veniret,</span> 
     </span>
     <span class='ocr_line' id='line_1_19' title="bbox 707 2816 1144 2914; baseline -0.002 -25"><span class='ocrx_word' id='word_1_168' title='bbox 707 2816 1144 2914; x_wconf 87' lang='lat' dir='ltr'>proutfecit.</span> 
     </span>
    </p>

    <p class='ocr_par' dir='ltr' id='par_1_3' title="bbox 680 2939 3372 4627">
     <span class='ocr_line' id='line_1_20' title="bbox 806 2939 3372 3039; baseline 0 -25"><span class='ocrx_word' id='word_1_169' title='bbox 806 2943 1291 3017; x_wconf 78' lang='lat' dir='ltr'>interfuerunt</span> <span class='ocrx_word' id='word_1_170' title='bbox 1328 2950 1571 3016; x_wconf 88' lang='lat' dir='ltr'>orator</span> <span class='ocrx_word' id='word_1_171' title='bbox 1601 2941 1844 3039; x_wconf 85' lang='lat' dir='ltr'>magni</span> <span class='ocrx_word' id='word_1_172' title='bbox 1884 2939 2096 3014; x_wconf 89' lang='lat' dir='ltr'>Turci</span> <span class='ocrx_word' id='word_1_173' title='bbox 2137 2963 2302 3013; x_wconf 91' lang='lat' dir='ltr'>cum</span> <span class='ocrx_word' id='word_1_174' title='bbox 2341 2940 2673 3037; x_wconf 88' lang='lat' dir='ltr'>personis</span> <span class='ocrx_word' id='word_1_175' title='bbox 2701 2963 2804 3014; x_wconf 85' lang='lat' dir='ltr'>xn</span> <span class='ocrx_word' id='word_1_176' title='bbox 2845 2939 2953 3015; x_wconf 83' lang='lat' dir='ltr'>vel</span> <span class='ocrx_word' id='word_1_177' title='bbox 2984 2940 3208 3031; x_wconf 84' lang='lat' dir='ltr'>circa,</span> <span class='ocrx_word' id='word_1_178' title='bbox 3249 2940 3372 3039; x_wconf 90' lang='lat' dir='ltr'>qui</span> 
     </span>
     <span class='ocr_line' id='line_1_21' title="bbox 700 3065 3368 3171; baseline 0.001 -32"><span class='ocrx_word' id='word_1_179' title='bbox 700 3065 945 3140; x_wconf 89' lang='lat' dir='ltr'>locum</span> <span class='ocrx_word' id='word_1_180' title='bbox 991 3067 1403 3142; x_wconf 87' lang='lat' dir='ltr'>habuerunt</span> <span class='ocrx_word' id='word_1_181' title='bbox 1452 3091 1671 3171; x_wconf 85' lang='lat' dir='ltr'>supra</span> <span class='ocrx_word' id='word_1_182' title='bbox 1716 3090 1974 3141; x_wconf 85' lang='lat' dir='ltr'>navem</span> <span class='ocrx_word' id='word_1_183' title='bbox 2024 3065 2510 3139; x_wconf 84' lang='lat' dir='ltr'>collateralem</span> <span class='ocrx_word' id='word_1_184' title='bbox 2555 3066 2864 3141; x_wconf 89' lang='lat' dir='ltr'>ecclesie</span> <span class='ocrx_word' id='word_1_185' title='bbox 2906 3067 2998 3141; x_wconf 91' lang='lat' dir='ltr'>ad</span> <span class='ocrx_word' id='word_1_186' title='bbox 3035 3067 3368 3143; x_wconf 84' lang='lat' dir='ltr'>dextram</span> 
     </span>
     <span class='ocr_line' id='line_1_22' title="bbox 701 3189 3368 3290; baseline 0.001 -29"><span class='ocrx_word' id='word_1_187' title='bbox 701 3189 1149 3281; x_wconf 84' lang='lat' dir='ltr'>intrantium,</span> <span class='ocrx_word' id='word_1_188' title='bbox 1185 3200 1409 3282; x_wconf 89' lang='lat' dir='ltr'>retro,</span> <span class='ocrx_word' id='word_1_189' title='bbox 1447 3200 1519 3265; x_wconf 91' lang='lat' dir='ltr'>et</span> <span class='ocrx_word' id='word_1_190' title='bbox 1552 3216 1769 3290; x_wconf 89' lang='lat' dir='ltr'>supra</span> <span class='ocrx_word' id='word_1_191' title='bbox 1800 3190 2106 3287; x_wconf 84' lang='lat' dir='ltr'>gradum</span> <span class='ocrx_word' id='word_1_192' title='bbox 2139 3191 2208 3262; x_wconf 90' lang='lat' dir='ltr'>in</span> <span class='ocrx_word' id='word_1_193' title='bbox 2240 3190 2467 3264; x_wconf 90' lang='lat' dir='ltr'>choro</span> <span class='ocrx_word' id='word_1_194' title='bbox 2497 3192 3016 3266; x_wconf 85' lang='lat' dir='ltr'>canonicorum</span> <span class='ocrx_word' id='word_1_195' title='bbox 3045 3192 3136 3266; x_wconf 90' lang='lat' dir='ltr'>ad</span> <span class='ocrx_word' id='word_1_196' title='bbox 3169 3191 3368 3265; x_wconf 88' lang='lat' dir='ltr'>illam</span> 
     </span>
     <span class='ocr_line' id='line_1_23' title="bbox 698 3314 3366 3415; baseline 0.002 -29"><span class='ocrx_word' id='word_1_197' title='bbox 698 3336 997 3387; x_wconf 88' lang='lat' dir='ltr'>manum</span> <span class='ocrx_word' id='word_1_198' title='bbox 1027 3324 1386 3413; x_wconf 87' lang='lat' dir='ltr'>paratum,</span> <span class='ocrx_word' id='word_1_199' title='bbox 1424 3318 1545 3413; x_wconf 85' lang='lat' dir='ltr'>qui</span> <span class='ocrx_word' id='word_1_200' title='bbox 1577 3321 1996 3389; x_wconf 85' lang='lat' dir='ltr'>manserunt</span> <span class='ocrx_word' id='word_1_201' title='bbox 2032 3314 2099 3387; x_wconf 91' lang='lat' dir='ltr'>in</span> <span class='ocrx_word' id='word_1_202' title='bbox 2130 3314 2468 3405; x_wconf 89' lang='lat' dir='ltr'>ecclesia,</span> <span class='ocrx_word' id='word_1_203' title='bbox 2495 3340 2720 3413; x_wconf 88' lang='lat' dir='ltr'>usque</span> <span class='ocrx_word' id='word_1_204' title='bbox 2752 3316 2844 3390; x_wconf 88' lang='lat' dir='ltr'>ad</span> <span class='ocrx_word' id='word_1_205' title='bbox 2875 3318 3366 3415; x_wconf 82' lang='lat' dir='ltr'>prefationem</span> 
     </span>
     <span class='ocr_line' id='line_1_24' title="bbox 698 3436 3358 3541; baseline 0.003 -33"><span class='ocrx_word' id='word_1_206' title='bbox 698 3436 773 3509; x_wconf 92' lang='lat' dir='ltr'>in</span> <span class='ocrx_word' id='word_1_207' title='bbox 821 3438 1043 3511; x_wconf 88' lang='lat' dir='ltr'>missa</span> <span class='ocrx_word' id='word_1_208' title='bbox 1089 3438 1307 3513; x_wconf 87' lang='lat' dir='ltr'>dicta.</span> <span class='ocrx_word' id='word_1_209' title='bbox 1364 3446 1595 3526; x_wconf 84' lang='lat' dir='ltr'>Quam</span> <span class='ocrx_word' id='word_1_210' title='bbox 1628 3464 1795 3514; x_wconf 90' lang='lat' dir='ltr'>cum</span> <span class='ocrx_word' id='word_1_211' title='bbox 1842 3441 2124 3537; x_wconf 80' lang='lat' dir='ltr'>legatus</span> <span class='ocrx_word' id='word_1_212' title='bbox 2173 3440 2445 3515; x_wconf 89' lang='lat' dir='ltr'>diceret</span> <span class='ocrx_word' id='word_1_213' title='bbox 2494 3442 2583 3515; x_wconf 90' lang='lat' dir='ltr'>ivi</span> <span class='ocrx_word' id='word_1_214' title='bbox 2629 3443 2719 3516; x_wconf 91' lang='lat' dir='ltr'>ad</span> <span class='ocrx_word' id='word_1_215' title='bbox 2769 3466 3049 3541; x_wconf 82' lang='lat' dir='ltr'>regem,</span> <span class='ocrx_word' id='word_1_216' title='bbox 3087 3452 3161 3517; x_wconf 90' lang='lat' dir='ltr'>et</span> <span class='ocrx_word' id='word_1_217' title='bbox 3209 3444 3358 3517; x_wconf 80' lang='lat' dir='ltr'>dixi</span> 
     </span>
     <span class='ocr_line' id='line_1_25' title="bbox 697 3560 3358 3661; baseline 0.005 -31"><span class='ocrx_word' id='word_1_218' title='bbox 697 3560 1052 3657; x_wconf 83' lang='lat' dir='ltr'>Majestati</span> <span class='ocrx_word' id='word_1_219' title='bbox 1091 3586 1220 3637; x_wconf 89' lang='lat' dir='ltr'>sue</span> <span class='ocrx_word' id='word_1_220' title='bbox 1246 3564 1443 3661; x_wconf 85' lang='lat' dir='ltr'>quod</span> <span class='ocrx_word' id='word_1_221' title='bbox 1480 3587 1940 3661; x_wconf 90' lang='lat' dir='ltr'>nequaquam</span> <span class='ocrx_word' id='word_1_222' title='bbox 1982 3566 2396 3641; x_wconf 88' lang='lat' dir='ltr'>conveniret</span> <span class='ocrx_word' id='word_1_223' title='bbox 2429 3568 2712 3642; x_wconf 90' lang='lat' dir='ltr'>Turcho</span> <span class='ocrx_word' id='word_1_224' title='bbox 2749 3570 2840 3642; x_wconf 90' lang='lat' dir='ltr'>ad</span> <span class='ocrx_word' id='word_1_225' title='bbox 2879 3569 3358 3645; x_wconf 86' lang='lat' dir='ltr'>elevationem</span> 
     </span>
     <span class='ocr_line' id='line_1_26' title="bbox 696 3684 3353 3787; baseline 0.006 -35"><span class='ocrx_word' id='word_1_226' title='bbox 696 3684 1123 3758; x_wconf 86' lang='lat' dir='ltr'>sacramenti</span> <span class='ocrx_word' id='word_1_227' title='bbox 1157 3684 1227 3758; x_wconf 92' lang='lat' dir='ltr'>in</span> <span class='ocrx_word' id='word_1_228' title='bbox 1260 3686 1573 3759; x_wconf 89' lang='lat' dir='ltr'>ecclesia</span> <span class='ocrx_word' id='word_1_229' title='bbox 1601 3711 1789 3779; x_wconf 89' lang='lat' dir='ltr'>esse,</span> <span class='ocrx_word' id='word_1_230' title='bbox 1822 3690 1943 3786; x_wconf 87' lang='lat' dir='ltr'>qui</span> <span class='ocrx_word' id='word_1_231' title='bbox 1966 3689 2177 3763; x_wconf 88' lang='lat' dir='ltr'>vellet</span> <span class='ocrx_word' id='word_1_232' title='bbox 2203 3698 2592 3787; x_wconf 87' lang='lat' dir='ltr'>propterea</span> <span class='ocrx_word' id='word_1_233' title='bbox 2622 3694 2726 3767; x_wconf 91' lang='lat' dir='ltr'>eis</span> <span class='ocrx_word' id='word_1_234' title='bbox 2759 3695 3083 3768; x_wconf 90' lang='lat' dir='ltr'>mandari</span> <span class='ocrx_word' id='word_1_235' title='bbox 3105 3694 3353 3769; x_wconf 85' lang='lat' dir='ltr'>facere</span> 
     </span>
     <span class='ocr_line' id='line_1_27' title="bbox 695 3805 3355 3905; baseline 0.007 -29"><span class='ocrx_word' id='word_1_236' title='bbox 695 3812 770 3877; x_wconf 89' lang='lat' dir='ltr'>ut</span> <span class='ocrx_word' id='word_1_237' title='bbox 818 3805 1139 3896; x_wconf 80' lang='lat' dir='ltr'>exirent3</span> <span class='ocrx_word' id='word_1_238' title='bbox 1180 3810 1370 3905; x_wconf 91' lang='lat' dir='ltr'>quod</span> <span class='ocrx_word' id='word_1_239' title='bbox 1416 3811 1655 3885; x_wconf 90' lang='lat' dir='ltr'>statim</span> <span class='ocrx_word' id='word_1_240' title='bbox 1701 3814 1894 3903; x_wconf 86' lang='lat' dir='ltr'>fecit,</span> <span class='ocrx_word' id='word_1_241' title='bbox 1933 3822 2004 3888; x_wconf 91' lang='lat' dir='ltr'>et</span> <span class='ocrx_word' id='word_1_242' title='bbox 2052 3826 2533 3891; x_wconf 90' lang='lat' dir='ltr'>recesserunt.</span> <span class='ocrx_word' id='word_1_243' title='bbox 2590 3818 3074 3894; x_wconf 84' lang='lat' dir='ltr'>Intersuerunt</span> <span class='ocrx_word' id='word_1_244' title='bbox 3131 3821 3355 3895; x_wconf 87' lang='lat' dir='ltr'>etiam</span> 
     </span>
     <span class='ocr_line' id='line_1_28' title="bbox 692 3930 3353 4042; baseline 0.007 -41"><span class='ocrx_word' id='word_1_245' title='bbox 692 3930 1143 4006; x_wconf 88' lang='lat' dir='ltr'>coronationi</span> <span class='ocrx_word' id='word_1_246' title='bbox 1193 3932 1606 4031; x_wconf 89' lang='lat' dir='ltr'>hujusmodi</span> <span class='ocrx_word' id='word_1_247' title='bbox 1666 3938 1771 4010; x_wconf 90' lang='lat' dir='ltr'>Ill.</span> <span class='ocrx_word' id='word_1_248' title='bbox 1834 3938 2132 4015; x_wconf 87' lang='lat' dir='ltr'>domina</span> <span class='ocrx_word' id='word_1_249' title='bbox 2179 3941 2447 4035; x_wconf 83' lang='lat' dir='ltr'>Infans,</span> <span class='ocrx_word' id='word_1_250' title='bbox 2499 3967 2708 4020; x_wconf 88' lang='lat' dir='ltr'>soror</span> <span class='ocrx_word' id='word_1_251' title='bbox 2758 3945 2950 4042; x_wconf 85' lang='lat' dir='ltr'>regis</span> <span class='ocrx_word' id='word_1_252' title='bbox 2997 3945 3353 4042; x_wconf 81' lang='lat' dir='ltr'>Alphonsi</span> 
     </span>
     <span class='ocr_line' id='line_1_29' title="bbox 694 4055 3355 4168; baseline 0.009 -45"><span class='ocrx_word' id='word_1_253' title='bbox 694 4055 1045 4145; x_wconf 86' lang='lat' dir='ltr'>coronati,</span> <span class='ocrx_word' id='word_1_254' title='bbox 1082 4063 1157 4129; x_wconf 86' lang='lat' dir='ltr'>et</span> <span class='ocrx_word' id='word_1_255' title='bbox 1189 4057 1412 4154; x_wconf 90' lang='lat' dir='ltr'>ipsius</span> <span class='ocrx_word' id='word_1_256' title='bbox 1452 4060 1646 4155; x_wconf 83' lang='lat' dir='ltr'>regis</span> <span class='ocrx_word' id='word_1_257' title='bbox 1693 4060 1864 4152; x_wconf 82' lang='lat' dir='ltr'>filia,</span> <span class='ocrx_word' id='word_1_258' title='bbox 1902 4088 2042 4159; x_wconf 91' lang='lat' dir='ltr'>que</span> <span class='ocrx_word' id='word_1_259' title='bbox 2092 4071 2445 4142; x_wconf 85' lang='lat' dir='ltr'>steterunt</span> <span class='ocrx_word' id='word_1_260' title='bbox 2487 4070 2560 4143; x_wconf 89' lang='lat' dir='ltr'>in</span> <span class='ocrx_word' id='word_1_261' title='bbox 2601 4070 2833 4168; x_wconf 90' lang='lat' dir='ltr'>capite</span> <span class='ocrx_word' id='word_1_262' title='bbox 2875 4070 3074 4145; x_wconf 87' lang='lat' dir='ltr'>navis</span> <span class='ocrx_word' id='word_1_263' title='bbox 3111 4074 3355 4147; x_wconf 91' lang='lat' dir='ltr'>medie</span> 
     </span>
     <span class='ocr_line' id='line_1_30' title="bbox 690 4176 3352 4295; baseline 0.008 -46"><span class='ocrx_word' id='word_1_264' title='bbox 690 4176 780 4250; x_wconf 88' lang='lat' dir='ltr'>ad</span> <span class='ocrx_word' id='word_1_265' title='bbox 821 4178 1184 4254; x_wconf 87' lang='lat' dir='ltr'>sinistram</span> <span class='ocrx_word' id='word_1_266' title='bbox 1233 4182 1541 4258; x_wconf 91' lang='lat' dir='ltr'>ecclesie</span> <span class='ocrx_word' id='word_1_267' title='bbox 1593 4184 2044 4280; x_wconf 85' lang='lat' dir='ltr'>intrantium,</span> <span class='ocrx_word' id='word_1_268' title='bbox 2082 4193 2282 4287; x_wconf 89' lang='lat' dir='ltr'>quasi</span> <span class='ocrx_word' id='word_1_269' title='bbox 2333 4217 2550 4291; x_wconf 91' lang='lat' dir='ltr'>supra</span> <span class='ocrx_word' id='word_1_270' title='bbox 2586 4194 2986 4271; x_wconf 89' lang='lat' dir='ltr'>thalamum</span> <span class='ocrx_word' id='word_1_271' title='bbox 3019 4198 3242 4295; x_wconf 87' lang='lat' dir='ltr'>regis,</span> <span class='ocrx_word' id='word_1_272' title='bbox 3281 4206 3352 4273; x_wconf 92' lang='lat' dir='ltr'>et</span> 
     </span>
     <span class='ocr_line' id='line_1_31' title="bbox 688 4300 3354 4421; baseline 0.009 -49"><span class='ocrx_word' id='word_1_273' title='bbox 688 4300 919 4374; x_wconf 88' lang='lat' dir='ltr'>videri</span> <span class='ocrx_word' id='word_1_274' title='bbox 967 4325 1113 4377; x_wconf 90' lang='lat' dir='ltr'>non</span> <span class='ocrx_word' id='word_1_275' title='bbox 1160 4311 1546 4403; x_wconf 88' lang='lat' dir='ltr'>potuerunt</span> <span class='ocrx_word' id='word_1_276' title='bbox 1590 4310 1759 4405; x_wconf 89' lang='lat' dir='ltr'>quia</span> <span class='ocrx_word' id='word_1_277' title='bbox 1806 4313 2172 4388; x_wconf 89' lang='lat' dir='ltr'>habebant</span> <span class='ocrx_word' id='word_1_278' title='bbox 2219 4340 2466 4392; x_wconf 89' lang='lat' dir='ltr'>coram</span> <span class='ocrx_word' id='word_1_279' title='bbox 2515 4346 2593 4393; x_wconf 88' lang='lat' dir='ltr'>se</span> <span class='ocrx_word' id='word_1_280' title='bbox 2639 4320 3015 4419; x_wconf 81' lang='lat' dir='ltr'>gelosiam,</span> <span class='ocrx_word' id='word_1_281' title='bbox 3051 4332 3354 4421; x_wconf 88' lang='lat' dir='ltr'>propter</span> 
     </span>
     <span class='ocr_line' id='line_1_32' title="bbox 686 4425 3344 4543; baseline 0.008 -43"><span class='ocrx_word' id='word_1_282' title='bbox 686 4425 962 4500; x_wconf 89' lang='lat' dir='ltr'>obitum</span> <span class='ocrx_word' id='word_1_283' title='bbox 1001 4430 1193 4527; x_wconf 88' lang='lat' dir='ltr'>regis</span> <span class='ocrx_word' id='word_1_284' title='bbox 1227 4433 1697 4528; x_wconf 81' lang='lat' dir='ltr'>Ferdinandi3</span> <span class='ocrx_word' id='word_1_285' title='bbox 1727 4444 2026 4536; x_wconf 89' lang='lat' dir='ltr'>propter</span> <span class='ocrx_word' id='word_1_286' title='bbox 2053 4440 2246 4537; x_wconf 89' lang='lat' dir='ltr'>quod</span> <span class='ocrx_word' id='word_1_287' title='bbox 2277 4444 2382 4517; x_wconf 90' lang='lat' dir='ltr'>eis</span> <span class='ocrx_word' id='word_1_288' title='bbox 2424 4446 2496 4519; x_wconf 89' lang='lat' dir='ltr'>in</span> <span class='ocrx_word' id='word_1_289' title='bbox 2525 4445 2894 4543; x_wconf 90' lang='lat' dir='ltr'>publicum</span> <span class='ocrx_word' id='word_1_290' title='bbox 2921 4448 3168 4522; x_wconf 84' lang='lat' dir='ltr'>venire</span> <span class='ocrx_word' id='word_1_291' title='bbox 3201 4470 3344 4523; x_wconf 88' lang='lat' dir='ltr'>nou</span> 
     </span>
     <span class='ocr_line' id='line_1_33' title="bbox 680 4550 3048 4627; baseline 0.017 -6"><span class='ocrx_word' id='word_1_292' title='bbox 680 4550 968 4627; x_wconf 81' lang='lat' dir='ltr'>licebat.</span> <span class='ocrx_word' id='word_1_293' title='bbox 3039 4576 3048 4583; x_wconf 63' lang='grc'><strong><em>’</em></strong></span> 
     </span>
    </p>

    <p class='ocr_par' dir='ltr' id='par_1_4' title="bbox 680 4680 3344 4904">
     <span class='ocr_line' id='line_1_34' title="bbox 780 4680 3344 4796; baseline 0.01 -49"><span class='ocrx_word' id='word_1_294' title='bbox 780 4680 1262 4753; x_wconf 85' lang='lat' dir='ltr'>lntersuerunt</span> <span class='ocrx_word' id='word_1_295' title='bbox 1288 4684 1506 4757; x_wconf 87' lang='lat' dir='ltr'>etiam</span> <span class='ocrx_word' id='word_1_296' title='bbox 1538 4686 1779 4760; x_wconf 91' lang='lat' dir='ltr'>eidem</span> <span class='ocrx_word' id='word_1_297' title='bbox 1808 4690 2256 4767; x_wconf 90' lang='lat' dir='ltr'>coronationi</span> <span class='ocrx_word' id='word_1_298' title='bbox 2286 4693 2540 4791; x_wconf 89' lang='lat' dir='ltr'>prelati</span> <span class='ocrx_word' id='word_1_299' title='bbox 2571 4695 2800 4792; x_wconf 86' lang='lat' dir='ltr'>parati</span> <span class='ocrx_word' id='word_1_300' title='bbox 2836 4701 2908 4771; x_wconf 89' lang='lat' dir='ltr'>et</span> <span class='ocrx_word' id='word_1_301' title='bbox 2935 4719 3082 4772; x_wconf 89' lang='lat' dir='ltr'>non</span> <span class='ocrx_word' id='word_1_302' title='bbox 3113 4698 3344 4796; x_wconf 86' lang='lat' dir='ltr'>parati</span> 
     </span>
     <span class='ocr_line' id='line_1_35' title="bbox 680 4810 2138 4904; baseline 0.015 -34"><span class='ocrx_word' id='word_1_303' title='bbox 680 4822 825 4891; x_wconf 79' lang='lat' dir='ltr'>Lm,</span> <span class='ocrx_word' id='word_1_304' title='bbox 850 4824 1157 4898; x_wconf 89' lang='lat' dir='ltr'>quorum</span> <span class='ocrx_word' id='word_1_305' title='bbox 1186 4828 1229 4878; x_wconf 82' lang='lat' dir='ltr'>L</span> <span class='ocrx_word' id='word_1_306' title='bbox 1256 4810 1487 4904; x_wconf 87' lang='lat' dir='ltr'>parati</span> <span class='ocrx_word' id='word_1_307' title='bbox 1520 4820 1723 4887; x_wconf 87' lang='lat' dir='ltr'>erant</span> <span class='ocrx_word' id='word_1_308' title='bbox 1752 4814 2086 4891; x_wconf 88' lang='lat' dir='ltr'>videlicet</span> <span class='ocrx_word' id='word_1_309' title='bbox 2123 4843 2138 4891; x_wconf 74' lang='grc' dir='ltr'><em>τ</em></span> 
     </span>
    </p>

    <p class='ocr_par' dir='ltr' id='par_1_5' title="bbox 670 4922 3344 5300">
     <span class='ocr_line' id='line_1_36' title="bbox 772 4922 3344 5049; baseline 0.012 -55"><span class='ocrx_word' id='word_1_310' title='bbox 772 4922 1183 5000; x_wconf 86' lang='lat' dir='ltr'>Alexander</span> <span class='ocrx_word' id='word_1_311' title='bbox 1212 4932 1802 5037; x_wconf 88' lang='lat' dir='ltr'>archiepiscopus</span> <span class='ocrx_word' id='word_1_312' title='bbox 1833 4942 2372 5040; x_wconf 53' lang='lat' dir='ltr'>Neapolitanus</span> <span class='ocrx_word' id='word_1_313' title='bbox 2411 4990 2506 5002; x_wconf 88' lang='lat'><strong>—</strong></span> <span class='ocrx_word' id='word_1_314' title='bbox 2529 4950 2565 5021; x_wconf 84' lang='lat' dir='ltr'>J</span> <span class='ocrx_word' id='word_1_315' title='bbox 2573 4946 2889 5025; x_wconf 85' lang='lat' dir='ltr'>ordanus</span> <span class='ocrx_word' id='word_1_316' title='bbox 2927 4948 3344 5049; x_wconf 86' lang='lat' dir='ltr'>patriarcha</span> 
     </span>
     <span class='ocr_line' id='line_1_37' title="bbox 670 5048 3340 5175; baseline 0.012 -56"><span class='ocrx_word' id='word_1_317' title='bbox 670 5048 1166 5123; x_wconf 87' lang='lat' dir='ltr'>Antiochenus</span> <span class='ocrx_word' id='word_1_318' title='bbox 1223 5057 1811 5162; x_wconf 89' lang='lat' dir='ltr'>archiepiscopus</span> <span class='ocrx_word' id='word_1_319' title='bbox 1871 5070 2277 5164; x_wconf 78' lang='lat' dir='ltr'>capuanus.</span> <span class='ocrx_word' id='word_1_320' title='bbox 2329 5115 2424 5127; x_wconf 89' lang='lat'><em>-</em></span> <span class='ocrx_word' id='word_1_321' title='bbox 2470 5074 2881 5172; x_wconf 85' lang='lat' dir='ltr'>Stephanus</span> <span class='ocrx_word' id='word_1_322' title='bbox 2935 5073 3340 5175; x_wconf 82' lang='lat' dir='ltr'>archiepis-</span> 
     </span>
     <span class='ocr_line' id='line_1_38' title="bbox 670 5178 3335 5300; baseline 0.01 -53"><span class='ocrx_word' id='word_1_323' title='bbox 670 5196 895 5273; x_wconf 89' lang='lat' dir='ltr'>copus</span> <span class='ocrx_word' id='word_1_324' title='bbox 930 5178 1411 5273; x_wconf 78' lang='lat' dir='ltr'>PatracensiS,</span> <span class='ocrx_word' id='word_1_325' title='bbox 1448 5186 1830 5287; x_wconf 89' lang='lat' dir='ltr'>episcopus</span> <span class='ocrx_word' id='word_1_326' title='bbox 1852 5193 2340 5272; x_wconf 82' lang='lat' dir='ltr'>Torcellanus.</span> <span class='ocrx_word' id='word_1_327' title='bbox 2369 5200 2904 5279; x_wconf 85' lang='lat' dir='ltr'>-Vincentius</span> <span class='ocrx_word' id='word_1_328' title='bbox 2934 5200 3335 5300; x_wconf 88' lang='lat' dir='ltr'>archiepis-</span> 
     </span>
    </p>
   </div>
   <div class='ocr_carea' id='block_1_3' title="bbox 3527 5076 3539 5980">
    <p class='ocr_par' dir='ltr' id='par_1_6' title="bbox 3527 5076 3539 5980">
     <span class='ocr_line' id='line_1_39' title="bbox 3527 5076 3539 5980; baseline 0 0"><span class='ocrx_word' id='word_1_329' title='bbox 3527 5076 3539 5980; x_wconf 95' lang='lat' dir='ltr'> </span> 
     </span>
    </p>
   </div>
  </div>
 </body>
</html>
