3625 6059
742 584 848 639 351
1651 586 1680 641 J
1687 584 1935 641 OHANN
1939 586 2003 642 IS
2052 584 2495 656 BURCHARDI,
3008 586 3244 647 [Feri-ier
3272 590 3393 650 {⁴971

749 744 827 813 P.
882 745 965 814 D.
1005 738 1480 837 Stephanum,
1519 739 1940 838 episcopum
1980 746 2517 831 Cattacencem,
2550 740 2863 814 ecclesia
2894 764 2955 813 s.
2995 742 3179 815 Celsi
3206 744 3393 840 juxta

745 873 1044 965 pontem
1085 893 1143 941 s.
1191 867 1448 965 Angeli
1500 868 1588 942 de
1641 868 1827 942 Urbe
1881 890 1968 942 ex
2008 890 2097 942 eo
2140 866 2404 941 violata
2458 866 2657 962 quod
2716 864 2857 940 duo
2914 888 3007 940 ex
3048 866 3397 941 canonicis

745 992 1076 1091 ejusdem
1117 991 1424 1067 ecclesie
1465 991 1538 1065 in
1581 1016 1670 1065 ea
1695 992 2053 1067 violenter
2091 991 2184 1065 ad
2224 990 2595 1089 sanguinis
2641 990 3075 1066 effusionem
3118 1017 3397 1090 percus-

747 1121 996 1191 serunt
1031 1140 1112 1190 se
1143 1116 1236 1191 ad
1273 1117 1581 1190 invicem
1615 1120 1744 1211 (1).

843 1241 1052 1316 Fet-ia
1097 1242 1374 1339 quinta,
1422 1248 1464 1315 2
1514 1242 1887 1331 februarii,
1929 1243 2117 1315 festo
2162 1240 2687 1337 purificationis
2738 1243 2953 1316 beate
3002 1242 3227 1315 Marie
3274 1242 3393 1314 vir-

744 1366 960 1465 giniS‚
1011 1370 1139 1441 SS.
1189 1372 1274 1441 D.
1313 1374 1565 1441 noster
1599 1374 1893 1464 paratus
1927 1388 2135 1440 more
2170 1365 2381 1439 solito
2414 1365 2606 1440 venit
2648 1365 2741 1439 ad
2783 1366 3141 1463 capellam
3181 1367 3391 1463 majo-

743 1517 928 1583 rem,
953 1493 1075 1566 ubi
1104 1492 1471 1569 benedixit
1502 1493 1841 1567 candelas
1872 1499 1944 1566 et
1983 1490 2347 1566 distribuit
2371 1514 2573 1564 more
2614 1492 2852 1565 solit0.
2880 1490 3391 1564 Illustrissimus

747 1621 835 1689 D.
882 1616 1250 1691 Johannes
1293 1615 1558 1690 Sl'ortia
1604 1615 1884 1689 Pisauri
1930 1639 1971 1689 a
2020 1614 2293 1688 dextris
2334 1617 2404 1686 et
2452 1620 2747 1686 senator
2784 1638 2828 1687 a
2866 1616 3174 1690 sinistris
3223 1621 3391 1714 Pape

747 1747 1142 1816 tenuerunt
1197 1742 1536 1815 candelas
1595 1741 1911 1840 majores
1977 1764 1993 1812 :
2059 1744 2301 1813 orator
2359 1738 2659 1811 dominii
2724 1744 3169 1815 Venetorum
3220 1742 3391 1817 dedit

747 1890 1012 1964 aquam
1053 1866 1388 1941 manibus
1420 1870 1612 1965 Pape
1659 1872 1824 1965 post
1868 1865 2334 1940 candelarum
2374 1862 3002 1957 distributionem;
3046 1869 3391 1965 processio

823 2144 874 2202 1.
917 2144 1024 2201 Ces
1064 2146 1258 2199 soenes
1296 2142 1364 2198 de
1405 2140 1649 2199 violence
1688 2140 1892 2199 etaient
1922 2142 2062 2199 dans
2100 2141 2181 2199 les
2219 2160 2423 2199 moeurs
2452 2148 2509 2199 et
2546 2160 2606 2199 se
2636 2130 3047 2201 reneuvelaient
3086 2149 3333 2203 souvent:
3360 2142 3386 2196 il

751 2231 922 2302 suffit,
951 2248 1092 2305 pour
1121 2230 1238 2288 s'en
1265 2230 1610 2303 convaincre,
1643 2231 1712 2287 de
1746 2230 2027 2305 parcourir
2066 2232 2145 2288 les
2184 2231 2349 2289 ecrite
2388 2231 2847 2306 contemporains.
2887 2232 3129 2301 Muralti‚
3154 2232 3289 2289 dans
3314 2251 3387 2288 ses

749 2322 998 2381 Annalia
1028 2320 1366 2392 (Mediouali,
1400 2322 1584 2391 1861),
1614 2321 1702 2378 ch.
1735 2338 1814 2391 xl,
1846 2339 1903 2395 p.
1933 2322 2025 2389 57,
2056 2328 2275 2378 raconte
2304 2340 2381 2379 un
2419 2321 2639 2379 combat
2664 2340 2734 2379 en
2764 2322 2915 2397 regle
2944 2323 3045 2379 des
3075 2322 3259 2379 Freres
3284 2340 3387 2379 con-

751 2410 1000 2467 ventuels
1038 2410 1107 2465 de
1137 2407 1581 2480 Saint-Franqois
1613 2414 1790 2467 armes
1823 2411 1891 2467 de
1931 2410 2228 2480 cuirasseS,
2256 2410 2325 2466 de
2352 2409 2579 2467 balistes
2617 2418 2673 2467 et
2707 2410 3094 2485 d’escopette8‚
3122 2419 3297 2468 contre
3323 2410 3383 2465 les

751 2516 966 2557 nonnea
995 2500 1066 2555 de
1103 2497 1483 2556 Saint-Pierre
1521 2501 1590 2556 de
1632 2498 1873 2573 Broglie‚
1916 2503 1949 2557 a
1986 2498 2152 2557 Come
2192 2498 2401 2572 (1499).
2444 2499 2600 2556 Paris
2652 2502 2723 2557 de
2770 2500 2993 2557 Grassis
3044 2506 3241 2557 reti-ace
3276 2516 3385 2555 arec

750 2587 1150 2663 complaisance
1181 2606 1288 2645 une
1319 2594 1483 2647 scene
1514 2588 1876 2645 scandaleuse
1917 2590 2055 2646 dont
2080 2588 2119 2645 il
2144 2590 2230 2647 fut
2262 2588 2313 2645 le
2352 2589 2539 2647 heros.
2574 2588 2773 2647 C'etait
2812 2589 2861 2647 le
2900 2592 2973 2646 20
3006 2590 3217 2647 octobre
3242 2590 3385 2653 150⁸,

751 2681 914 2752 apres
943 2676 1138 2734 l’office
1169 2677 1380 2735 celebre
1409 2682 1443 2735 a
1470 2678 1524 2735 la
1549 2677 1806 2735 memoire
1834 2678 1912 2734 du
1938 2678 2178 2735 cardinal
2207 2680 2276 2735 de
2304 2676 2601 2737 Lisbonne.
2636 2680 2712 2735 Le
2738 2678 3103 2753 medicemur,
3130 2678 3177 2734 le
3202 2677 3385 2733 celebre

751 2764 989 2823 Thomas
1037 2766 1356 2841 Inghirami,
1399 2774 1568 2841 ayant
1603 2766 1768 2824 voulu
1805 2775 2082 2841 emporter
2109 2768 2163 2825 la
2204 2766 2329 2824 toile
2366 2766 2551 2841 peiute
2593 2766 2687 2841 qui
2725 2766 2999 2825 entourait
3026 2768 3077 2825 la
3104 2766 3291 2830 chaire,
3318 2763 3383 2819 les

750 2854 940 2912 Freres
971 2855 1044 2911 du
1075 2856 1282 2931 Peuple
1323 2856 1408 2930 s’y
1444 2862 1793 2931 opposerent‚
1830 2856 1881 2913 la
1918 2856 1993 2913 lui
2028 2859 2377 2914 arracherent
2417 2858 2517 2913 des
2554 2857 2735 2913 mains
2776 2864 2833 2915 et
2868 2858 3097 2915 allen-ent
3116 2855 3321 2932 jusqu'a
3346 2854 3383 2907 le

746 2943 982 3021 frapper.
1025 2944 1183 3003 Paris
1223 2946 1293 3002 de
1333 2946 1575 3017 GrassiS,
1615 2946 1709 3021 qui
1745 2946 1954 3004 voulait
1988 2946 2207 3005 retablir
2242 2946 2459 3015 l’ordre,
2488 2945 2575 3003 fut
2608 2947 2765 3003 traite
2802 2965 2937 3005 avec
2970 2946 3165 3003 dedain
3200 2962 3291 3021 par
3324 2960 3381 2997 un

747 3032 1037 3108 religieux.
1079 3034 1331 3093 Aussitot
1369 3033 1418 3092 le
1445 3041 1638 3094 maitre
1676 3036 1776 3093 des
1814 3035 2147 3094 ceremonies
2192 3035 2351 3093 saisit
2390 3053 2489 3093 son
2530 3034 2919 3093 interlocuteur
2952 3054 3051 3110 par
3084 3052 3178 3093 aon
3213 3048 3379 3105 scapu-

747 3120 880 3179 laire
905 3120 1040 3197 qu’il
1072 3122 1294 3180 dechira
1323 3130 1377 3181 et
1405 3126 1540 3184 dont
1567 3125 1604 3181 il
1635 3125 1750 3199 jeta
1777 3125 1859 3182 les
1892 3142 2180 3182 morceaux
2212 3127 2349 3181 dans
2378 3124 2609 3198 l'eglise,
2638 3130 2693 3181 et
2725 3124 2836 3181 l‘un
2866 3125 2967 3182 des
2996 3124 3182 3183 Freres
3206 3121 3381 3195 l’ayanl

745 3216 968 3269 menace
995 3212 1064 3267 de
1092 3212 1166 3269 lui
1196 3231 1378 3273 casser
1405 3216 1462 3273 la
1501 3220 1624 3285 tete,
1654 3215 1817 3272 Paris
1854 3216 1925 3272 de
1965 3214 2187 3273 Grassis
2226 3214 2275 3271 le
2314 3214 2425 3289 prit
2458 3230 2557 3289 par
2594 3213 2675 3271 les
2708 3214 2953 3271 cheveux
2982 3220 3039 3271 et
3064 3212 3143 3271 les
3176 3208 3377 3267 oscine.

746 3299 857 3357 afin
886 3302 955 3357 de
984 3301 1100 3357 voir
1130 3303 1216 3359 s'il
1247 3304 1415 3361 serait
1441 3322 1596 3361 assez
1625 3304 1929 3362 audacieux
1958 3322 2095 3379 pour
2124 3307 2379 3361 executer
2406 3320 2470 3360 sa
2497 3320 2740 3360 menace.

818 3410 848 3440 «
971 3388 1150 3447 Finito
1186 3392 1364 3449 officio
1403 3394 1596 3450 fratres
1636 3393 1703 3450 de
1740 3393 1954 3469 Populo
1984 3412 2093 3451 non
2123 3400 2185 3449 ut
2224 3392 2488 3467 religiosi,
2518 3409 2697 3465 neque
2736 3400 2798 3449 ut
2832 3390 3035 3449 milites
3064 3392 3284 3449 latrones
3310 3386 3377 3443 rel

744 3472 948 3549 publici
976 3475 1176 3548 sicarii,
1219 3480 1317 3535 sed
1357 3487 1418 3537 ut
1454 3481 1725 3539 maledicti
1769 3482 1969 3539 diaboli
2008 3482 2062 3538 in
2101 3500 2292 3540 omnes
2330 3481 2591 3556 impetum
2627 3482 2875 3539 fecerunt
2898 3489 3119 3556 propter
3154 3496 3309 3537 eei-am
3334 3486 3377 3533 et

743 3570 964 3639 propter
1002 3583 1067 3621 ea
1105 3568 1360 3627 utensilia
1397 3588 1504 3643 que
1541 3578 1698 3631 erant
1734 3572 1881 3629 circa
1916 3579 2175 3631 castrum.
2219 3572 2483 3629 Dominus
2526 3571 2699 3627 Fedra
2736 3570 3035 3645 predictuS,
3074 3590 3143 3629 ex
3175 3588 3235 3627 eo
3274 3565 3377 3641 quia

745 3653 939 3724 oravit,
962 3654 1133 3713 voluit
1155 3658 1356 3714 habere
1377 3666 1576 3717 certam
1601 3660 1762 3717 telam
1783 3660 1999 3735 nigram
2020 3661 2219 3735 pictam
2246 3660 2593 3716 circumcirca
2612 3659 2881 3735 pulpitum
2910 3678 3079 3734 super
3106 3678 3211 3735 quo
3234 3660 3375 3715 orant

744 3746 801 3797 et
837 3738 946 3814 ipsi
982 3758 1106 3798 eum
1145 3753 1552 3818 percusserunt,
1585 3754 1640 3805 et
1673 3749 1806 3822 quia
1841 3749 1989 3806 volui
2018 3748 2307 3823 prohibere
2338 3748 2676 3817 scandalum,
2710 3750 2873 3807 etiam
2912 3749 3037 3807 ausi
3072 3756 3199 3807 sunt
3222 3752 3377 3803 contra

743 3846 830 3885 me
864 3846 878 3885 z
912 3831 1008 3887 sed
1037 3832 1261 3906 quidam
1291 3834 1458 3893 frater
1483 3836 1654 3894 voluit
1675 3838 1859 3910 potius
1886 3837 2051 3895 telam
2072 3838 2307 3895 lacerare
2326 3856 2491 3912 quam
2511 3838 2781 3912 integram
2803 3837 3115 3913 relinquere
3136 3838 3199 3895 D.
3218 3836 3375 3897 Fedre.

743 3922 802 3974 et
826 3920 974 3993 quod
1009 3920 1113 3978 fuit
1148 3923 1274 3996 plus
1304 3930 1360 3982 et
1388 3926 1568 4000 pejuS,
1600 3926 1739 3985 dixit
1764 3928 1913 4001 quod
1948 3927 2003 3984 in
2040 3944 2220 3984 meum
2248 3928 2566 4001 despectum
2606 3925 2781 3985 voluit
2812 3944 2933 3984 eam
2972 3927 3203 3983 lacerare
3238 3934 3285 3981 et
3314 3922 3377 3977 sic

745 4010 1018 4070 laceravit.
1053 4014 1172 4088 Ego
1203 4020 1384 4071 autem
1405 4014 1526 4072 visa
1553 4015 1646 4073 tali
1669 4016 2008 4091 malignitate
2039 4024 2093 4073 et
2112 4016 2341 4091 perfidia
2362 4014 2648 4085 diabolica,
2668 4016 3006 4091 apprehendi
3036 4034 3159 4075 eum
3178 4032 3263 4091 per
3279 4028 3375 4068 sca-

741 4100 934 4173 pulare
961 4103 1108 4177 quod
1141 4109 1316 4161 totum
1354 4103 1564 4161 abscidi
1603 4112 1660 4163 et
1697 4124 1764 4163 ex
1795 4104 1937 4163 collo
1964 4104 2203 4163 levatum
2231 4105 2286 4161 in
2315 4103 2462 4161 mille
2490 4105 2665 4163 frusta
2694 4105 2875 4179 sparsi
2910 4122 3010 4179 per
3042 4104 3301 4163 ecclesiam
3322 4116 3375 4155 ac

742 4188 928 4263 ipsum
965 4192 1130 4248 etiam
1177 4191 1232 4249 in
1271 4193 1458 4250 tunica
1495 4194 1728 4252 laceravi
1766 4195 1955 4252 dicens
1994 4192 2227 4250 subinde
2260 4192 2519 4249 fratribus
2560 4192 2669 4249 nisi
2720 4212 2843 4249 eum
2880 4195 3157 4269 punirent,
3186 4210 3277 4269 ego
3306 4188 3371 4245 fa·

743 4295 922 4335 cerem
949 4297 1073 4337 eum
1103 4281 1302 4355 puniri.
1327 4284 1448 4353 Quo
1474 4284 1676 4340 factum
1705 4291 1794 4342 est
1813 4289 1877 4341 ut
1898 4282 2120 4358 quidam
2140 4280 2303 4351 alius,
2332 4286 2395 4337 ut
2424 4280 2531 4337 sibi
2559 4281 2869 4353 videbatur,
2897 4301 3130 4359 magnus
3160 4290 3370 4351 satrapus

745 4367 814 4423 ad
845 4385 931 4424 me
960 4369 1098 4425 clam
1127 4370 1352 4428 veniens
1381 4372 1440 4427 in
1467 4390 1561 4428 ore
1590 4372 1722 4429 mihi
1754 4371 2085 4441 surruravit3
2115 4372 2265 4446 quod
2294 4388 2399 4444 ego
2435 4388 2546 4427 non
2574 4372 2717 4428 bene
2744 4370 3085 4447 intelligens,
3112 4369 3300 4446 quesivi
3326 4370 3373 4420 ut

743 4457 852 4515 alte
882 4458 1103 4531 diceret,
1137 4469 1194 4520 et
1215 4470 1328 4520 tum
1359 4463 1556 4522 iterum
1590 4461 1899 4521 susurravit
1924 4462 2058 4519 mihi
2094 4460 2149 4515 in
2188 4477 2375 4517 aurem
2414 4460 2560 4533 quod
2596 4460 2705 4517 nisi
2740 4462 3037 4519 remedium
3076 4463 3247 4519 darem
3284 4451 3371 4529 ipsi

742 4544 938 4602 fratres
970 4548 1101 4605 mihi
1131 4559 1442 4626 rumperent
1481 4559 1645 4627 caput
1677 4570 1690 4607 :
1733 4550 1877 4607 illico
1915 4550 2033 4625 cepi
2075 4548 2227 4604 illum
2263 4547 2483 4603 fratrem
2524 4565 2620 4623 per
2656 4566 2817 4605 aures
2854 4558 2911 4607 et
2946 4550 3187 4625 capillos,
3216 4546 3369 4602 volens

743 4636 1034 4694 ostendere
1071 4655 1141 4694 an
1181 4638 1301 4714 ipse
1339 4647 1488 4698 esset
1524 4646 1634 4697 tam
1677 4640 1860 4695 audax
1902 4644 1963 4695 ut
1999 4645 2189 4712 posset
2228 4634 2363 4691 mihi
2400 4642 2563 4709 caput
2600 4653 2851 4711 rumpere
2894 4656 2908 4694 ι
2939 4655 3050 4712 quo
3084 4637 3216 4705 viso,
3248 4638 3367 4690 totus

743 4722 978 4794 populus
1007 4724 1141 4781 mihi
1169 4726 1302 4783 favit
1328 4726 1570 4784 clamans
1600 4734 1792 4784 contra
1807 4724 1957 4781 illum
1986 4732 2047 4783 ut
2069 4727 2137 4782 ad
2166 4725 2416 4800 publicos
2446 4742 2693 4782 carceres
2722 4726 3043 4798 duceretur3
3076 4736 3127 4786 et
3152 4742 3261 4784 cum
3282 4734 3369 4793 08⁰

741 4826 1048 4868 recusarem
1079 4816 1172 4869 sed
1215 4821 1274 4871 ut
1311 4834 1410 4890 per
1445 4815 1680 4891 priorem
1719 4814 2021 4889 puniretur,
2054 4814 2278 4872 advenit
2315 4813 2461 4890 prior
2496 4820 2553 4870 et
2589 4816 2845 4888 promisit
2883 4834 2944 4874 se
2982 4817 3131 4874 illum
3164 4811 3363 4881 castiga-

737 4904 937 4955 turum.
973 4900 1084 4955 Hec
1131 4918 1238 4973 que
1279 4903 1466 4975 scripti
1507 4912 1636 4961 sunt
1671 4922 1821 4971 vera,
1855 4909 1909 4959 et
1944 4908 2232 4977 propterea
2271 4902 2466 4975 scripsi
2506 4908 2566 4959 ut
2601 4903 2657 4959 in
2696 4912 2981 4979 posterum
3016 4906 3248 4963 videatur
3278 4898 3363 4953 sm·

733 4992 878 5041 trum
925 4985 992 5043 de
1039 4988 1240 5062 populo
1283 4990 1600 5065 malignitas
1641 4998 1696 5049 et
1735 4992 1945 5068 perfida
1981 4992 2252 5050 diabolica
2288 5000 2342 5051 et
2386 4992 2773 5052 insatiabilitas
2812 4996 3096 5055 maledicta
3130 4986 3293 5053 eom‘m
3322 4986 3365 5040 in

732 5074 936 5148 quibus
985 5092 1094 5132 non
1146 5084 1232 5136 est
1281 5079 1422 5136 uella
1457 5082 1657 5155 pietaS,
1704 5088 1801 5138 aut
1846 5081 2085 5139 charitas
2136 5099 2234 5139 seu
2276 5082 2488 5157 religio,
2535 5083 2635 5139 sed
2681 5087 2862 5143 omnia
2920 5085 3196 5145 contraria.
3242 5082 3362 5136 Deus

733 5166 1008 5237 perennis
1043 5189 1072 5219 >2
1107 5166 1170 5226 P.
1212 5167 1280 5224 de
1321 5167 1545 5225 Grassis
1584 5174 1861 5241 Dim-ium,
1892 5189 2029 5229 mse.
2059 5174 2220 5243 5165,
2256 5178 2293 5230 t.
2337 5173 2379 5243 Ι,
2412 5189 2466 5247 p.
2510 5174 2636 5230 542.
2672 5175 2767 5247 (Le
2797 5183 2947 5233 texte
2974 5182 3124 5251 porte
3151 5190 3213 5230 en
3239 5182 3357 5225 man·

733 5254 912 5313 chette
946 5274 960 5313 :
992 5259 1315 5329 Maliqnitas
1345 5260 1599 5316 Fratrum
1629 5262 1695 5316 de
1723 5262 1981 5335 Popula.)
