3625 6059
206 582 583 647 [havian-1⁴95]
834 580 1091 639 RERUM
1138 578 1593 639 URBANARUM
1638 580 2162 639 COMMENTARII.
2729 581 2840 636 219

298 734 493 809 Feria
539 733 886 825 secunda,
937 740 979 809 5
1028 734 1301 808 mensis
1336 733 1674 830 januarii,
1728 732 2023 807 fuerunt
2065 754 2368 830 vespere
2415 733 2711 831 papales
2759 734 2833 807 in

210 858 461 959 capella
496 859 777 956 majore
814 857 1085 955 palatii,
1122 862 1321 956 Papa
1344 866 1711 955 presente,
1757 864 1830 932 et
1858 863 2026 932 ante
2067 858 2228 956 eJus
2271 858 2544 932 exitum
2583 858 2674 933 de
2713 881 2838 933 ca·-

208 1008 387 1060 mera
410 983 767 1081 papagalli
796 983 1001 1058 multi
1032 982 1213 1057 Galli
1253 983 1517 1081 pedem
1552 986 1742 1080 Pape
1770 982 2058 1080 publice
2097 990 2265 1059 sunt
2302 982 2730 1074 deosculati,
2766 990 2838 1057 et

208 1118 349 1209 post
402 1132 735 1207 vesperas
787 1109 863 1183 in
923 1108 1199 1207 capella
1248 1109 1535 1205 publice
1600 1112 1795 1215 Papa
1837 1108 1928 1183 ·in
1991 1108 2174 1183 solio
2229 1107 2558 1197 sedente,
2625 1107 2833 1199 Galli,

210 1260 447 1334 magna
482 1236 556 1309 in
596 1235 995 1333 quantitate
1038 1242 1115 1309 et
1151 1234 1364 1325 furia,
1410 1234 1567 1309 sine
1610 1234 1864 1309 ordine
1903 1258 2035 1333 per
2071 1254 2288 1309 unam
2329 1236 2585 1309 horam
2619 1256 2838 1309 vene-

206 1372 347 1438 runt
385 1362 475 1438 ad
512 1362 741 1461 pedes
770 1361 1285 1453 osculandum3
1329 1362 1660 1436 similiter
1688 1367 1761 1435 et
1796 1368 2183 1458 postquam
2228 1362 2422 1455 Papa
2459 1357 2554 1433 ad
2591 1380 2836 1432 came-

208 1514 337 1563 ram
362 1488 719 1587 papagalli
752 1487 989 1576 rediit,
1024 1494 1372 1562 venerunt
1402 1486 1639 1561 adhuc
1668 1485 1789 1559 alii
1829 1485 1922 1559 ad
1953 1483 2178 1582 pedes
2213 1482 2718 1559 osculandum.
2757 1486 2836 1557 ln

208 1615 517 1714 vesperis,
548 1615 643 1690 de
670 1613 1014 1690 mandato
1040 1617 1231 1711 Pape
1262 1611 1428 1687 dedi
1456 1612 1702 1687 locum
1736 1611 1811 1685 in
1843 1610 2026 1684 solio
2053 1607 2540 1683 illustrissimo
2573 1610 2658 1680 D.
2687 1610 2836 1681 En-

208 1740 527 1835 gethei-to,
585 1740 755 1815 duci
809 1738 1169 1830 Cliviensi‚
1234 1743 1306 1811 et
1344 1737 1544 1812 fratri
1594 1759 1944 1834 germano
1994 1732 2238 1808 uxoris
2279 1756 2438 1823 sue,
2478 1756 2562 1807 ac
2593 1732 2838 1805 Ferdi-

209 1862 415 1937 nando
451 1862 729 1952 d'Este‚
774 1860 925 1935 filio
963 1862 1167 1937 ducis
1202 1864 1561 1954 Ferrarie,
1592 1870 1664 1939 et
1691 1864 1764 1936 in
1799 1861 2144 1959 gradibus
2187 1859 2646 1935 inferioribus
2675 1858 2834 1933 solii

208 1986 497 2084 pluribus
526 1986 895 2061 nobilibus
916 1986 1159 2061 Gallis.

288 2113 353 2185 ln
382 2111 494 2187 die
526 2112 891 2209 sequenti,
936 2111 1069 2187 fuit
1106 2113 1331 2187 missa
1360 2112 1706 2189 solemnis
1738 2113 1828 2187 de
1860 2110 2263 2210 Epiphania
2291 2110 2582 2184 Domini
2622 2131 2839 2205 quam

212 2235 557 2311 celebravit
598 2240 855 2311 Rmus,
896 2240 981 2309 D.
1020 2236 1530 2327 cardinalis...‚
1566 2240 1763 2333 Papa
1790 2243 2159 2333 presente.
2196 2240 2278 2311 In
2309 2236 2503 2311 dicta
2530 2234 2834 2333 capella,

211 2362 283 2436 de
320 2385 651 2437 sermone
698 2385 847 2436 non
890 2362 1193 2437 memini
1240 2362 1301 2436 si
1330 2362 1466 2437 fuit
1494 2368 1568 2437 et
1597 2363 1755 2460 quis
1799 2385 1966 2436 eum
2014 2361 2208 2437 fecit.
2261 2361 2480 2435 Missa
2519 2359 2722 2434 finita
2767 2366 2842 2434 et.

214 2488 403 2561 mein
430 2487 733 2563 domum
776 2510 1093 2578 revers0,
1129 2487 1367 2585 reperi
1408 2488 1647 2563 Gallos
1674 2494 1933 2563 contra
1961 2507 2203 2561 meam
2241 2485 2714 2573 voluntatem,
2747 2484 2840 2559 de

218 2612 367 2687 scitu
408 2618 657 2689 tamen
700 2620 775 2686 et
814 2613 1113 2688 licentia
1158 2612 1330 2688 dicti
1376 2612 1601 2687 Marci
1647 2612 1741 2687 de
1786 2610 2200 2703 Thebaidis,
2237 2610 2492 2709 capitis
2521 2610 2843 2707 regionis

217 2742 449 2827 nostre,
506 2736 815 2811 domum
872 2758 1113 2811 meam
1172 2737 1506 2828 intrasse,
1570 2745 1852 2835 septem
1909 2761 1999 2812 ex
2055 2744 2220 2811 octo
2274 2736 2510 2835 equiS,
2571 2736 2840 2810 multos

216 2862 416 2935 asinos
442 2885 632 2960 quos
660 2862 735 2935 in
768 2862 1051 2936 stabulo
1090 2861 1453 2937 habebam
1493 2863 1916 2960 exposuisse
1955 2868 2030 2937 et
2071 2868 2353 2959 septem
2397 2884 2568 2936 suos
2613 2860 2841 2935 intro-

217 2983 459 3062 duxisse
512 2986 643 3085 qui
703 2986 953 3061 fenum
1010 3008 1258 3062 meum
1314 2988 1890 3078 consumebant3
1951 3008 2320 3063 cameram
2377 3008 2616 3061 meam
2685 2984 2838 3058 vice

218 3110 420 3184 comiti
462 3112 1065 3210 Rothomagensi,
1114 3120 1187 3187 et
1224 3136 1589 3189 cameram
1622 3116 1709 3186 D.
1757 3112 2044 3187 Andree
2081 3110 2422 3186 Pondens
2459 3109 2725 3182 artium
2763 3114 2838 3183 et

219 3235 529 3313 medicine
580 3238 909 3312 doctoris
960 3262 1252 3314 mecum
1306 3245 1411 3313 tot
1463 3238 1671 3312 annis
1721 3238 2094 3335 hospitati,
2153 3235 2360 3311 alteri
2411 3232 2664 3322 nobili,
2713 3232 2836 3329 qui

218 3366 349 3455 post
386 3384 651 3459 paucos
708 3362 973 3439 deinde
1020 3364 1177 3440 dies
1228 3364 1305 3437 in
1352 3362 1569 3437 domo
1624 3366 1739 3456 D,
1767 3362 2021 3437 Jacobi
2077 3360 2255 3435 Galli
2309 3384 2399 3435 ex
2443 3365 2648 3457 peste
2696 3358 2840 3433 vita

220 3482 461 3563 functus
505 3497 617 3566 est
662 3490 741 3564 in
786 3491 1005 3581 Urbe,
1052 3497 1123 3565 et
1164 3511 1526 3565 cameram
1562 3489 1777 3564 aliam
1817 3486 2239 3561 inferiorem
2279 3484 2356 3559 in
2398 3507 2545 3581 qua
2579 3504 2839 3560 omnes

219 3613 331 3684 mei
360 3615 767 3705 servitores,
800 3639 968 3721 cum
982 3615 1342 3690 -nonnulle
1374 3614 1515 3690 alie
1544 3615 1787 3691 adhuc
1827 3634 2118 3687 camere
2153 3632 2316 3685 mee
2349 3607 2608 3684 domus
2639 3608 2834 3706 [non]

218 3734 493 3828 perfecte
554 3746 831 3832 essent,
896 3739 1165 3815 familie
1224 3740 1583 3816 dictorum
1636 3740 1991 3816 nobilium
2041 3738 2406 3837 Gallorum
2458 3736 2836 3833 deputatas

219 3880 375 3953 esse3
406 3864 706 3961 proinde
764 3889 911 3940 non
958 3890 1217 3965 parum
1258 3875 1668 3943 commotus
1720 3873 1923 3941 tanta
1969 3866 2161 3941 furia
2187 3872 2260 3941 et
2307 3861 2600 3960 injuria,
2647 3858 2833 3935 cessi

218 3984 285 4057 ad
307 4010 533 4084 regem
561 3988 870 4065 Francia
902 3990 1095 4088 apud
1124 4012 1341 4088 quem
1372 3989 1463 4064 de
1494 3993 1807 4089 peractis
1839 4016 2137 4069 suorum
2166 3997 2635 4089 conquestus,
2671 4010 2834 4061 sum

220 4109 312 4201 qui
336 4134 440 4189 me
467 4116 664 4189 misit
691 4115 787 4189 ad
820 4138 1163 4213 magnum
1192 4118 1721 4193 marescalcum
1760 4118 2063 4193 Francie
2093 4114 2287 4214 apud
2309 4136 2524 4213 quem
2561 4118 2834 4187 tantum

222 4240 497 4329 sequenti
524 4239 643 4315 die
676 4262 809 4338 per
840 4262 961 4315 me
991 4249 1067 4315 et
1094 4241 1499 4317 cardinales
1540 4242 1936 4323 Sabellum,
1986 4241 2416 4317 Columnam
2459 4245 2532 4313 et
2561 4262 2622 4311 s,
2658 4236 2834 4311 Dio-

220 4356 363 4450 nysii
410 4362 735 4457 quodfuit
780 4362 991 4437 dictis
1025 4362 1245 4437 Gallis
1286 4363 1484 4439 aliud
1524 4364 1923 4464 hospitium
1971 4363 2445 4461 assignatum,
2500 4360 2834 4437 videlicet

224 4473 433 4555 domus
464 4488 547 4559 D.
583 4484 835 4560 Jacobi
887 4486 1098 4575 Galli,
1134 4487 1465 4562 Romani.
1500 4490 1795 4564 Interim
1846 4494 2091 4565 tamen
2134 4489 2210 4563 in
2241 4489 2458 4565 domo
2489 4510 2658 4561 mea
2683 4507 2832 4559 non

226 4596 466 4682 fuerunt
492 4608 631 4683 nisi
660 4617 944 4708 septem
994 4633 1248 4686 eorum
1298 4612 1465 4709 equi
1492 4612 1737 4711 positi,
1773 4615 1897 4712 qui
1930 4615 2005 4688 in
2036 4639 2126 4691 ea
2149 4618 2573 4689 manserunt
2603 4632 2832 4705 usque

227 4722 900 4833 adsenamquartam,
952 4741 991 4808 7
1039 4736 1210 4810 dicti
1252 4737 1549 4829 mensis,
1587 4761 1731 4835 qua
1770 4738 2119 4813 exiverint
2149 4736 2511 4812 stabulum
2549 4756 2823 4808 meum.

300 4853 479 4931 Feria
506 4860 778 4955 quinta,
812 4866 855 4934 8
880 4861 1225 4959 januarii,
1262 4862 1571 4961 spoliata
1598 4871 1672 4937 et
1700 4863 2094 4961 depredata
2123 4862 2256 4937 suit
2286 4886 2418 4963 per
2442 4858 2684 4937 Gallos
2706 4856 2830 4933 do-

230 4992 351 5047 mus
378 4982 559 5056 Pauli
592 4984 677 5059 de
710 4986 1001 5081 Planca,
1026 4988 1199 5063 civis
1232 4986 1564 5076 Romani,
1598 4987 1964 5063 interfecti
1993 4987 2140 5064 duo
2169 4986 2296 5062 filii
2329 4988 2439 5063 sui
2472 4996 2547 5062 et
2579 4986 2828 5084 plures

230 5172 251 5199 “
346 5162 705 5230 proclamatum
733 5169 939 5226 nemini
965 5171 1171 5229 licitum
1190 5172 1413 5231 domum
1442 5172 1662 5231 intrare.
1694 5194 1725 5225 »
1758 5172 1840 5229 De
1868 5176 2041 5229 meme
2071 5172 2152 5229 les
2173 5180 2362 5232 autres
2389 5189 2529 5230 mss.
2553 5172 2694 5245 Voy.
2729 5171 2828 5228 Sa·

228 5242 356 5313 nudo,
380 5252 451 5308 La
471 5258 671 5326 specta.
702 5260 763 5315 ιιι·
791 5260 983 5317 σαι-σεο
1016 5264 1159 5325 Vm,
1192 5280 1247 5335 p.
1276 5263 1402 5321 171.
1592 5250 1597 5253 ’
