3625 6059
728 492 833 546 274
1414 536 1425 549 ,
1636 484 1985 541 JOHANNJS
2033 483 2474 553 BURCHARDI,
3053 489 3198 549 [Mars
3225 494 3336 554 1⁴9⁶]

732 644 1075 721 Ascendit
1098 644 1361 717 iterum
1391 665 1679 715 mecum
1711 642 1803 714 ad
1839 641 2168 716 osculum
2197 640 2402 737 pedis
2434 644 2652 736 Pape,
2693 642 2886 736 quod
2918 648 3150 716 tamen
3177 644 3342 720 inco-

738 772 935 867 gnite
985 769 1167 847 feci:
1226 775 1299 839 et
1340 764 1520 840 mihi
1586 764 1867 839 videtur
1913 765 2389 862 superfluum,
2441 787 2610 839 cum
2676 772 2892 839 antea
2953 790 3190 863 parum
3243 792 3342 866 pro

736 895 1072 994 passione
1126 892 1329 966 illum
1376 891 1593 965 fuerit
1642 892 2032 965 osculatus.
2095 891 2304 965 Dicto
2352 890 2616 964 deinde
2659 888 2944 964 Munda
2993 899 3064 966 et
3103 902 3348 991 accepta

740 1018 1278 1107 benedictione,
1314 1018 1688 1091 incensato
1719 1016 1933 1107 libre,
1955 1016 2130 1089 dixit
2149 1016 2598 1113 evangelium
2621 1042 2636 1106 ;
2666 1022 2736 1089 et
2767 1017 2908 1090 alia
2935 1018 3168 1091 omnia
3185 1042 3348 1093 more

743 1143 956 1218 solito
988 1149 1153 1216 sunt
1184 1144 1581 1217 observata.
1629 1146 1880 1215 RmuS.
1918 1146 2005 1215 D.
2045 1142 2588 1240 Segobricensis
2629 1142 2804 1216 fecit
2835 1142 3152 1216 officium
3184 1171 3198 1215 :
3229 1145 3346 1239 qui,

743 1275 1042 1366 accepta
1070 1268 1337 1369 palma,
1373 1268 1565 1340 venit
1586 1259 1681 1340 'ad
1712 1266 2214 1358 faldistorium,
2253 1267 2576 1341 sandalia
2612 1274 2686 1343 et
2712 1273 3132 1366 paramenta
3151 1292 3354 1365 accep-

744 1403 973 1471 turuS.
1025 1394 1187 1467 Fuit
1234 1416 1499 1489 magna
1536 1393 1900 1488 quantitas
1947 1392 2353 1491 palmarum
2402 1400 2718 1491 praeter,
2773 1395 3068 1469 solitum
3089 1402 3156 1470 et
3203 1396 3356 1491 Papa

747 1521 945 1596 dedit
969 1520 1246 1617 palmas
1276 1542 1507 1617 usque
1542 1517 1634 1591 ad
1662 1543 1780 1592 me
1813 1518 2186 1609 inclusive,
2223 1520 2347 1616 qui
2381 1518 2480 1592 sui
2511 1519 2837 1593 ultimus.

844 1648 1079 1721 Finita
1108 1646 1355 1735 missa,
1385 1648 1603 1741 Papa,
1626 1645 1815 1718 facto
1833 1669 1964 1741 per
1983 1644 2386 1719 cardinales
2409 1668 2654 1720 coram
2677 1646 2844 1720 sein
2869 1648 3053 1721 solio
3075 1646 3354 1733 consilio,

748 1774 939 1849 dedit
973 1796 1211 1845 rosam
1251 1770 1655 1845 marchioni
1686 1794 1934 1843 coram
1975 1793 2118 1867 quo
2157 1794 2236 1845 se
2273 1772 2686 1868 genussem,
2733 1772 2856 1868 qui
2898 1772 3204 1869 portavit
3231 1796 3358 1847 eam

749 1905 915 1972 ante
963 1897 1383 1994 pontificem
1433 1903 1507 1968 et
1548 1895 1679 1968 suit
1736 1894 1999 1970 deinde
2051 1896 2451 1971 associatus
2499 1920 2544 1971 a
2581 1897 2890 1994 collegio
2943 1898 3360 1972 cardinalium

750 2020 1003 2097 ordine
1030 2044 1260 2117 usque
1300 2022 1391 2096 ad
1434 2020 1759 2095 ultimam
1790 2020 2058 2112 aulam,
2091 2029 2260 2097 ante
2281 2046 2628 2097 cameras
2672 2047 2862 2112 suaS,
2901 2023 2980 2095 in
3009 2047 3147 2120 qua
3173 2024 3362 2097 cardi-

750 2148 952 2221 nales
982 2148 1117 2244 ipsi
1149 2154 1218 2221 et
1262 2146 1665 2245 presbyteri
1698 2171 1741 2220 a
1768 2147 2038 2222 dextris
2070 2148 2237 2221 ostii
2273 2172 2562 2224 camere
2595 2155 2665 2223 et
2703 2148 2997 2223 diaconi
3035 2172 3080 2222 a
3107 2148 3362 2222 sinistris

750 2296 825 2347 se
856 2273 1299 2363 locaverunt,
1344 2278 1416 2347 et
1456 2272 1665 2346 tactis
1706 2295 1836 2369 per
1869 2272 2368 2346 marchionem
2410 2272 2710 2369 singulis
2753 2273 3032 2347 dextris
3057 2298 3138 2347 ac
3165 2272 3364 2371 gratiis

746 2396 1089 2492 peractiS,
1142 2402 1605 2472 recesserunt
1648 2420 1929 2488 omneS,
1990 2403 2062 2471 et
2107 2397 2434 2471 marchio
2493 2420 2821 2471 cameras
2881 2422 3052 2473 suas
3101 2398 3360 2472 intravit.

748 2525 900 2595 Hec
926 2528 1168 2596 autem
1199 2522 1584 2597 associatio
1616 2522 2088 2597 cardinalium
2126 2524 2278 2598 visa
2316 2530 2426 2597 est
2465 2523 2646 2597 mihi
2675 2547 2820 2598 non
2854 2526 3232 2599 convenire
3257 2546 3364 2621 que

746 2647 821 2721 in
852 2646 1217 2723 dominica
1244 2650 1486 2741 letare,
1523 2650 1807 2723 tametsi
1839 2673 2006 2723 rosa
2033 2658 2208 2723 tunc
2237 2650 2426 2743 data,
2463 2648 2620 2723 fieri
2651 2649 2896 2723 debet.

744 2772 747 2775 ’
844 2776 1049 2852 Feria
1102 2776 1319 2849 tertia
1366 2780 1457 2848 29
1512 2775 1779 2865 martii,
1835 2776 2030 2849 circa
2084 2776 2491 2865 meridiem,
2544 2776 2866 2872 prefatus
2921 2778 3008 2848 D.
3063 2776 3364 2850 marchio.

740 2903 1141 2978 associatus
1182 2924 1225 2974 a
1265 2901 1539 2975 familia
1572 2905 1767 2999 Papc
1809 2907 1880 2974 et
1929 2902 2336 2975 oratoribus
2375 2925 2634 2999 regum
2671 2906 3194 2993 Romanorum,
3237 2901 3366 2975 His-

743 3031 982 3128 panie,
1039 3028 1681 3124 Neapolitanorum
1734 3034 1809 3101 et
1863 3027 2130 3103 ducum
2187 3028 2660 3104 venetiarum
2737 3036 2810 3103 et
2887 3028 3262 3104 Mediolani
3317 3032 3368 3097 et

744 3153 1115 3243 SenensiS,
1150 3150 1433 3225 medius
1464 3152 1656 3226 inter
1694 3152 2256 3251 gubernatorem
2292 3153 2504 3228 Urbis
2530 3178 2573 3228 a
2611 3155 2884 3230 dextris
2915 3163 2992 3230 et
3021 3151 3371 3249 archiepis-

744 3300 1006 3373 copum
1038 3278 1512 3351 cusentinum
1542 3302 1585 3351 a
1614 3278 1952 3368 sinistriS,
2003 3279 2495 3375 equitantibus
2535 3279 2831 3377 prelatis
2871 3281 3038 3354 aliis
3075 3278 3296 3377 palatii
3317 3282 3370 3347 et

744 3400 1152 3475 oratoribus
1192 3402 1429 3498 ipsum
1480 3402 1978 3499 sequentibuS,
2039 3403 2290 3479 ordine
2332 3404 2409 3477 in
2475 3428 2607 3477 suo
2653 3404 2956 3480 introitu
3009 3406 3370 3502 observato,

746 3548 977 3621 usque
1019 3524 1109 3598 ad
1154 3524 1537 3600 ecclesiam
1588 3526 1793 3600 beate
1839 3526 2064 3599 Marie
2109 3531 2303 3601 Nove
2347 3528 2468 3601 ubi
2506 3530 2958 3605 associantes
2991 3527 3365 3605 licentiavit,

744 3650 1043 3725 recessit
1071 3673 1159 3725 ex
1186 3650 1374 3725 Urbe
1398 3674 1531 3750 per
1558 3658 1843 3748 portam
1885 3654 2480 3743 Lateranensem,
2526 3656 2904 3752 Neapolim
2953 3656 3204 3746 ituruS,
3243 3673 3376 3726 cum

746 3774 1086 3849 felicitate
1146 3783 1215 3849 et
1268 3776 1771 3874 prosperitate.
1839 3777 2192 3873 Equitavit
2253 3787 2498 3854 autem
2563 3805 2696 3879 per
2751 3784 3110 3879 Campum
3177 3780 3373 3853 Flore.

744 3900 1065 3974 Plateam
1096 3901 1489 3975 Judeorum
1531 3908 1697 3975 ante
1735 3900 2118 3976 ecclesiam
2163 3905 2374 3979 beate
2415 3900 2639 3980 Marie
2669 3906 2760 3981 de
2801 3905 3300 3981 Consolatione
3323 3906 3382 3974 et

742 4030 1335 4117 Lateranensem,
1362 4032 1441 4099 ut
1464 4028 1850 4124 prefertur.

842 4152 1051 4227 Feria
1078 4157 1335 4250 quarta
1376 4153 1671 4250 maJoris
1710 4154 2202 4244 hebdomade,
2245 4162 2336 4229 30
2379 4158 2647 4248 martii,
2699 4160 2826 4231 SS.
2879 4161 2968 4231 D.
3017 4164 3279 4242 noster,
3323 4152 3380 4223 in

744 4298 972 4374 cappa
1000 4278 1089 4351 de
1122 4278 1458 4370 scarlato,
1507 4279 1701 4352 venit
1741 4278 1833 4352 ad
1867 4278 2218 4374 capellam
2257 4280 2640 4377 majorem,
2675 4280 3024 4379 episcopo
3061 4275 3386 4376 Calaguri-

742 4411 913 4477 tano
944 4400 1270 4475 fimbrias
1302 4407 1660 4499 portante,
1702 4410 1775 4477 et
1804 4405 1992 4477 facte
2035 4412 2205 4477 sunt
2233 4406 2582 4478 matutine
2621 4428 2824 4480 more
2865 4406 3085 4481 solito
3110 4430 3126 4495 ;
3155 4402 3382 4500 quibus

742 4527 989 4619 finitis,
1028 4528 1101 4600 in
1134 4527 1334 4602 sedia
1363 4527 1455 4600 ad
1490 4551 1856 4602 cameram
1901 4528 2138 4621 rediit,
2186 4535 2255 4603 et
2299 4530 2674 4605 observata
2713 4539 2882 4604 sunt
2919 4531 3172 4605 omnia
3207 4548 3384 4601 more

744 4656 981 4731 solito.
1018 4656 1388 4730 Intorticia
1440 4678 1659 4752 super
1703 4654 2108 4729 cancellum
2157 4662 2230 4729 et
2273 4655 2576 4730 candele
2614 4657 2857 4731 altaris
2907 4657 3204 4729 fuerunt
3243 4672 3384 4727 cere

742 4804 1172 4855 communis.

839 4905 1051 4979 Feria
1080 4906 1330 5003 quinta
1360 4930 1539 4981 cene
1585 4904 1901 4997 Domini,
1951 4910 2032 4979 31
2081 4907 2346 4999 martii,
2386 4911 2634 4980 Rmus.
2673 4912 2758 4982 D.
2796 4908 3184 4982 cardinalis
3217 4902 3386 4978 Ulix-

739 5030 1083 5106 bonensis
1138 5030 1312 5103 fecit
1368 5031 1691 5105 officium
1762 5032 1838 5105 in
1904 5032 2182 5130 capella
2255 5033 2604 5130 predicta,
2671 5057 2872 5110 more
2915 5033 3162 5121 solim,
3221 5033 3390 5123 Papa

740 5164 1076 5257 presente
1128 5156 1277 5253 qui,
1331 5156 1556 5231 missa
1616 5158 1844 5248 finita,
1923 5158 2230 5253 portavit
2313 5170 2844 5235 sacramentum
2897 5160 2988 5231 ad
3061 5153 3386 5253 capellam
3526 5152 3527 5155 ’
