3625 6059
692 548 726 603 4
1612 540 1960 599 JoHANNIS
2010 522 2454 608 nunculiam,
2846 542 3185 607 [septembre
3222 545 3365 609 μω]

693 681 946 774 Petro.¹
973 696 1276 787 Deinde,
1309 677 1522 796 prout
1551 698 1641 772 de
1667 721 1897 787 more,
1932 694 2241 772 accessit
2276 696 2369 771 ad
2402 695 2791 771 ecclesiam
2834 696 3066 772 sancti
3097 698 3364 775 ‹lohan-

690 824 802 898 nis
833 823 1359 915 Lateranensis,
1397 822 1514 897 cui
1538 844 1668 921 per
1700 822 1969 898 Urbem
2011 823 2241 897 factus
2283 820 2417 895 fuit
2454 820 2819 896 maximus
2848 822 3111 915 honor,
3150 824 3360 899 multi

616 970 624 978 ·
691 973 900 1025 arcus
943 949 1438 1047 triomphaleS,
1483 954 1557 1023 et
1601 949 1833 1046 magis
1878 972 2094 1045 quam
2132 968 2504 1044 nunquam
2544 945 2665 1020 alii
2705 947 3030 1045 pontifici
3088 950 3359 1025 factum

688 1074 928 1163 suerit,
959 1098 1092 1173 per
1119 1078 1523 1149 Romanum
1554 1072 1901 1171 populum
1926 1073 2331 1169 potissime.

788 1202 876 1273 Et
924 1199 996 1273 in
1048 1199 1281 1298 primo
1354 1198 1815 1287 consistoriO,
1868 1196 2063 1295 quod
2110 1197 2263 1295 ipse
2326 1196 2526 1288 fecit,
2578 1197 2850 1273 creavit
2910 1136 3354 1273 cardinalem

691 1324 1317 1423 archiepiscopum
1349 1324 1613 1397 Montis
1645 1324 1934 1421 Regalis
1960 1328 2303 1422 nepotem
2330 1346 2542 1397 suum
2573 1346 2663 1398 ex
2696 1346 2972 1398 sorore.

789 1451 922 1524 Die
955 1456 994 1524 3
1029 1448 1456 1548 septembris
1489 1450 2200 1539 MCCCCLXXXXII,
2238 1446 2565 1523 Salvator
2608 1448 2798 1522 filius
2830 1449 3125 1547 quidam
3162 1450 3352 1525 Tutii

687 1659 864 1719 omnis
893 1676 990 1731 per
1018 1675 1182 1733 quam
1211 1656 1572 1731 equitavimus
1602 1653 1802 1729 pannis
1840 1661 1957 1713 erat
2002 1662 2252 1713 contecta
2292 1672 2360 1711 ac
2392 1652 2559 1711 variis
2602 1652 3003 1727 triumphorum
3041 1650 3357 1710 similitudi-

687 1752 851 1807 nibus
890 1754 1100 1817 ornata,
1131 1745 1497 1823 pendentibus
1537 1745 1791 1821 utrinque
1829 1745 1902 1801 ad
1946 1745 2181 1819 parietes
2218 1744 2415 1801 tedium
2454 1742 2627 1801 auleis
2664 1760 2729 1800 ac
2756 1741 3031 1815 tapetibus
3066 1758 3355 1816 :appenso

687 1836 937 1913 pluribus
965 1836 1023 1891 in
1051 1834 1182 1893 locis
1222 1852 1287 1892 ac
1323 1834 1540 1909 depicto
1578 1833 1865 1890 Pontificis
1900 1833 2083 1907 signo,
2116 1830 2370 1891 distichis
2412 1830 3013 1907 epigrammatibusque
3048 1830 3219 1887 variis
3264 1829 3357 1886 in-

687 1926 908 1999 scripto,
951 1925 995 1981 E
1033 1923 1236 1997 quibus
1280 1923 1385 1980 hoc
1423 1940 1594 1979 unum
1625 1922 1831 1995 accipe,
1862 1924 2010 1997 quod
2051 1924 2153 1981 iter
2192 1920 2397 1979 faciens
2441 1920 2737 1995 perlectum
2779 1919 2999 1989 edidici,
3034 1920 3291 1993 quodque
3321 1937 3357 1976 a

685 2015 874 2073 multis
919 2014 1182 2089 gravibus
1228 2012 1362 2068 viris
1409 2012 1552 2068 haud
1603 2011 1836 2071 multum
1878 2011 2245 2070 commendari
2290 2010 2492 2069 audivi.
2537 2010 2736 2067 Cesare
2783 2026 2987 2083 magna
3026 2007 3132 2064 fuit
3162 2024 3177 2063 ε
3210 2024 3359 2063 nune

685 2104 863 2162 Roma
890 2111 977 2161 est
1004 2102 1260 2171 maxima,
1293 2103 1498 2159 Sextus
1526 2108 1719 2175 regnat
1745 2100 2076 2173 Alexander,
2100 2100 2188 2158 ille
2216 2100 2319 2172 vir,
2354 2100 2457 2157 iste
2490 2100 2659 2157 Deua.
2680 2096 2995 2155 ‘Revocavit
3022 2114 3153 2153 vero
3170 2114 3257 2153 me
3285 2095 3355 2151 ad

685 2194 1140 2251 considerandum
1177 2193 1428 2249 humanae
1467 2190 1796 2249 conditionis
1826 2189 2193 2248 infirmitatem
2232 2189 2383 2247 etad
2422 2187 2873 2247 contemnendam
2909 2192 3137 2243 terrenae
3162 2192 3351 2260 potes-

687 2281 816 2340 tatis
861 2290 917 2338 et
957 2280 1332 2356 amplitudinis
1381 2279 1631 2354 gloriam,
1679 2281 1827 2355 quod
1870 2278 2010 2337 inter
2054 2281 2157 2337 has
2206 2277 2447 2354 supremi
2486 2275 2740 2337 culminis
2783 2274 3021 2343 delitias,
3054 2274 3110 2330 in
3151 2274 3355 2349 templo

683 2369 1074 2441 Lateranense,
1109 2388 1192 2427 me
1230 2375 1500 2443 praesente
1555 2386 1620 2425 ae
1659 2368 1914 2444 proprius
1957 2370 2249 2439 existente,
2290 2374 2455 2443 atque
2495 2368 2740 2424 intuente
2782 2384 2905 2421 cum
2944 2364 3065 2422 aliis
3094 2362 3354 2439 praelatiS,

687 2458 939 2515 Pontifici
969 2456 1165 2514 accidit
1191 2457 1340 2531 quod
1369 2463 1550 2514 utrum
1586 2456 1975 2531 prolixioribus
2023 2456 2344 2516 ceremoniis
2383 2456 2611 2530 fatigato
2638 2454 2788 2530 apud
2828 2454 3093 2511 Sanctum
3132 2454 3355 2511 Petrum
3420 2522 3423 2525 ἢ

685 2564 750 2602 ac
777 2548 848 2603 de
875 2545 965 2603 via
988 2546 1156 2615 iesse,
1189 2551 1378 2619 utpote
1413 2545 1510 2619 qui
1537 2562 1662 2603 cum
1689 2545 1848 2603 mitra
1874 2547 2023 2619 quod
2050 2564 2281 2620 regnum
2318 2550 2519 2603 vocant
2545 2560 2609 2601 ac
2646 2540 3081 2600 sacerdotalibus
3127 2540 3355 2599 indutus

685 2636 754 2693 ad
785 2636 1113 2693 Lateranum
1141 2635 1382 2693 fervente
1407 2635 1645 2709 desuper
1675 2634 1789 2691 sole
1819 2633 1919 2691 iter
1956 2634 2167 2704 habuit,
2201 2634 2281 2691 sic
2310 2634 2387 2689 illi
2416 2635 2659 2692 evenerit
2680 2634 2889 2692 nescio.
2922 2633 3355 2708 Expectantibus

686 2740 810 2780 eum
839 2723 1002 2780 nobis
1030 2722 1086 2778 in
1113 2722 1336 2797 templo,
1368 2722 1657 2795 ingressus
1686 2728 1772 2779 est
1808 2721 2049 2791 tandem,
2082 2720 2267 2779 lassus
2296 2722 2589 2779 admodum
2618 2729 2675 2779 et
2702 2729 3037 2780 exaestuans.
3069 2721 3153 2779 Ad
3185 2720 3354 2779 altare

683 2812 918 2886 primum
955 2812 1044 2869 cui
1083 2812 1372 2886 supposita
1409 2818 1540 2869 sunt
1577 2810 1758 2887 capita
1792 2810 2186 2887 apostolorum,
2210 2798 2369 2868 flexis
2396 2812 2635 2885 genibus
2665 2811 2858 2881 oravit,
2890 2810 3357 2886 possessioneque

685 2900 878 2958 locide
907 2918 1053 2957 more
1084 2907 1325 2975 accepta,
1357 2900 1618 2975 populum
1657 2898 1957 2958 benedixit.
1992 2899 2126 2957 Inde
2154 2900 2225 2957 ad
2262 2900 2431 2957 altare
2460 2902 2637 2975 majus
2668 2900 2855 2975 templi
2875 2900 2931 2956 in
2962 2908 3155 2956 sancta
3176 2899 3351 2956 Sanc-

683 2995 880 3056 torum,
915 2988 1010 3044 ubi
1041 2987 1174 3044 sella
1220 2987 1462 3062 reposita
1495 2995 1612 3045 erat
1647 2988 1989 3047 eminentiori
2018 2988 2157 3061 loeo,
2190 3007 2313 3047 sese
2344 2988 2565 3063 recepit,
2597 2996 2660 3047 ut
2687 2987 2763 3045 ibi
2798 3005 2833 3044 a
2870 2986 3147 3046 canonicis
3176 2992 3231 3043 et
3258 3004 3351 3043 sa-

683 3077 997 3135 cerdotibus
1050 3077 1514 3137 Lateranensibus
1570 3077 1675 3135 sibi
1713 3078 2025 3137 obedientia
2078 3079 2445 3138 exhiberetur.
2491 3080 2661 3155 AEgre
2712 3077 3093 3135 ascendentem
3140 3076 3348 3150 gradus

683 3165 812 3222 hinc
865 3166 994 3223 inde
1033 3168 1141 3223 duo
1181 3166 1484 3223 cardinales
1525 3167 1739 3225 diaconi
1781 3168 2132 3243 adjuvabant.
2173 3168 2487 3227 Conversus
2532 3168 2603 3224 ad
2644 3167 2907 3242 populum
2946 3166 3197 3224 Pontifex
3252 3164 3347 3222 ubi

681 3254 904 3322 resedit,
945 3254 1108 3311 immo
1148 3254 1242 3311 ubi
1276 3254 1488 3313 viribus
1544 3256 1864 3329 destitutuS,
1907 3276 2073 3333 super
2112 3259 2301 3317 sellam
2348 3256 2601 3328 concidit,
2639 3256 2897 3314 continuo
2938 3272 3103 3329 super
3144 3252 3343 3311 collum

681 3342 974 3399 cardinalis
1022 3344 1101 3399 Su
1143 3343 1366 3418 Georgii
1403 3344 1688 3403 reclinavit
1731 3353 1913 3421 caput.
1964 3348 2207 3423 Syncopi
2256 3354 2557 3420 correptum
2596 3345 2800 3405 dicunt.
2850 3342 2945 3403 Sic
2996 3343 3341 3401 exanimatus

681 3431 890 3489 tamdiu
923 3431 1218 3489 immobilis
1255 3433 1478 3502 mansit,
1517 3435 1710 3506 donec,
1755 3435 1923 3494 allata
1956 3456 2101 3511 aqua
2138 3454 2474 3513 conspersus
2512 3433 2705 3492 faciem
2742 3433 2989 3511 spiritum
3020 3432 3242 3508 recepit.
3272 3432 3344 3489 Et

679 3522 816 3579 tanti
852 3520 1058 3577 faciunt
1093 3520 1184 3578 isti
1226 3521 1632 3593 Pontificatum,
1665 3526 1760 3601 qui
1799 3526 1937 3584 tanti
1974 3531 2209 3599 constat,
2240 3532 2393 3585 tanto
2430 3526 2671 3601 periculo
2718 3534 3077 3603 comparatur.
3110 3526 3253 3595 Quid
3290 3524 3341 3581 ei

680 3608 980 3683 profuerint
1015 3617 1098 3669 tot
1133 3617 1465 3669 armatorum
1501 3612 1646 3670 acies
1683 3633 1781 3689 per
1824 3616 2013 3673 urbem
2054 3622 2225 3673 totam
2262 3616 2331 3673 ad
2360 3615 2665 3674 custodiam
2694 3617 2815 3692 ejus
2844 3614 3165 3691 dispositae?
3197 3612 3346 3671 Velit

681 3700 842 3756 modo
871 3699 1160 3771 Dominus,
1193 3707 1251 3757 et
1289 3700 1445 3758 facile
1474 3702 1620 3777 quod
1656 3703 1841 3778 possit
1868 3705 2126 3763 ostendit.
2161 3706 2303 3763 Dum
2340 3706 2458 3763 haec
2496 3704 2698 3776 scribo,
2730 3710 2891 3780 urget
2930 3702 3249 3761 tabellarius
3288 3708 3349 3759 ut

681 3787 786 3845 sibi
821 3788 946 3845 dem
983 3787 1211 3847 litteraS.
1245 3790 1607 3859 Quamobrem
1643 3796 1977 3868 respondere
2012 3813 2125 3852 non
2170 3812 2401 3870 possum
2438 3796 2601 3852 modo
2645 3793 2791 3853 binis
2828 3794 3019 3853 litteris
3056 3793 3167 3851 tuis
3202 3810 3345 3867 quas

679 3876 882 3934 nudius
939 3878 1134 3937 tertius
1178 3879 1384 3954 accepi,
1423 3888 1478 3939 et
1521 3881 1623 3939 has
1651 3883 1721 3939 ad
1767 3888 1821 3939 te
1868 3882 2208 3958 imperfectas
2246 3884 2421 3943 mitto.
2451 3884 2605 3944 Vale.

1463 4011 1492 4040 «
1523 3990 1734 4060 Romae,
1765 3988 1854 4047 die
1890 3990 2097 4049 XXVII
2134 3990 2377 4066 augusti,
2410 3990 2973 4051 MCCCCLXXXXII.
3006 4014 3039 4045 >2

751 4120 850 4180 S’il
877 4120 990 4181 faut
1021 4138 1088 4180 en
1131 4122 1304 4181 croire
1339 4123 1524 4182 Pierre
1561 4128 1791 4203 Martyr,
1825 4124 2093 4184 l'election
2134 4127 2201 4183 de
2239 4126 2461 4202 Borgia,
2492 4098 2619 4185 bien
2647 4145 2754 4202 que
2786 4127 2929 4202 sujet
2956 4126 3241 4203 espagnol,
3274 4144 3343 4183 ne

679 4210 764 4269 fut
791 4230 888 4287 pas
918 4212 1175 4289 agreable
1203 4234 1274 4272 au
1305 4214 1381 4272 roi
1411 4222 1468 4272 et
1495 4218 1529 4273 a
1554 4217 1608 4274 la
1634 4217 1803 4287 reine,
1838 4214 1930 4292 qui
1960 4215 2234 4275 n'avaient
2259 4231 2360 4291 pas
2380 4215 2563 4275 oublie
2591 4215 2647 4275 la
2675 4215 2930 4274 conduite
2944 4214 3214 4273 blatnable
3234 4232 3343 4289 que

680 4319 742 4359 ce
769 4302 986 4361 dernier
1011 4304 1158 4363 avait
1185 4323 1287 4362 eue
1316 4323 1386 4363 en
1414 4305 1675 4381 Espagne
1703 4305 1949 4381 lorsqu'il
1978 4326 2017 4382 y
2042 4307 2127 4364 sut
2147 4311 2359 4381 envoye
2396 4324 2603 4364 comme
2640 4304 2788 4379 legat
2818 4304 3125 4379 (decembre
3156 4306 3339 4376 1471).

753 4470 783 4501 «
811 4450 876 4509 P.
900 4452 974 4509 M.
997 4451 1070 4509 A.
1105 4450 1178 4507 M.
1209 4451 1384 4507 Eneca
1411 4448 1563 4521 Lupo
1593 4452 1889 4518 MendetiO,
1918 4452 2181 4509 Tendillae
2209 4452 2418 4523 comiti,
2438 4452 2615 4522 Regni
2642 4449 2997 4507 Granatensis
3016 4450 3270 4522 proreqi.

751 4606 781 4636 «
901 4584 1097 4641 Nullus
1137 4589 1224 4641 est
1260 4584 1330 4641 ob
1360 4584 1504 4641 hanc
1539 4598 1652 4641 rem
1683 4585 1907 4657 (creatio
1936 4584 2173 4661 Borgioe)
2204 4586 2261 4644 in
2289 4586 2540 4662 Regibus
2568 4584 2735 4644 animi
2770 4590 2951 4643 motus
2980 4583 3051 4642 ad
3077 4583 3342 4656 laetitiam,

677 4671 828 4730 nulla
855 4674 1048 4730 frontis
1077 4673 1366 4745 serenitas,
1395 4680 1779 4750 tempestatem
1807 4676 1991 4749 potius
2020 4675 2078 4732 in
2106 4675 2251 4733 Orbe
2280 4675 2575 4735 christiano
2596 4693 2759 4751 quam
2778 4673 3105 4750 tranquillos
3126 4681 3341 4749 portus,

675 4764 976 4838 praesagire
1002 4764 1273 4834 videntur,
1306 4764 1595 4839 magisque
1632 4764 1780 4838 quod
1809 4764 2109 4840 sacrilegos
2140 4784 2201 4824 se
2228 4766 2429 4823 habere
2458 4765 2601 4822 filios
2632 4764 2861 4839 turpiter
2894 4762 3180 4839 glorietur,
3210 4762 3344 4837 angi

676 4859 1086 4929 cognoscuntur
1114 4870 1278 4927 quam
1306 4854 1453 4929 quod
1482 4853 1806 4911 ditionarius
1838 4853 2050 4911 illorum
2082 4855 2175 4913 sit.
2832 4844 2837 4850 ¹

1455 4982 1484 5013 «
1515 4960 1596 5017 Ex
1624 4958 2049 5036 Caesaraugusta
2077 4960 2173 5034 IX,
2200 4958 2471 5019 Calendas
2500 4961 2739 5021 octobris
2768 4960 2925 5021 1492.
2960 4982 2993 5015 n

748 5090 920 5161 (Opus
948 5088 1128 5160 Epist.
1159 5088 1310 5147 Petri
1338 5089 1621 5161 Martyria
1655 5096 1782 5163 etc„
1814 5090 2019 5162 ἑτι-ἰοὶ,
2050 5089 2183 5149 edit.
2218 5090 2375 5163 1670,
2406 5090 2502 5151 lib.
2528 5091 2597 5164 V,
2626 5090 2805 5173 Epist.
2837 5108 3022 5165 cxviii,
3052 5108 3108 5167 p.
3142 5093 3259 5165 66.)

747 5234 898 5291 Dans
925 5231 978 5291 la
1004 5230 1162 5291 lettre
1191 5230 1442 5292 suivante
1469 5250 1542 5293 au
1577 5230 1819 5292 cardinal
1856 5231 2092 5291 Ascanio
2130 5232 2341 5303 St'orza,
2368 5232 2431 5291 P.
2466 5233 2673 5310 Martyr
2700 5232 2905 5292 revient
2942 5249 3039 5290 sur
3074 5230 3128 5293 le
3166 5238 3339 5293 meme
