<?xml version="1.0" encoding="UTF-8"?>
<!DOCTYPE html PUBLIC "-//W3C//DTD XHTML 1.0 Transitional//EN"
    "http://www.w3.org/TR/xhtml1/DTD/xhtml1-transitional.dtd">
<html xmlns="http://www.w3.org/1999/xhtml" xml:lang="en" lang="en">
 <head>
  <title>
</title>
<meta http-equiv="Content-Type" content="text/html;charset=utf-8" />
  <meta name='ocr-system' content='tesseract 3.04.00' />
  <meta name='ocr-capabilities' content='ocr_page ocr_carea ocr_par ocr_line ocrx_word'/>
</head>
<body>
  <div class='ocr_page' id='page_1' title='image "./johannisburchar00unkngoog_0043.png"; bbox 0 0 3625 6059; ppageno 0'>
   <div class='ocr_carea' id='block_1_1' title="bbox 245 543 2915 613">
    <p class='ocr_par' dir='ltr' id='par_1_1' title="bbox 245 543 2915 613">
     <span class='ocr_line' id='line_1_1' title="bbox 245 543 2915 613; baseline 0.002 -12"><span class='ocrx_word' id='word_1_1' title='bbox 245 547 554 613; x_wconf 68' lang='lat' dir='ltr'><strong>[Decembre</strong></span> <span class='ocrx_word' id='word_1_2' title='bbox 579 548 730 607; x_wconf 73' lang='lat'>1492]</span> <span class='ocrx_word' id='word_1_3' title='bbox 916 543 1170 609; x_wconf 83' lang='lat' dir='ltr'>RERUM</span> <span class='ocrx_word' id='word_1_4' title='bbox 1220 544 1674 603; x_wconf 83' lang='lat' dir='ltr'><strong>URBANARUM</strong></span> <span class='ocrx_word' id='word_1_5' title='bbox 1721 543 2250 613; x_wconf 77' lang='lat' dir='ltr'><strong>COMMENTARH.</strong></span> <span class='ocrx_word' id='word_1_6' title='bbox 2850 550 2915 606; x_wconf 81' lang='lat'><strong>31</strong></span> 
     </span>
    </p>
   </div>
   <div class='ocr_carea' id='block_1_2' title="bbox 245 696 2919 1549">
    <p class='ocr_par' dir='ltr' id='par_1_2' title="bbox 245 696 2919 1549">
     <span class='ocr_line' id='line_1_2' title="bbox 249 696 2919 795; baseline 0 -21"><span class='ocrx_word' id='word_1_7' title='bbox 249 698 464 774; x_wconf 86' lang='lat' dir='ltr'><strong>etiam</strong></span> <span class='ocrx_word' id='word_1_8' title='bbox 509 696 774 771; x_wconf 87' lang='lat' dir='ltr'><strong>intuitu</strong></span> <span class='ocrx_word' id='word_1_9' title='bbox 835 697 1136 795; x_wconf 83' lang='lat' dir='ltr'><strong>reliquie</strong></span> <span class='ocrx_word' id='word_1_10' title='bbox 1197 698 1522 795; x_wconf 83' lang='lat' dir='ltr'><strong>predicte</strong></span> <span class='ocrx_word' id='word_1_11' title='bbox 1576 704 1871 775; x_wconf 86' lang='lat' dir='ltr'><strong>ostense</strong></span> <span class='ocrx_word' id='word_1_12' title='bbox 1931 697 2137 774; x_wconf 87' lang='lat' dir='ltr'><strong>fuere</strong></span> <span class='ocrx_word' id='word_1_13' title='bbox 2158 754 2177 789; x_wconf 91' lang='lat'><strong>,</strong></span> <span class='ocrx_word' id='word_1_14' title='bbox 2242 697 2365 793; x_wconf 78' lang='lat' dir='ltr'><strong>qui</strong></span> <span class='ocrx_word' id='word_1_15' title='bbox 2411 697 2653 773; x_wconf 89' lang='lat' dir='ltr'><strong>locum</strong></span> <span class='ocrx_word' id='word_1_16' title='bbox 2708 724 2919 775; x_wconf 89' lang='lat' dir='ltr'><strong>suum</strong></span> 
     </span>
     <span class='ocr_line' id='line_1_3' title="bbox 248 822 2918 922; baseline 0.002 -27"><span class='ocrx_word' id='word_1_17' title='bbox 248 822 627 922; x_wconf 87' lang='lat' dir='ltr'><strong>pristinum</strong></span> <span class='ocrx_word' id='word_1_18' title='bbox 663 823 946 911; x_wconf 83' lang='lat' dir='ltr'><strong>habuit,</strong></span> <span class='ocrx_word' id='word_1_19' title='bbox 991 822 1324 899; x_wconf 86' lang='lat' dir='ltr'><strong>videlicet</strong></span> <span class='ocrx_word' id='word_1_20' title='bbox 1361 824 1550 899; x_wconf 88' lang='lat' dir='ltr'><strong>inter</strong></span> <span class='ocrx_word' id='word_1_21' title='bbox 1587 824 1982 899; x_wconf 80' lang='lat' dir='ltr'><strong>Ascanium</strong></span> <span class='ocrx_word' id='word_1_22' title='bbox 2023 828 2097 898; x_wconf 87' lang='lat' dir='ltr'><strong>et</strong></span> <span class='ocrx_word' id='word_1_23' title='bbox 2134 822 2365 897; x_wconf 87' lang='lat' dir='ltr'><strong>sancti</strong></span> <span class='ocrx_word' id='word_1_24' title='bbox 2410 825 2733 899; x_wconf 81' lang='lat' dir='ltr'><strong>Severini</strong></span> <span class='ocrx_word' id='word_1_25' title='bbox 2770 826 2918 901; x_wconf 86' lang='lat' dir='ltr'><strong>dia-</strong></span> 
     </span>
     <span class='ocr_line' id='line_1_4' title="bbox 251 948 2914 1046; baseline 0 -24"><span class='ocrx_word' id='word_1_26' title='bbox 251 971 474 1023; x_wconf 89' lang='lat' dir='ltr'><strong>conos</strong></span> <span class='ocrx_word' id='word_1_27' title='bbox 501 948 932 1023; x_wconf 78' lang='lat' dir='ltr'><strong>cardinales,</strong></span> <span class='ocrx_word' id='word_1_28' title='bbox 970 949 1296 1029; x_wconf 86' lang='lat' dir='ltr'><strong>Ostensis</strong></span> <span class='ocrx_word' id='word_1_29' title='bbox 1339 948 1662 1046; x_wconf 90' lang='lat' dir='ltr'><strong>reliquiis</strong></span> <span class='ocrx_word' id='word_1_30' title='bbox 1691 949 2065 1046; x_wconf 84' lang='lat' dir='ltr'><strong>predictis,</strong></span> <span class='ocrx_word' id='word_1_31' title='bbox 2102 951 2235 1023; x_wconf 92' lang='lat' dir='ltr'><strong>SS.</strong></span> <span class='ocrx_word' id='word_1_32' title='bbox 2269 953 2358 1023; x_wconf 90' lang='lat' dir='ltr'><strong>D.</strong></span> <span class='ocrx_word' id='word_1_33' title='bbox 2393 952 2480 1023; x_wconf 91' lang='lat' dir='ltr'><strong>N.</strong></span> <span class='ocrx_word' id='word_1_34' title='bbox 2518 950 2914 1026; x_wconf 79' lang='lat' dir='ltr'><strong>associatus</strong></span> 
     </span>
     <span class='ocr_line' id='line_1_5' title="bbox 249 1073 2913 1172; baseline 0.001 -25"><span class='ocrx_word' id='word_1_35' title='bbox 249 1074 338 1147; x_wconf 85' lang='lat' dir='ltr'><strong>ab</strong></span> <span class='ocrx_word' id='word_1_36' title='bbox 384 1074 724 1149; x_wconf 86' lang='lat' dir='ltr'><strong>omnihus</strong></span> <span class='ocrx_word' id='word_1_37' title='bbox 789 1073 1278 1150; x_wconf 77' lang='lat' dir='ltr'><strong>cardinalibus</strong></span> <span class='ocrx_word' id='word_1_38' title='bbox 1323 1073 1666 1172; x_wconf 75' lang='lat' dir='ltr'><strong>predictis</strong></span> <span class='ocrx_word' id='word_1_39' title='bbox 1715 1081 1790 1148; x_wconf 90' lang='lat' dir='ltr'><strong>et</strong></span> <span class='ocrx_word' id='word_1_40' title='bbox 1837 1077 1922 1148; x_wconf 92' lang='lat' dir='ltr'><strong>D.</strong></span> <span class='ocrx_word' id='word_1_41' title='bbox 1976 1073 2371 1166; x_wconf 81' lang='lat' dir='ltr'><strong>FridericO,</strong></span> <span class='ocrx_word' id='word_1_42' title='bbox 2427 1074 2521 1149; x_wconf 87' lang='lat' dir='ltr'><strong>ad</strong></span> <span class='ocrx_word' id='word_1_43' title='bbox 2566 1074 2913 1172; x_wconf 85' lang='lat' dir='ltr'><strong>palatium</strong></span> 
     </span>
     <span class='ocr_line' id='line_1_6' title="bbox 247 1198 2911 1296; baseline 0.001 -24"><span class='ocrx_word' id='word_1_44' title='bbox 247 1221 572 1275; x_wconf 81' lang='lat' dir='ltr'><strong>reversus</strong></span> <span class='ocrx_word' id='word_1_45' title='bbox 617 1205 732 1273; x_wconf 85' lang='lat' dir='ltr'><strong>est</strong></span> <span class='ocrx_word' id='word_1_46' title='bbox 787 1221 922 1296; x_wconf 90' lang='lat' dir='ltr'><strong>per</strong></span> <span class='ocrx_word' id='word_1_47' title='bbox 963 1222 1186 1273; x_wconf 81' lang='lat' dir='ltr'><strong>novas</strong></span> <span class='ocrx_word' id='word_1_48' title='bbox 1249 1222 1602 1289; x_wconf 86' lang='lat' dir='ltr'><strong>cameras,</strong></span> <span class='ocrx_word' id='word_1_49' title='bbox 1665 1198 1740 1271; x_wconf 90' lang='lat' dir='ltr'><strong>in</strong></span> <span class='ocrx_word' id='word_1_50' title='bbox 1789 1221 2097 1295; x_wconf 85' lang='lat' dir='ltr'><strong>quarum</strong></span> <span class='ocrx_word' id='word_1_51' title='bbox 2138 1204 2421 1295; x_wconf 81' lang='lat' dir='ltr'><strong>quarta,</strong></span> <span class='ocrx_word' id='word_1_52' title='bbox 2470 1206 2707 1274; x_wconf 83' lang='lat' dir='ltr'><strong>vestes</strong></span> <span class='ocrx_word' id='word_1_53' title='bbox 2766 1202 2911 1276; x_wconf 86' lang='lat' dir='ltr'><strong>sive</strong></span> 
     </span>
     <span class='ocr_line' id='line_1_7' title="bbox 247 1324 2911 1421; baseline 0.002 -25"><span class='ocrx_word' id='word_1_54' title='bbox 247 1330 670 1398; x_wconf 83' lang='lat' dir='ltr'><strong>ornamenta</strong></span> <span class='ocrx_word' id='word_1_55' title='bbox 697 1348 908 1400; x_wconf 85' lang='lat' dir='ltr'><strong>sacra</strong></span> <span class='ocrx_word' id='word_1_56' title='bbox 943 1324 1216 1399; x_wconf 82' lang='lat' dir='ltr'><strong>dimisit</strong></span> <span class='ocrx_word' id='word_1_57' title='bbox 1255 1324 1551 1399; x_wconf 90' lang='lat' dir='ltr'><strong>omnino</strong></span> <span class='ocrx_word' id='word_1_58' title='bbox 1591 1324 1873 1413; x_wconf 84' lang='lat' dir='ltr'><strong>attrita;</strong></span> <span class='ocrx_word' id='word_1_59' title='bbox 1920 1328 1993 1399; x_wconf 84' lang='lat' dir='ltr'><strong>et</strong></span> <span class='ocrx_word' id='word_1_60' title='bbox 2018 1346 2151 1421; x_wconf 88' lang='lat' dir='ltr'><strong>pro</strong></span> <span class='ocrx_word' id='word_1_61' title='bbox 2190 1346 2363 1421; x_wconf 87' lang='lat' dir='ltr'><strong>rege</strong></span> <span class='ocrx_word' id='word_1_62' title='bbox 2400 1324 2911 1421; x_wconf 75' lang='lat' dir='ltr'><strong>Hispaniarum</strong></span> 
     </span>
     <span class='ocr_line' id='line_1_8' title="bbox 245 1448 1583 1549; baseline -0.001 -26"><span class='ocrx_word' id='word_1_63' title='bbox 245 1449 318 1523; x_wconf 91' lang='lat' dir='ltr'><strong>in</strong></span> <span class='ocrx_word' id='word_1_64' title='bbox 346 1448 568 1523; x_wconf 85' lang='lat' dir='ltr'><strong>missa</strong></span> <span class='ocrx_word' id='word_1_65' title='bbox 593 1448 924 1546; x_wconf 85' lang='lat' dir='ltr'><strong>predicta</strong></span> <span class='ocrx_word' id='word_1_66' title='bbox 953 1449 1246 1523; x_wconf 81' lang='lat' dir='ltr'><strong>fuerunt</strong></span> <span class='ocrx_word' id='word_1_67' title='bbox 1272 1450 1412 1523; x_wconf 89' lang='lat' dir='ltr'><strong>hec</strong></span> <span class='ocrx_word' id='word_1_68' title='bbox 1438 1449 1532 1549; x_wconf 87' lang='lat'><strong>(1)</strong></span> <span class='ocrx_word' id='word_1_69' title='bbox 1567 1476 1583 1521; x_wconf 91' lang='lat'>:</span> 
     </span>
    </p>
   </div>
   <div class='ocr_carea' id='block_1_3' title="bbox 1463 1643 1732 1718">
    <p class='ocr_par' dir='ltr' id='par_1_3' title="bbox 1463 1643 1732 1718">
     <span class='ocr_line' id='line_1_9' title="bbox 1463 1643 1732 1718; baseline 0 -1"><span class='ocrx_word' id='word_1_70' title='bbox 1463 1643 1732 1718; x_wconf 76' lang='lat' dir='ltr'><strong>oratic.</strong></span> 
     </span>
    </p>
   </div>
   <div class='ocr_carea' id='block_1_4' title="bbox 228 1793 2907 2758">
    <p class='ocr_par' dir='ltr' id='par_1_4' title="bbox 231 1793 2907 2270">
     <span class='ocr_line' id='line_1_10' title="bbox 328 1793 2907 1895; baseline 0.001 -25"><span class='ocrx_word' id='word_1_71' title='bbox 328 1793 519 1870; x_wconf 87' lang='lat' dir='ltr'><strong>Deus</strong></span> <span class='ocrx_word' id='word_1_72' title='bbox 557 1796 685 1893; x_wconf 86' lang='lat' dir='ltr'><strong>qui</strong></span> <span class='ocrx_word' id='word_1_73' title='bbox 721 1796 1081 1870; x_wconf 77' lang='lat' dir='ltr'><strong>charitatis</strong></span> <span class='ocrx_word' id='word_1_74' title='bbox 1123 1796 1310 1869; x_wconf 91' lang='lat' dir='ltr'><strong>dona</strong></span> <span class='ocrx_word' id='word_1_75' title='bbox 1325 1820 1459 1893; x_wconf 81' lang='lat' dir='ltr'><strong>per</strong></span> <span class='ocrx_word' id='word_1_76' title='bbox 1483 1796 1799 1895; x_wconf 71' lang='lat' dir='ltr'><strong>qratiam</strong></span> <span class='ocrx_word' id='word_1_77' title='bbox 1834 1820 1894 1868; x_wconf 83' lang='lat' dir='ltr'><strong>s.</strong></span> <span class='ocrx_word' id='word_1_78' title='bbox 1930 1794 2245 1893; x_wconf 76' lang='lat' dir='ltr'><strong>Spiritus</strong></span> <span class='ocrx_word' id='word_1_79' title='bbox 2278 1808 2556 1869; x_wconf 88' lang='lat' dir='ltr'><strong>tuorum</strong></span> <span class='ocrx_word' id='word_1_80' title='bbox 2588 1797 2907 1873; x_wconf 79' lang='lat' dir='ltr'><strong>cordibus</strong></span> 
     </span>
     <span class='ocr_line' id='line_1_11' title="bbox 231 1918 2907 2020; baseline 0.002 -29"><span class='ocrx_word' id='word_1_81' title='bbox 231 1918 556 2016; x_wconf 85' lang='lat' dir='ltr'><strong>fidelium</strong></span> <span class='ocrx_word' id='word_1_82' title='bbox 603 1921 1018 2020; x_wconf 85' lang='lat' dir='ltr'><strong>infundisti,</strong></span> <span class='ocrx_word' id='word_1_83' title='bbox 1064 1921 1155 1993; x_wconf 89' lang='lat' dir='ltr'><strong>da</strong></span> <span class='ocrx_word' id='word_1_84' title='bbox 1186 1920 1468 2019; x_wconf 85' lang='lat' dir='ltr'><strong>famulo</strong></span> <span class='ocrx_word' id='word_1_85' title='bbox 1515 1932 1634 1994; x_wconf 91' lang='lat' dir='ltr'><strong>tuo</strong></span> <span class='ocrx_word' id='word_1_86' title='bbox 1670 1918 2128 1995; x_wconf 85' lang='lat' dir='ltr'><strong>Ferdinando</strong></span> <span class='ocrx_word' id='word_1_87' title='bbox 2166 1920 2325 2019; x_wconf 71' lang='lat' dir='ltr'><strong>reqi</strong></span> <span class='ocrx_word' id='word_1_88' title='bbox 2350 1944 2485 2017; x_wconf 83' lang='lat' dir='ltr'><strong>pro</strong></span> <span class='ocrx_word' id='word_1_89' title='bbox 2528 1947 2664 2020; x_wconf 83' lang='lat' dir='ltr'><strong>quo</strong></span> <span class='ocrx_word' id='word_1_90' title='bbox 2711 1935 2907 1997; x_wconf 85' lang='lat' dir='ltr'><strong>tuam</strong></span> 
     </span>
     <span class='ocr_line' id='line_1_12' title="bbox 235 2028 2903 2142; baseline 0.002 -26"><span class='ocrx_word' id='word_1_91' title='bbox 235 2044 699 2141; x_wconf 81' lang='lat' dir='ltr'><strong>deprecamur</strong></span> <span class='ocrx_word' id='word_1_92' title='bbox 723 2046 1166 2119; x_wconf 88' lang='lat' dir='ltr'><strong>clementiam</strong></span> <span class='ocrx_word' id='word_1_93' title='bbox 1193 2047 1493 2119; x_wconf 84' lang='lat' dir='ltr'><strong>salutem</strong></span> <span class='ocrx_word' id='word_1_94' title='bbox 1521 2047 1772 2119; x_wconf 86' lang='lat' dir='ltr'><strong>mentis</strong></span> <span class='ocrx_word' id='word_1_95' title='bbox 1804 2057 1876 2118; x_wconf 88' lang='lat' dir='ltr'><strong>et</strong></span> <span class='ocrx_word' id='word_1_96' title='bbox 1896 2028 2229 2142; x_wconf 84' lang='lat' dir='ltr'><strong>corporis,</strong></span> <span class='ocrx_word' id='word_1_97' title='bbox 2266 2057 2350 2118; x_wconf 89' lang='lat' dir='ltr'><strong>ut</strong></span> <span class='ocrx_word' id='word_1_98' title='bbox 2375 2058 2438 2118; x_wconf 89' lang='lat' dir='ltr'><strong>te</strong></span> <span class='ocrx_word' id='word_1_99' title='bbox 2468 2057 2608 2120; x_wconf 87' lang='lat' dir='ltr'><strong>tota</strong></span> <span class='ocrx_word' id='word_1_100' title='bbox 2649 2048 2903 2121; x_wconf 84' lang='lat' dir='ltr'><strong>virtute</strong></span> 
     </span>
     <span class='ocr_line' id='line_1_13' title="bbox 234 2170 2325 2270; baseline -0 -26"><span class='ocrx_word' id='word_1_101' title='bbox 234 2172 486 2269; x_wconf 68' lang='lat' dir='ltr'><strong>diliyat</strong></span> <span class='ocrx_word' id='word_1_102' title='bbox 516 2184 592 2244; x_wconf 86' lang='lat' dir='ltr'><strong>et</strong></span> <span class='ocrx_word' id='word_1_103' title='bbox 615 2196 752 2270; x_wconf 84' lang='lat' dir='ltr'><strong>que</strong></span> <span class='ocrx_word' id='word_1_104' title='bbox 784 2172 909 2244; x_wconf 87' lang='lat' dir='ltr'><strong>tibi</strong></span> <span class='ocrx_word' id='word_1_105' title='bbox 915 2171 1186 2268; x_wconf 82' lang='lat' dir='ltr'><strong>placita</strong></span> <span class='ocrx_word' id='word_1_106' title='bbox 1215 2183 1391 2244; x_wconf 89' lang='lat' dir='ltr'><strong>sunt</strong></span> <span class='ocrx_word' id='word_1_107' title='bbox 1415 2182 1556 2245; x_wconf 84' lang='lat' dir='ltr'><strong>tota</strong></span> <span class='ocrx_word' id='word_1_108' title='bbox 1585 2171 1953 2245; x_wconf 79' lang='lat' dir='ltr'><strong>dilectione</strong></span> <span class='ocrx_word' id='word_1_109' title='bbox 1971 2170 2325 2269; x_wconf 80' lang='lat' dir='ltr'><strong>perficiat.</strong></span> 
     </span>
    </p>

    <p class='ocr_par' dir='ltr' id='par_1_5' title="bbox 228 2294 2905 2645">
     <span class='ocr_line' id='line_1_14' title="bbox 321 2294 2903 2395; baseline 0 -24"><span class='ocrx_word' id='word_1_110' title='bbox 321 2297 674 2371; x_wconf 80' lang='lat' dir='ltr'><strong>Miserere</strong></span> <span class='ocrx_word' id='word_1_111' title='bbox 701 2320 1110 2395; x_wconf 87' lang='lat' dir='ltr'><strong>quesumus,</strong></span> <span class='ocrx_word' id='word_1_112' title='bbox 1144 2296 1476 2388; x_wconf 84' lang='lat' dir='ltr'><strong>Domine,</strong></span> <span class='ocrx_word' id='word_1_113' title='bbox 1509 2295 1790 2395; x_wconf 85' lang='lat' dir='ltr'><strong>famulo</strong></span> <span class='ocrx_word' id='word_1_114' title='bbox 1818 2308 1935 2369; x_wconf 88' lang='lat' dir='ltr'><strong>tuo</strong></span> <span class='ocrx_word' id='word_1_115' title='bbox 1956 2294 2411 2369; x_wconf 88' lang='lat' dir='ltr'><strong>Ferdinando</strong></span> <span class='ocrx_word' id='word_1_116' title='bbox 2440 2297 2739 2394; x_wconf 71' lang='lat' dir='ltr'><strong>reqipro</strong></span> <span class='ocrx_word' id='word_1_117' title='bbox 2766 2322 2903 2395; x_wconf 84' lang='lat' dir='ltr'><strong>quo</strong></span> 
     </span>
     <span class='ocr_line' id='line_1_15' title="bbox 232 2414 2905 2519; baseline 0.001 -26"><span class='ocrx_word' id='word_1_118' title='bbox 232 2422 353 2493; x_wconf 76' lang='lat' dir='ltr'><strong>hoc</strong></span> <span class='ocrx_word' id='word_1_119' title='bbox 377 2420 820 2519; x_wconf 84' lang='lat' dir='ltr'><strong>sacrificium</strong></span> <span class='ocrx_word' id='word_1_120' title='bbox 856 2419 1088 2493; x_wconf 85' lang='lat' dir='ltr'><strong>laudis</strong></span> <span class='ocrx_word' id='word_1_121' title='bbox 1129 2432 1244 2493; x_wconf 88' lang='lat' dir='ltr'><strong>tue</strong></span> <span class='ocrx_word' id='word_1_122' title='bbox 1271 2419 1633 2518; x_wconf 81' lang='lat' dir='ltr'><strong>offerimus</strong></span> <span class='ocrx_word' id='word_1_123' title='bbox 1665 2419 2051 2516; x_wconf 80' lang='lat' dir='ltr'><strong>majestati,</strong></span> <span class='ocrx_word' id='word_1_124' title='bbox 2096 2414 2182 2492; x_wconf 81' lang='lat' dir='ltr'><strong>ut</strong></span> <span class='ocrx_word' id='word_1_125' title='bbox 2201 2444 2340 2517; x_wconf 83' lang='lat' dir='ltr'><strong>per</strong></span> <span class='ocrx_word' id='word_1_126' title='bbox 2363 2419 2549 2493; x_wconf 79' lang='lat' dir='ltr'><strong>hanc</strong></span> <span class='ocrx_word' id='word_1_127' title='bbox 2586 2437 2905 2496; x_wconf 79' lang='lat' dir='ltr'><strong>sanctam</strong></span> 
     </span>
     <span class='ocr_line' id='line_1_16' title="bbox 228 2544 2894 2645; baseline 0.001 -26"><span class='ocrx_word' id='word_1_128' title='bbox 228 2548 536 2645; x_wconf 70' lang='lat' dir='ltr'><strong>qratiam</strong></span> <span class='ocrx_word' id='word_1_129' title='bbox 569 2545 1069 2619; x_wconf 76' lang='lat' dir='ltr'><strong>incolumitatis</strong></span> <span class='ocrx_word' id='word_1_130' title='bbox 1089 2545 1400 2619; x_wconf 87' lang='lat' dir='ltr'><strong>obtineat</strong></span> <span class='ocrx_word' id='word_1_131' title='bbox 1423 2556 1494 2619; x_wconf 87' lang='lat' dir='ltr'><strong>et</strong></span> <span class='ocrx_word' id='word_1_132' title='bbox 1507 2557 1738 2621; x_wconf 84' lang='lat' dir='ltr'><strong>eterne</strong></span> <span class='ocrx_word' id='word_1_133' title='bbox 1756 2545 2203 2619; x_wconf 75' lang='lat' dir='ltr'><strong>beatitudinis</strong></span> <span class='ocrx_word' id='word_1_134' title='bbox 2224 2544 2529 2643; x_wconf 72' lang='lat' dir='ltr'><strong>qloriam</strong></span> <span class='ocrx_word' id='word_1_135' title='bbox 2549 2547 2894 2645; x_wconf 81' lang='lat' dir='ltr'><strong>acquirat.</strong></span> 
     </span>
    </p>

    <p class='ocr_par' dir='ltr' id='par_1_6' title="bbox 321 2668 1430 2758">
     <span class='ocr_line' id='line_1_17' title="bbox 321 2668 1430 2758; baseline -0.002 -15"><span class='ocrx_word' id='word_1_136' title='bbox 321 2670 468 2743; x_wconf 88' lang='lat' dir='ltr'><strong>Per</strong></span> <span class='ocrx_word' id='word_1_137' title='bbox 501 2668 936 2758; x_wconf 85' lang='lat' dir='ltr'><strong>Dominum,</strong></span> <span class='ocrx_word' id='word_1_138' title='bbox 971 2680 1134 2757; x_wconf 87' lang='lat' dir='ltr'><strong>etc.,</strong></span> <span class='ocrx_word' id='word_1_139' title='bbox 1163 2668 1430 2741; x_wconf 81' lang='lat' dir='ltr'><strong>Amen.</strong></span> 
     </span>
    </p>
   </div>
   <div class='ocr_carea' id='block_1_5' title="bbox 1389 2864 1710 2939">
    <p class='ocr_par' dir='ltr' id='par_1_7' title="bbox 1389 2864 1710 2939">
     <span class='ocr_line' id='line_1_18' title="bbox 1389 2864 1710 2939; baseline 0 -2"><span class='ocrx_word' id='word_1_140' title='bbox 1389 2864 1710 2939; x_wconf 74' lang='lat' dir='ltr'><strong>OremuS.</strong></span> 
     </span>
    </p>
   </div>
   <div class='ocr_carea' id='block_1_6' title="bbox 229 3015 2901 3478">
    <p class='ocr_par' dir='ltr' id='par_1_8' title="bbox 229 3015 2901 3478">
     <span class='ocr_line' id='line_1_19' title="bbox 327 3015 2901 3113; baseline -0.002 -22"><span class='ocrx_word' id='word_1_141' title='bbox 327 3017 588 3091; x_wconf 87' lang='lat' dir='ltr'><strong>Omnia</strong></span> <span class='ocrx_word' id='word_1_142' title='bbox 623 3016 862 3090; x_wconf 83' lang='lat' dir='ltr'><strong>divina</strong></span> <span class='ocrx_word' id='word_1_143' title='bbox 902 3016 1195 3090; x_wconf 79' lang='lat' dir='ltr'><strong>libantes</strong></span> <span class='ocrx_word' id='word_1_144' title='bbox 1235 3017 1572 3112; x_wconf 77' lang='lat' dir='ltr'><strong>mysteria</strong></span> <span class='ocrx_word' id='word_1_145' title='bbox 1607 3040 2017 3113; x_wconf 70' lang='lat' dir='ltr'><strong>quesumuS,</strong></span> <span class='ocrx_word' id='word_1_146' title='bbox 2060 3016 2393 3106; x_wconf 89' lang='lat' dir='ltr'><strong>Domine,</strong></span> <span class='ocrx_word' id='word_1_147' title='bbox 2434 3028 2517 3089; x_wconf 92' lang='lat' dir='ltr'><strong>ut</strong></span> <span class='ocrx_word' id='word_1_148' title='bbox 2545 3015 2670 3088; x_wconf 84' lang='lat' dir='ltr'><strong>lzec</strong></span> <span class='ocrx_word' id='word_1_149' title='bbox 2707 3018 2901 3088; x_wconf 84' lang='lat' dir='ltr'><strong>salu-</strong></span> 
     </span>
     <span class='ocr_line' id='line_1_20' title="bbox 229 3135 2899 3236; baseline -0.001 -24"><span class='ocrx_word' id='word_1_150' title='bbox 229 3142 402 3215; x_wconf 87' lang='lat' dir='ltr'><strong>taria</strong></span> <span class='ocrx_word' id='word_1_151' title='bbox 430 3151 884 3215; x_wconf 84' lang='lat' dir='ltr'><strong>sacramenta</strong></span> <span class='ocrx_word' id='word_1_152' title='bbox 908 3135 1362 3212; x_wconf 86' lang='lat' dir='ltr'><strong>Ferdinando</strong></span> <span class='ocrx_word' id='word_1_153' title='bbox 1389 3140 1670 3236; x_wconf 81' lang='lat' dir='ltr'><strong>famulo</strong></span> <span class='ocrx_word' id='word_1_154' title='bbox 1694 3148 1810 3210; x_wconf 84' lang='lat' dir='ltr'><strong>tuo</strong></span> <span class='ocrx_word' id='word_1_155' title='bbox 1840 3138 1997 3235; x_wconf 74' lang='lat' dir='ltr'><strong>reyi</strong></span> <span class='ocrx_word' id='word_1_156' title='bbox 2014 3138 2403 3235; x_wconf 78' lang='lat' dir='ltr'><strong>proficiant</strong></span> <span class='ocrx_word' id='word_1_157' title='bbox 2436 3136 2535 3210; x_wconf 90' lang='lat' dir='ltr'><strong>ad</strong></span> <span class='ocrx_word' id='word_1_158' title='bbox 2542 3138 2899 3234; x_wconf 81' lang='lat' dir='ltr'><strong>prosperi-</strong></span> 
     </span>
     <span class='ocr_line' id='line_1_21' title="bbox 233 3244 2886 3363; baseline 0.001 -27"><span class='ocrx_word' id='word_1_159' title='bbox 233 3278 430 3339; x_wconf 87' lang='lat' dir='ltr'><strong>tatem</strong></span> <span class='ocrx_word' id='word_1_160' title='bbox 461 3278 534 3338; x_wconf 85' lang='lat' dir='ltr'><strong>et</strong></span> <span class='ocrx_word' id='word_1_161' title='bbox 553 3290 817 3363; x_wconf 85' lang='lat' dir='ltr'><strong>pacem</strong></span> <span class='ocrx_word' id='word_1_162' title='bbox 845 3289 981 3363; x_wconf 79' lang='lat' dir='ltr'><strong>pro</strong></span> <span class='ocrx_word' id='word_1_163' title='bbox 1022 3263 1234 3360; x_wconf 86' lang='lat' dir='ltr'><strong>cujus</strong></span> <span class='ocrx_word' id='word_1_164' title='bbox 1276 3264 1766 3351; x_wconf 32' lang='lat' dir='ltr'><strong>incolumitate·</strong></span> <span class='ocrx_word' id='word_1_165' title='bbox 1786 3264 1911 3336; x_wconf 80' lang='lat' dir='ltr'><strong>hec</strong></span> <span class='ocrx_word' id='word_1_166' title='bbox 1949 3244 2064 3336; x_wconf 86' lang='lat' dir='ltr'><strong>tue</strong></span> <span class='ocrx_word' id='word_1_167' title='bbox 2096 3263 2471 3337; x_wconf 87' lang='lat' dir='ltr'><strong>obtulimus</strong></span> <span class='ocrx_word' id='word_1_168' title='bbox 2492 3263 2886 3360; x_wconf 81' lang='lat' dir='ltr'><strong>majestat-i.</strong></span> 
     </span>
     <span class='ocr_line' id='line_1_22' title="bbox 231 3388 1648 3478; baseline -0.001 -15"><span class='ocrx_word' id='word_1_169' title='bbox 231 3390 368 3464; x_wconf 88' lang='lat' dir='ltr'><strong>Per</strong></span> <span class='ocrx_word' id='word_1_170' title='bbox 395 3390 802 3465; x_wconf 85' lang='lat' dir='ltr'><strong>Dominum</strong></span> <span class='ocrx_word' id='word_1_171' title='bbox 834 3402 1178 3478; x_wconf 86' lang='lat' dir='ltr'><strong>nostrum,</strong></span> <span class='ocrx_word' id='word_1_172' title='bbox 1215 3400 1345 3462; x_wconf 81' lang='lat' dir='ltr'><strong>etc,</strong></span> <span class='ocrx_word' id='word_1_173' title='bbox 1382 3388 1648 3462; x_wconf 89' lang='lat' dir='ltr'><strong>Amen.</strong></span> 
     </span>
    </p>
   </div>
   <div class='ocr_carea' id='block_1_7' title="bbox 229 3536 2893 4637">
    <p class='ocr_par' dir='ltr' id='par_1_9' title="bbox 229 3536 2893 4637">
     <span class='ocr_line' id='line_1_23' title="bbox 318 3536 2885 3637; baseline -0.002 -21"><span class='ocrx_word' id='word_1_174' title='bbox 318 3542 592 3615; x_wconf 86' lang='lat' dir='ltr'><strong>Eadem</strong></span> <span class='ocrx_word' id='word_1_175' title='bbox 631 3539 776 3629; x_wconf 88' lang='lat' dir='ltr'><strong>die,</strong></span> <span class='ocrx_word' id='word_1_176' title='bbox 812 3542 934 3613; x_wconf 93' lang='lat' dir='ltr'><strong>SS.</strong></span> <span class='ocrx_word' id='word_1_177' title='bbox 967 3542 1052 3611; x_wconf 90' lang='lat' dir='ltr'><strong>D.</strong></span> <span class='ocrx_word' id='word_1_178' title='bbox 1091 3540 1175 3611; x_wconf 89' lang='lat' dir='ltr'><strong>N.</strong></span> <span class='ocrx_word' id='word_1_179' title='bbox 1216 3561 1581 3613; x_wconf 88' lang='lat' dir='ltr'><strong>cameram</strong></span> <span class='ocrx_word' id='word_1_180' title='bbox 1609 3536 1967 3637; x_wconf 86' lang='lat' dir='ltr'><strong>papagalli</strong></span> <span class='ocrx_word' id='word_1_181' title='bbox 1999 3538 2249 3612; x_wconf 86' lang='lat' dir='ltr'><strong>exiens</strong></span> <span class='ocrx_word' id='word_1_182' title='bbox 2281 3538 2646 3614; x_wconf 86' lang='lat' dir='ltr'><strong>commisit</strong></span> <span class='ocrx_word' id='word_1_183' title='bbox 2680 3539 2885 3630; x_wconf 87' lang='lat' dir='ltr'><strong>mihi,</strong></span> 
     </span>
     <span class='ocr_line' id='line_1_24' title="bbox 230 3660 2893 3763; baseline 0 -26"><span class='ocrx_word' id='word_1_184' title='bbox 230 3672 301 3739; x_wconf 88' lang='lat' dir='ltr'><strong>ut</strong></span> <span class='ocrx_word' id='word_1_185' title='bbox 347 3664 750 3763; x_wconf 85' lang='lat' dir='ltr'><strong>magnifico</strong></span> <span class='ocrx_word' id='word_1_186' title='bbox 803 3666 962 3738; x_wconf 90' lang='lat' dir='ltr'><strong>Don</strong></span> <span class='ocrx_word' id='word_1_187' title='bbox 1007 3662 1324 3736; x_wconf 84' lang='lat' dir='ltr'><strong>Joffredo</strong></span> <span class='ocrx_word' id='word_1_188' title='bbox 1368 3662 1460 3761; x_wconf 77' lang='lat'><strong>(2)</strong></span> <span class='ocrx_word' id='word_1_189' title='bbox 1514 3662 1801 3760; x_wconf 84' lang='lat' dir='ltr'><strong>Borgia,</strong></span> <span class='ocrx_word' id='word_1_190' title='bbox 1860 3660 2275 3737; x_wconf 88' lang='lat' dir='ltr'><strong>Sanctitatis</strong></span> <span class='ocrx_word' id='word_1_191' title='bbox 2324 3686 2453 3737; x_wconf 87' lang='lat' dir='ltr'><strong>sue</strong></span> <span class='ocrx_word' id='word_1_192' title='bbox 2497 3664 2893 3738; x_wconf 91' lang='lat' dir='ltr'><strong>secundum</strong></span> 
     </span>
     <span class='ocr_line' id='line_1_25' title="bbox 230 3784 2891 3887; baseline -0.002 -24"><span class='ocrx_word' id='word_1_193' title='bbox 230 3814 512 3865; x_wconf 84' lang='lat' dir='ltr'><strong>carnem</strong></span> <span class='ocrx_word' id='word_1_194' title='bbox 545 3787 805 3887; x_wconf 87' lang='lat' dir='ltr'><strong>nepoti</strong></span> <span class='ocrx_word' id='word_1_195' title='bbox 851 3811 940 3860; x_wconf 87' lang='lat' dir='ltr'><strong>ex</strong></span> <span class='ocrx_word' id='word_1_196' title='bbox 981 3807 1233 3859; x_wconf 86' lang='lat' dir='ltr'><strong>sorore</strong></span> <span class='ocrx_word' id='word_1_197' title='bbox 1278 3808 1408 3857; x_wconf 90' lang='lat' dir='ltr'><strong>sua</strong></span> <span class='ocrx_word' id='word_1_198' title='bbox 1444 3784 1715 3860; x_wconf 85' lang='lat' dir='ltr'><strong>carnali</strong></span> <span class='ocrx_word' id='word_1_199' title='bbox 1761 3792 1961 3879; x_wconf 86' lang='lat' dir='ltr'><strong>nat0,</strong></span> <span class='ocrx_word' id='word_1_200' title='bbox 2016 3785 2259 3859; x_wconf 89' lang='lat' dir='ltr'><strong>locum</strong></span> <span class='ocrx_word' id='word_1_201' title='bbox 2304 3785 2553 3860; x_wconf 85' lang='lat' dir='ltr'><strong>darem</strong></span> <span class='ocrx_word' id='word_1_202' title='bbox 2597 3786 2670 3858; x_wconf 87' lang='lat' dir='ltr'><strong>in</strong></span> <span class='ocrx_word' id='word_1_203' title='bbox 2710 3786 2891 3860; x_wconf 90' lang='lat' dir='ltr'><strong>solio</strong></span> 
     </span>
     <span class='ocr_line' id='line_1_26' title="bbox 231 3908 2890 4014; baseline -0.002 -25"><span class='ocrx_word' id='word_1_204' title='bbox 231 3940 350 3991; x_wconf 88' lang='lat' dir='ltr'><strong>suo</strong></span> <span class='ocrx_word' id='word_1_205' title='bbox 387 3924 554 4014; x_wconf 90' lang='lat' dir='ltr'><strong>post</strong></span> <span class='ocrx_word' id='word_1_206' title='bbox 595 3912 1168 3988; x_wconf 88' lang='lat' dir='ltr'><strong>illustrissimum</strong></span> <span class='ocrx_word' id='word_1_207' title='bbox 1211 3914 1297 3983; x_wconf 91' lang='lat' dir='ltr'><strong>D.</strong></span> <span class='ocrx_word' id='word_1_208' title='bbox 1345 3909 1688 3986; x_wconf 86' lang='lat' dir='ltr'><strong>comitem</strong></span> <span class='ocrx_word' id='word_1_209' title='bbox 1727 3908 2041 3985; x_wconf 87' lang='lat' dir='ltr'><strong>Pitiliani</strong></span> <span class='ocrx_word' id='word_1_210' title='bbox 2074 3910 2399 3986; x_wconf 90' lang='lat' dir='ltr'><strong>Ecclesie</strong></span> <span class='ocrx_word' id='word_1_211' title='bbox 2430 3910 2890 4008; x_wconf 82' lang='lat' dir='ltr'><strong>capitaneum</strong></span> 
     </span>
     <span class='ocr_line' id='line_1_27' title="bbox 232 4028 2891 4141; baseline -0.002 -26"><span class='ocrx_word' id='word_1_212' title='bbox 232 4042 646 4141; x_wconf 85' lang='lat' dir='ltr'><strong>generalem</strong></span> <span class='ocrx_word' id='word_1_213' title='bbox 682 4045 756 4114; x_wconf 87' lang='lat' dir='ltr'><strong>et</strong></span> <span class='ocrx_word' id='word_1_214' title='bbox 783 4039 1044 4115; x_wconf 88' lang='lat' dir='ltr'><strong>ducem</strong></span> <span class='ocrx_word' id='word_1_215' title='bbox 1084 4039 1292 4126; x_wconf 79' lang='lat' dir='ltr'><strong>sore,</strong></span> <span class='ocrx_word' id='word_1_216' title='bbox 1334 4037 1690 4129; x_wconf 85' lang='lat' dir='ltr'><strong>similiter,</strong></span> <span class='ocrx_word' id='word_1_217' title='bbox 1741 4041 1812 4111; x_wconf 89' lang='lat' dir='ltr'><strong>et</strong></span> <span class='ocrx_word' id='word_1_218' title='bbox 1848 4028 1922 4108; x_wconf 71' lang='lat' dir='ltr'><strong>i&#39;n</strong></span> <span class='ocrx_word' id='word_1_219' title='bbox 1962 4036 2200 4111; x_wconf 87' lang='lat' dir='ltr'><strong>eundo</strong></span> <span class='ocrx_word' id='word_1_220' title='bbox 2240 4036 2333 4109; x_wconf 87' lang='lat' dir='ltr'><strong>ad</strong></span> <span class='ocrx_word' id='word_1_221' title='bbox 2375 4035 2760 4109; x_wconf 88' lang='lat' dir='ltr'><strong>ecclesiam</strong></span> <span class='ocrx_word' id='word_1_222' title='bbox 2806 4058 2891 4109; x_wconf 90' lang='lat' dir='ltr'><strong>ac</strong></span> 
     </span>
     <span class='ocr_line' id='line_1_28' title="bbox 229 4155 2891 4259; baseline -0.002 -22"><span class='ocrx_word' id='word_1_223' title='bbox 229 4165 414 4239; x_wconf 87' lang='lat' dir='ltr'><strong>illinc</strong></span> <span class='ocrx_word' id='word_1_224' title='bbox 451 4162 841 4240; x_wconf 91' lang='lat' dir='ltr'><strong>redeundo</strong></span> <span class='ocrx_word' id='word_1_225' title='bbox 882 4169 953 4237; x_wconf 88' lang='lat' dir='ltr'><strong>et</strong></span> <span class='ocrx_word' id='word_1_226' title='bbox 989 4160 1144 4235; x_wconf 89' lang='lat' dir='ltr'><strong>aliis</strong></span> <span class='ocrx_word' id='word_1_227' title='bbox 1183 4158 1493 4257; x_wconf 88' lang='lat' dir='ltr'><strong>publicis</strong></span> <span class='ocrx_word' id='word_1_228' title='bbox 1537 4158 2043 4255; x_wconf 74' lang='lat' dir='ltr'><strong>conventibu53</strong></span> <span class='ocrx_word' id='word_1_229' title='bbox 2098 4155 2291 4259; x_wconf 84' lang='lat' dir='ltr'><strong>quod</strong></span> <span class='ocrx_word' id='word_1_230' title='bbox 2331 4167 2404 4234; x_wconf 87' lang='lat' dir='ltr'><strong>et</strong></span> <span class='ocrx_word' id='word_1_231' title='bbox 2454 4161 2617 4234; x_wconf 86' lang='lat' dir='ltr'><strong>feci.</strong></span> <span class='ocrx_word' id='word_1_232' title='bbox 2655 4160 2891 4234; x_wconf 89' lang='lat' dir='ltr'><strong>Finita</strong></span> 
     </span>
     <span class='ocr_line' id='line_1_29' title="bbox 231 4286 2890 4383; baseline -0 -22"><span class='ocrx_word' id='word_1_233' title='bbox 231 4289 467 4383; x_wconf 78' lang='lat' dir='ltr'><strong>missa,</strong></span> <span class='ocrx_word' id='word_1_234' title='bbox 503 4292 640 4365; x_wconf 92' lang='lat' dir='ltr'><strong>SS.</strong></span> <span class='ocrx_word' id='word_1_235' title='bbox 674 4293 764 4362; x_wconf 91' lang='lat' dir='ltr'><strong>D.</strong></span> <span class='ocrx_word' id='word_1_236' title='bbox 797 4290 882 4361; x_wconf 91' lang='lat' dir='ltr'><strong>N.</strong></span> <span class='ocrx_word' id='word_1_237' title='bbox 917 4286 990 4359; x_wconf 92' lang='lat' dir='ltr'><strong>in</strong></span> <span class='ocrx_word' id='word_1_238' title='bbox 1023 4311 1309 4362; x_wconf 89' lang='lat' dir='ltr'><strong>camera</strong></span> <span class='ocrx_word' id='word_1_239' title='bbox 1335 4313 1463 4363; x_wconf 86' lang='lat' dir='ltr'><strong>sua</strong></span> <span class='ocrx_word' id='word_1_240' title='bbox 1493 4294 1776 4363; x_wconf 85' lang='lat' dir='ltr'><strong>secreta</strong></span> <span class='ocrx_word' id='word_1_241' title='bbox 1806 4291 1895 4365; x_wconf 91' lang='lat' dir='ltr'><strong>de</strong></span> <span class='ocrx_word' id='word_1_242' title='bbox 1927 4286 2400 4363; x_wconf 88' lang='lat' dir='ltr'><strong>cardinalium</strong></span> <span class='ocrx_word' id='word_1_243' title='bbox 2430 4286 2767 4377; x_wconf 90' lang='lat' dir='ltr'><strong>consilio,</strong></span> <span class='ocrx_word' id='word_1_244' title='bbox 2813 4292 2890 4360; x_wconf 84' lang='lat' dir='ltr'><strong>ut</strong></span> 
     </span>
     <span class='ocr_line' id='line_1_30' title="bbox 231 4410 2890 4519; baseline -0.002 -31"><span class='ocrx_word' id='word_1_245' title='bbox 231 4416 442 4494; x_wconf 87' lang='lat' dir='ltr'><strong>moris</strong></span> <span class='ocrx_word' id='word_1_246' title='bbox 473 4422 618 4505; x_wconf 86' lang='lat' dir='ltr'><strong>est,</strong></span> <span class='ocrx_word' id='word_1_247' title='bbox 641 4410 958 4519; x_wconf 69' lang='lat' dir='ltr'><strong>⁸prefecit</strong></span> <span class='ocrx_word' id='word_1_248' title='bbox 990 4416 1073 4485; x_wconf 87' lang='lat' dir='ltr'><strong>R.</strong></span> <span class='ocrx_word' id='word_1_249' title='bbox 1110 4415 1190 4485; x_wconf 92' lang='lat' dir='ltr'><strong>P.</strong></span> <span class='ocrx_word' id='word_1_250' title='bbox 1227 4415 1313 4486; x_wconf 90' lang='lat' dir='ltr'><strong>D.</strong></span> <span class='ocrx_word' id='word_1_251' title='bbox 1343 4411 1752 4487; x_wconf 88' lang='lat' dir='ltr'><strong>Johannem</strong></span> <span class='ocrx_word' id='word_1_252' title='bbox 1777 4416 2011 4511; x_wconf 88' lang='lat' dir='ltr'><strong>Lopez</strong></span> <span class='ocrx_word' id='word_1_253' title='bbox 2038 4413 2391 4487; x_wconf 84' lang='lat' dir='ltr'><strong>datarium</strong></span> <span class='ocrx_word' id='word_1_254' title='bbox 2414 4437 2626 4487; x_wconf 90' lang='lat' dir='ltr'><strong>suum</strong></span> <span class='ocrx_word' id='word_1_255' title='bbox 2658 4411 2890 4487; x_wconf 91' lang='lat' dir='ltr'><strong>eccle-</strong></span> 
     </span>
     <span class='ocr_line' id='line_1_31' title="bbox 233 4536 2890 4637; baseline -0.001 -27"><span class='ocrx_word' id='word_1_256' title='bbox 233 4538 326 4615; x_wconf 87' lang='lat' dir='ltr'><strong>sie</strong></span> <span class='ocrx_word' id='word_1_257' title='bbox 353 4541 746 4631; x_wconf 89' lang='lat' dir='ltr'><strong>Perusine,</strong></span> <span class='ocrx_word' id='word_1_258' title='bbox 777 4561 911 4637; x_wconf 89' lang='lat' dir='ltr'><strong>per</strong></span> <span class='ocrx_word' id='word_1_259' title='bbox 956 4536 1234 4611; x_wconf 89' lang='lat' dir='ltr'><strong>obitum</strong></span> <span class='ocrx_word' id='word_1_260' title='bbox 1277 4536 1470 4613; x_wconf 89' lang='lat' dir='ltr'><strong>bone</strong></span> <span class='ocrx_word' id='word_1_261' title='bbox 1513 4538 1865 4613; x_wconf 78' lang='lat' dir='ltr'><strong>memorie</strong></span> <span class='ocrx_word' id='word_1_262' title='bbox 1916 4538 2336 4637; x_wconf 78' lang='lat' dir='ltr'><strong>Hieronymi</strong></span> <span class='ocrx_word' id='word_1_263' title='bbox 2377 4536 2673 4611; x_wconf 87' lang='lat' dir='ltr'><strong>Balbani</strong></span> <span class='ocrx_word' id='word_1_264' title='bbox 2706 4536 2890 4634; x_wconf 89' lang='lat' dir='ltr'><strong>epis-</strong></span> 
     </span>
    </p>
   </div>
   <div class='ocr_carea' id='block_1_8' title="bbox 229 4766 2892 5295">
    <p class='ocr_par' dir='ltr' id='par_1_10' title="bbox 229 4766 2892 5029">
     <span class='ocr_line' id='line_1_32' title="bbox 296 4766 2892 4845; baseline -0.002 -12"><span class='ocrx_word' id='word_1_265' title='bbox 296 4777 342 4835; x_wconf 87' lang='lat'><strong>1.</strong></span> <span class='ocrx_word' id='word_1_266' title='bbox 377 4775 528 4835; x_wconf 89' lang='lat' dir='ltr'><strong>Telle</strong></span> <span class='ocrx_word' id='word_1_267' title='bbox 557 4782 652 4834; x_wconf 88' lang='lat' dir='ltr'><strong>est.</strong></span> <span class='ocrx_word' id='word_1_268' title='bbox 677 4774 732 4833; x_wconf 84' lang='lat' dir='ltr'><strong>la</strong></span> <span class='ocrx_word' id='word_1_269' title='bbox 756 4773 911 4845; x_wconf 74' lang='lat' dir='ltr'><strong>lecon</strong></span> <span class='ocrx_word' id='word_1_270' title='bbox 941 4774 1017 4830; x_wconf 87' lang='lat' dir='ltr'><strong>du</strong></span> <span class='ocrx_word' id='word_1_271' title='bbox 1044 4791 1181 4831; x_wconf 88' lang='lat' dir='ltr'><strong>mss.</strong></span> <span class='ocrx_word' id='word_1_272' title='bbox 1221 4772 1363 4828; x_wconf 77' lang='lat'>5522</span> <span class='ocrx_word' id='word_1_273' title='bbox 1393 4777 1449 4828; x_wconf 85' lang='lat' dir='ltr'><strong>et</strong></span> <span class='ocrx_word' id='word_1_274' title='bbox 1475 4772 1548 4829; x_wconf 91' lang='lat' dir='ltr'><strong>du</strong></span> <span class='ocrx_word' id='word_1_275' title='bbox 1586 4790 1719 4830; x_wconf 80' lang='lat' dir='ltr'><strong>mss,</strong></span> <span class='ocrx_word' id='word_1_276' title='bbox 1755 4770 1935 4845; x_wconf 85' lang='lat' dir='ltr'><strong>Chigi.</strong></span> <span class='ocrx_word' id='word_1_277' title='bbox 1978 4770 2053 4827; x_wconf 92' lang='lat' dir='ltr'><strong>Le</strong></span> <span class='ocrx_word' id='word_1_278' title='bbox 2087 4786 2223 4827; x_wconf 81' lang='lat' dir='ltr'><strong>mss,</strong></span> <span class='ocrx_word' id='word_1_279' title='bbox 2252 4769 2335 4843; x_wconf 67' lang='lat' dir='ltr'><strong>[de</strong></span> <span class='ocrx_word' id='word_1_280' title='bbox 2374 4766 2633 4827; x_wconf 83' lang='lat' dir='ltr'><strong>Florence</strong></span> <span class='ocrx_word' id='word_1_281' title='bbox 2658 4770 2804 4842; x_wconf 80' lang='lat'>(149)</span> <span class='ocrx_word' id='word_1_282' title='bbox 2838 4779 2892 4830; x_wconf 83' lang='lat' dir='ltr'><strong>et</strong></span> 
     </span>
     <span class='ocr_line' id='line_1_33' title="bbox 233 4858 2891 4936; baseline -0.002 -15"><span class='ocrx_word' id='word_1_283' title='bbox 233 4881 274 4936; x_wconf 75' lang='lat' dir='ltr'><strong>le</strong></span> <span class='ocrx_word' id='word_1_284' title='bbox 303 4868 442 4923; x_wconf 84' lang='lat'>5160</span> <span class='ocrx_word' id='word_1_285' title='bbox 481 4868 784 4923; x_wconf 81' lang='lat' dir='ltr'><strong>donnent:</strong></span> <span class='ocrx_word' id='word_1_286' title='bbox 815 4884 893 4922; x_wconf 77' lang='grc' dir='ltr'><strong>α.</strong></span> <span class='ocrx_word' id='word_1_287' title='bbox 927 4880 1122 4922; x_wconf 80' lang='lat' dir='ltr'><strong>,sacra</strong></span> <span class='ocrx_word' id='word_1_288' title='bbox 1157 4861 1408 4919; x_wconf 82' lang='lat' dir='ltr'><strong>dimisit:</strong></span> <span class='ocrx_word' id='word_1_289' title='bbox 1439 4862 1610 4919; x_wconf 77' lang='lat' dir='ltr'><strong>oratio</strong></span> <span class='ocrx_word' id='word_1_290' title='bbox 1651 4878 1718 4917; x_wconf 84' lang='lat' dir='ltr'><strong>ac</strong></span> <span class='ocrx_word' id='word_1_291' title='bbox 1763 4866 1993 4931; x_wconf 84' lang='lat' dir='ltr'><strong>secreta,</strong></span> <span class='ocrx_word' id='word_1_292' title='bbox 2032 4867 2089 4917; x_wconf 80' lang='lat' dir='ltr'><strong>et.</strong></span> <span class='ocrx_word' id='word_1_293' title='bbox 2122 4865 2249 4935; x_wconf 81' lang='lat' dir='ltr'><strong>post</strong></span> <span class='ocrx_word' id='word_1_294' title='bbox 2292 4858 2746 4931; x_wconf 78' lang='lat' dir='ltr'><strong>communionem,</strong></span> <span class='ocrx_word' id='word_1_295' title='bbox 2790 4878 2891 4935; x_wconf 87' lang='lat' dir='ltr'><strong>pro</strong></span> 
     </span>
     <span class='ocr_line' id='line_1_34' title="bbox 229 4948 1949 5029; baseline -0.001 -22"><span class='ocrx_word' id='word_1_296' title='bbox 229 4968 345 5027; x_wconf 84' lang='lat' dir='ltr'><strong>rege</strong></span> <span class='ocrx_word' id='word_1_297' title='bbox 373 4953 786 5029; x_wconf 86' lang='lat' dir='ltr'><strong>Hispaniarum,</strong></span> <span class='ocrx_word' id='word_1_298' title='bbox 817 4951 874 5008; x_wconf 90' lang='lat' dir='ltr'><strong>in</strong></span> <span class='ocrx_word' id='word_1_299' title='bbox 904 4952 1078 5009; x_wconf 86' lang='lat' dir='ltr'><strong>missa</strong></span> <span class='ocrx_word' id='word_1_300' title='bbox 1104 4950 1369 5025; x_wconf 85' lang='lat' dir='ltr'><strong>predicta,</strong></span> <span class='ocrx_word' id='word_1_301' title='bbox 1399 4948 1542 5007; x_wconf 85' lang='lat' dir='ltr'><strong>lecta</strong></span> <span class='ocrx_word' id='word_1_302' title='bbox 1565 4950 1784 5007; x_wconf 81' lang='lat' dir='ltr'><strong>fuerunt</strong></span> <span class='ocrx_word' id='word_1_303' title='bbox 1809 4950 1949 5005; x_wconf 90' lang='lat' dir='ltr'><strong>hec.</strong></span> 
     </span>
    </p>

    <p class='ocr_par' dir='ltr' id='par_1_11' title="bbox 231 5035 2885 5295">
     <span class='ocr_line' id='line_1_35' title="bbox 293 5035 2885 5113; baseline -0.002 -14"><span class='ocrx_word' id='word_1_304' title='bbox 293 5046 342 5101; x_wconf 82' lang='lat'><strong>2.</strong></span> <span class='ocrx_word' id='word_1_305' title='bbox 379 5046 548 5101; x_wconf 75' lang='lat' dir='ltr'><strong>Joss&#39;re</strong></span> <span class='ocrx_word' id='word_1_306' title='bbox 569 5040 706 5099; x_wconf 80' lang='lat' dir='ltr'><strong>etait</strong></span> <span class='ocrx_word' id='word_1_307' title='bbox 722 5041 771 5097; x_wconf 91' lang='lat' dir='ltr'><strong>le</strong></span> <span class='ocrx_word' id='word_1_308' title='bbox 790 5040 878 5096; x_wconf 85' lang='lat' dir='ltr'><strong>fils</strong></span> <span class='ocrx_word' id='word_1_309' title='bbox 897 5040 973 5096; x_wconf 90' lang='lat' dir='ltr'><strong>du</strong></span> <span class='ocrx_word' id='word_1_310' title='bbox 989 5056 1152 5113; x_wconf 87' lang='lat' dir='ltr'><strong>pape.</strong></span> <span class='ocrx_word' id='word_1_311' title='bbox 1171 5038 1448 5097; x_wconf 85' lang='lat' dir='ltr'><strong>Burchard</strong></span> <span class='ocrx_word' id='word_1_312' title='bbox 1459 5036 1578 5111; x_wconf 90' lang='lat' dir='ltr'><strong>,qui</strong></span> <span class='ocrx_word' id='word_1_313' title='bbox 1599 5037 1648 5093; x_wconf 90' lang='lat' dir='ltr'><strong>le</strong></span> <span class='ocrx_word' id='word_1_314' title='bbox 1665 5036 1931 5111; x_wconf 78' lang='lat' dir='ltr'><strong>designa</strong></span> <span class='ocrx_word' id='word_1_315' title='bbox 1918 5036 1985 5093; x_wconf 74' lang='lat' dir='ltr'><strong>ici</strong></span> <span class='ocrx_word' id='word_1_316' title='bbox 2007 5056 2212 5095; x_wconf 88' lang='lat' dir='ltr'><strong>comme</strong></span> <span class='ocrx_word' id='word_1_317' title='bbox 2227 5058 2402 5097; x_wconf 79' lang='lat' dir='ltr'><strong>neveu</strong></span> <span class='ocrx_word' id='word_1_318' title='bbox 2416 5040 2467 5096; x_wconf 85' lang='lat' dir='ltr'><strong>d’</strong></span> <span class='ocrx_word' id='word_1_319' title='bbox 2470 5035 2885 5107; x_wconf 84' lang='lat' dir='ltr'><strong>AlexandreVI,</strong></span> 
     </span>
     <span class='ocr_line' id='line_1_36' title="bbox 231 5126 2883 5207; baseline -0.002 -20"><span class='ocrx_word' id='word_1_320' title='bbox 231 5130 464 5207; x_wconf 85' lang='lat' dir='ltr'><strong>l&#39;appelle</strong></span> <span class='ocrx_word' id='word_1_321' title='bbox 493 5130 724 5191; x_wconf 84' lang='lat' dir='ltr'><strong>ailleurs</strong></span> <span class='ocrx_word' id='word_1_322' title='bbox 752 5129 803 5186; x_wconf 90' lang='lat' dir='ltr'><strong>le</strong></span> <span class='ocrx_word' id='word_1_323' title='bbox 832 5129 920 5186; x_wconf 84' lang='lat' dir='ltr'><strong>fils</strong></span> <span class='ocrx_word' id='word_1_324' title='bbox 949 5130 1022 5184; x_wconf 91' lang='lat' dir='ltr'><strong>du</strong></span> <span class='ocrx_word' id='word_1_325' title='bbox 1049 5146 1209 5203; x_wconf 86' lang='lat' dir='ltr'><strong>pape.</strong></span> <span class='ocrx_word' id='word_1_326' title='bbox 1241 5130 1425 5203; x_wconf 78' lang='lat' dir='ltr'><strong>Voycz</strong></span> <span class='ocrx_word' id='word_1_327' title='bbox 1445 5126 1498 5184; x_wconf 86' lang='lat' dir='ltr'><strong>la</strong></span> <span class='ocrx_word' id='word_1_328' title='bbox 1515 5130 1692 5184; x_wconf 83' lang='lat' dir='ltr'><strong>Revue</strong></span> <span class='ocrx_word' id='word_1_329' title='bbox 1712 5130 1808 5184; x_wconf 81' lang='lat' dir='ltr'><strong>des</strong></span> <span class='ocrx_word' id='word_1_330' title='bbox 1830 5130 2105 5199; x_wconf 73' lang='lat' dir='ltr'><strong>questions</strong></span> <span class='ocrx_word' id='word_1_331' title='bbox 2124 5131 2471 5203; x_wconf 78' lang='lat' dir='ltr'><strong>historiques,</strong></span> <span class='ocrx_word' id='word_1_332' title='bbox 2492 5132 2723 5202; x_wconf 52' lang='lat' dir='ltr'><strong>1881„p</strong></span> <span class='ocrx_word' id='word_1_333' title='bbox 2746 5130 2883 5197; x_wconf 82' lang='lat'><strong>3783</strong></span> 
     </span>
     <span class='ocr_line' id='line_1_37' title="bbox 231 5218 1404 5295; baseline 0 -18"><span class='ocrx_word' id='word_1_334' title='bbox 231 5227 284 5277; x_wconf 82' lang='lat' dir='ltr'><strong>et.</strong></span> <span class='ocrx_word' id='word_1_335' title='bbox 307 5220 358 5278; x_wconf 85' lang='lat' dir='ltr'><strong>la</strong></span> <span class='ocrx_word' id='word_1_336' title='bbox 380 5230 507 5281; x_wconf 70' lang='lat' dir='ltr'><strong>note</strong></span> <span class='ocrx_word' id='word_1_337' title='bbox 543 5226 596 5291; x_wconf 88' lang='grc'><strong>1,</strong></span> <span class='ocrx_word' id='word_1_338' title='bbox 631 5238 686 5295; x_wconf 90' lang='lat' dir='ltr'><strong>p.</strong></span> <span class='ocrx_word' id='word_1_339' title='bbox 715 5222 844 5288; x_wconf 77' lang='lat'>275,</span> <span class='ocrx_word' id='word_1_340' title='bbox 878 5224 918 5277; x_wconf 88' lang='lat' dir='ltr'><strong>t.</strong></span> <span class='ocrx_word' id='word_1_341' title='bbox 952 5218 974 5275; x_wconf 86' lang='lat'>1</span> <span class='ocrx_word' id='word_1_342' title='bbox 1005 5218 1074 5276; x_wconf 87' lang='lat' dir='ltr'><strong>de</strong></span> <span class='ocrx_word' id='word_1_343' title='bbox 1104 5224 1246 5275; x_wconf 79' lang='lat' dir='ltr'><strong>cette</strong></span> <span class='ocrx_word' id='word_1_344' title='bbox 1275 5218 1404 5277; x_wconf 74' lang='lat' dir='ltr'><strong>edit.</strong></span> 
     </span>
    </p>
   </div>
  </div>
 </body>
</html>
