3625 6059
730 548 803 601 32
1637 544 1668 601 J
1673 544 1917 603 OHANN
1924 546 1989 603 IS
2039 544 2483 616 BURCHARDI,
2992 552 3225 615 [vaier
3256 556 3403 620 un]

735 696 900 794 copi
929 696 1288 787 Perusini,
1321 695 1550 771 felicis
1567 680 2093 773 recordationis
2121 698 2496 773 Innocenti
2522 722 2708 795 pape
2729 702 2888 777 VIII
2910 699 3125 797 primi
3156 725 3403 779 secre-

735 822 925 912 tarii,
956 822 1078 920 qui
1105 822 1246 897 hac
1271 823 1342 895 in
1377 824 1595 913 Urbe,
1627 822 1769 897 hac
1797 824 1943 898 vita
1972 825 2263 898 functus
2287 830 2423 913 est,
2450 824 2759 921 pastoris
2780 825 3035 900 solatio
3056 826 3395 902 destitue.

831 948 1040 1023 Feria
1079 947 1423 1039 secunda,
1459 948 1713 1023 ultima
1741 950 2017 1023 mensis
2046 949 2485 1040 decembris,
2514 950 2761 1048 vigilia
2790 950 3395 1039 circumcisionis,

733 1071 1022 1149 fuerunt
1049 1096 1348 1171 vespere
1377 1072 1674 1169 papales
1707 1073 1782 1147 in
1811 1072 2091 1171 capella
2122 1075 2427 1173 majore,
2455 1079 2652 1173 Papa
2679 1083 3053 1173 presente3
3084 1082 3159 1151 et
3182 1075 3257 1149 in
3280 1074 3399 1149 die

737 1200 1093 1296 sequenti,
1160 1203 1187 1270 1
1247 1198 1558 1296 januarii
1619 1199 1808 1274 sesto
1868 1200 2462 1288 circumcisionis,
2536 1199 2901 1299 publicam
2968 1198 3268 1274 missam
3318 1198 3401 1272 in

735 1323 990 1397 eadem
1023 1322 1298 1419 capella
1336 1321 1729 1396 celebravit
1769 1326 2021 1396 Rmus.
2075 1327 2159 1396 D.
2212 1348 2273 1396 s.
2334 1323 2751 1415 Clementis„
2796 1348 2985 1422 papa
3022 1330 3393 1422 presente.

738 1446 1068 1522 Interfuit
1100 1446 1328 1521 Illust.
1368 1450 1454 1522 D.
1491 1446 1901 1522 Fridericus
1934 1448 2053 1544 qui
2090 1448 2335 1523 locum
2376 1448 2627 1523 habuit
2664 1450 2859 1525 inter
2891 1454 3202 1524 RRmos.
3238 1453 3395 1524 DD.

737 1574 1078 1648 Ursinum
1123 1579 1196 1645 et
1236 1598 1297 1645 s.
1356 1572 1676 1645 Severini
1728 1573 2075 1647 diaconos
2114 1573 2559 1668 cardinales;
2605 1579 2849 1650 Rmus,
2903 1579 2991 1649 D.
3041 1574 3400 1649 Ascanius

731 1695 1365 1772 vicecancellarius
1391 1696 1710 1794 vesperis
1747 1697 2062 1772 externis
2095 1702 2167 1771 et
2196 1696 2420 1772 misse
2450 1698 2803 1774 hodierne
2832 1722 2980 1773 non
3016 1699 3341 1773 interfuit
3376 1724 3393 1772 :

732 1846 1148 1897 sermonem
1175 1821 1344 1895 fecit
1386 1822 1581 1919 prior
1622 1827 2017 1897 conventus
2063 1845 2123 1894 s,
2169 1819 2595 1921 Chrisogoni
2624 1822 2894 1897 ordinis
2926 1823 3139 1900 beate
3170 1825 3396 1899 Marie

730 1948 821 2021 de
849 1952 1094 2023 Monte
1127 1946 1482 2023 CarmeIO.

1693 2157 2424 2234 MCCCCLXXXXlll.

820 2320 1162 2413 Sabbato,
1201 2328 1242 2397 5
1282 2323 1624 2420 januarii,
1680 2323 1915 2422 vigilia
1951 2326 2337 2424 epiphanie
2379 2326 2697 2415 Domini,
2753 2326 3048 2400 fuerunt
3084 2346 3393 2421 vespere

725 2445 1022 2541 papales
1055 2446 1125 2518 in
1159 2447 1437 2543 capella
1460 2448 1807 2544 predicta,
1845 2454 2038 2548 Papa
2071 2461 2436 2549 presente.

827 2572 905 2641 In
947 2570 1064 2645 die
1108 2572 1464 2667 sequenti,
1521 2572 1821 2646 missam
1872 2573 1944 2647 in
1988 2576 2287 2652 basilica
2334 2604 2393 2652 s.
2444 2579 2639 2652 Petri
2690 2576 3076 2652 celebravit
3128 2580 3387 2649 RmuS.

724 2696 1108 2774 cardinalis
1139 2698 1704 2772 Rachanatensis
1733 2700 1857 2795 qui
1888 2702 2024 2775 sub
2055 2726 2280 2800 regno
2307 2704 2398 2778 ad
2428 2704 2761 2779 eamdem
2787 2702 3161 2777 basilicam
3190 2702 3391 2775 venit

727 2832 800 2901 et
821 2825 955 2900 sub
988 2826 1248 2900 eodem
1275 2825 1366 2900 ad
1389 2825 1737 2924 palatium
1768 2848 2095 2901 reversus
2141 2834 2274 2902 est.
2309 2830 2735 2904 Sermonem
2762 2826 2931 2901 fecit
2960 2832 3393 2923 procurator

719 2952 994 3029 ordinis
1027 2974 1396 3026 servorum
1417 2952 1632 3027 beate
1657 2952 1880 3027 Marie
1915 2952 2057 3027 sive
2091 2978 2150 3027 s.
2186 2950 2528 3028 Marcelli.
2556 2950 2715 3024 Alia
2743 2948 2985 3023 omnia
3008 2948 3393 3025 observata

719 3082 886 3149 sunt
915 3100 1117 3151 more
1147 3082 1524 3151 consueto,

819 3202 1088 3277 Eadem
1120 3202 1264 3291 die,
1288 3201 1475 3275 infra
1502 3202 1912 3298 prandium,
1938 3202 2350 3277 intimatum
2380 3200 2514 3276 fuit
2534 3200 2871 3275 omnibus
2898 3198 3185 3275 RRmis.
3222 3202 3386 3275 DD.

718 3327 1198 3402 cardinalibus
1227 3349 1359 3423 per
1388 3349 1724 3401 cursores
1763 3327 1856 3401 ad
1890 3326 2307 3401 instantiam
2350 3325 2541 3398 lllns.
2589 3327 2671 3398 D.
2708 3322 3056 3399 Friderici
3093 3323 3183 3397 de
3212 3324 3391 3396 Ara·

720 3474 913 3549 gona
981 3450 1182 3525 ducis
1239 3451 1691 3541 AndriensiS,
1762 3452 2111 3551 principis
2160 3451 2531 3526 Altamure
2585 3458 2654 3524 et
2712 3449 2916 3546 regni
2974 3448 3381 3538 admiraldi,

721 3574 1167 3650 serenissimi
1221 3576 1656 3651 Ferdinandi
1717 3578 1961 3652 Sicilie
2020 3575 2209 3674 regis
2274 3574 2847 3672 secundogeniti,
2920 3573 3117 3671 quod
3160 3572 3383 3647 hodie

717 3700 904 3775 hora
953 3724 1108 3775 xxn
1161 3701 1568 3800 portabitur
1609 3701 1703 3775 ad
1749 3701 2135 3777 ecclesiam
2182 3702 2393 3774 beate
2445 3700 2669 3774 Mat-ie
2723 3724 2941 3799 supra
2982 3698 3383 3775 Minervam

721 3824 1092 3923 sepulture
1151 3822 1812 3899 commendandum
1874 3825 2092 3898 funus
2150 3829 2233 3897 R.
2308 3828 2389 3899 P.
2450 3829 2535 3898 D.
2591 3822 3011 3924 Hieronymi
3058 3823 3383 3923 episcopi

723 3948 1296 4045 Policastrensis,
1364 3951 1588 4049 ipsius
1648 3955 1736 4027 D.
1807 3948 2153 4024 Friderici
2226 3948 2707 4038 conoratoriS,
2779 3950 2902 4046 qui
2954 3946 3133 4023 obiit
3188 3949 3387 4023 circa

717 4077 980 4152 horam
1023 4079 1349 4175 quintam
1397 4080 1633 4154 noctis
1681 4078 2052 4178 preterite.
2108 4075 2375 4174 Rogavi
2420 4081 2807 4174 propterea
2850 4075 2996 4148 RR.
3034 4074 3383 4150 Domina—

718 4199 957 4275 tiones
1042 4201 1515 4300 dignarentur
1589 4224 1843 4277 eorum
1910 4199 2229 4299 prelatos
2300 4196 2741 4272 domesticos
2794 4204 2867 4271 et
2916 4196 3232 4271 familias
3292 4194 3385 4269 ad

717 4326 1228 4402 honorandum
1290 4327 1509 4402 funus
1573 4327 1997 4426 hujusmodi
2055 4325 2370 4399 mittere.
2439 4323 2639 4398 Idem
2690 4323 2912 4399 etiam
2969 4321 3383 4395 intimatum

716 4448 1586 4549 oratoribus-principum
1645 4458 1714 4525 et
1771 4454 2277 4548 potentatuum
2328 4448 2402 4520 in
2462 4446 2651 4520 Urbe
2702 4445 3209 4535 existentibus,
3258 4444 3379 4543 qui

719 4576 976 4651 eadem
1005 4575 1190 4650 hora
1214 4582 1564 4650 venerunt
1593 4582 1664 4650 et
1695 4575 1913 4650 funus
1938 4572 2389 4649 associarunt
2420 4580 2795 4667 equestres
2825 4577 3123 4670 propter
3147 4570 3383 4645 lutum

721 4723 950 4795 usque
999 4700 1088 4773 ad
1131 4700 1400 4773 dictam
1449 4700 1865 4789 ecclesiam,
1912 4698 2031 4771 ubi
2075 4695 2610 4773 descenderunt
2658 4719 2749 4772 ex
2792 4696 3036 4791 equis;
3086 4719 3387 4793 preces·

721 4832 972 4898 serunt
997 4823 1213 4898 funus
1243 4824 1720 4923 qnadraginta
1758 4824 2119 4899 intorticia
2146 4830 2219 4897 et
2260 4819 2485 4897 secuti
2520 4829 2686 4895 sunt
2715 4819 2954 4919 ipsum
2990 4820 3388 4899 familiares

721 4948 832 5022 sui
861 4948 1286 5045 lugubribus
1313 4952 1630 5025 vestibus
1661 4950 1919 5024 induti.

815 5074 1028 5148 Feria
1079 5075 1424 5165 secunda,
1479 5082 1517 5148 7
1559 5077 1833 5151 mensis
1879 5073 2220 5175 januarii,
2276 5080 2609 5171 receptus
2661 5071 2789 5147 fuit
2838 5096 2971 5171 per
3022 5076 3168 5147 RR.
3223 5079 3382 5149 DD.

727 5198 1093 5274 auditores
1138 5205 1294 5273 rote
1335 5198 1408 5271 in
1451 5184 1941 5297 coadjutorem
1983 5221 2193 5272 suum
2234 5202 2319 5271 R.
2366 5200 2454 5270 D.
2502 5196 2927 5271 Dominicus
2963 5196 3390 5284 Jacobatius
