3625 6059
673 584 778 637 05⁰
1095 550 1104 555 ’
1791 582 2213 638 APPENDICE.

675 738 969 814 PisanOS,
1015 743 1152 801 tam
1191 738 1257 800 in
1301 736 1636 801 communi
1677 752 1877 815 quam
1923 736 1987 795 in
2028 735 2427 814 particulari,
2466 737 2757 813 fuerunt,
2806 736 3342 817 indulgebantur

671 841 875 915 atque
903 836 1322 900 remittentur
1347 834 1506 915 ipsis
1535 835 1790 898 Pisanis
1826 853 1841 895 :
1874 838 1941 897 et
1969 850 2050 896 ex
2080 849 2255 897 nunc
2284 833 2436 896 dicti
2468 832 2715 897 domini
2744 834 3075 897 florentini
3108 836 3337 897 remit-

673 937 822 995 tunt
861 938 1061 1013 atque
1089 933 1458 1014 indulgent,
1501 934 1755 1012 absque
1784 949 1865 995 eo
1904 932 2083 1011 quod
2112 930 2380 1010 aliquod
2408 931 2727 994 damnum
2762 934 2829 995 in
2868 934 3180 1012 personis
3222 940 3341 995 aut

673 1033 742 1094 in
769 1032 964 1095 bonis
991 1048 1225 1097 eorum
1253 1032 1462 1112 possit
1493 1030 1739 1106 inferri,
1767 1034 1835 1093 et
1859 1030 2285 1094 nihilominus
2313 1030 2514 1093 etiam
2540 1030 2693 1093 dicti
2724 1031 2971 1093 domini
2996 1031 3339 1093 florentini

674 1131 1050 1193 tractabunt
1077 1147 1194 1194 eos
1233 1131 1534 1192 honeste.
1576 1131 1653 1193 Et
1699 1130 1754 1192 si
1781 1127 1951 1191 forte
1994 1128 2447 1209 superioribus
2494 1130 2904 1209 temporibus
2944 1128 3193 1191 fuerint
3220 1136 3344 1190 aut

671 1227 1092 1292 multitudine
1121 1227 1538 1309 vectigalium
1567 1228 1682 1290 aut
1707 1224 2145 1307 gravedinum
2176 1227 2500 1307 oppressi,
2532 1226 2685 1289 dicti
2716 1226 3070 1290 Florentini
3106 1226 3341 1289 mode·

671 1326 918 1389 rabunt
961 1326 1128 1390 dicta
1167 1326 1531 1408 vectigalia,
1574 1325 1796 1388 habita
1836 1324 2155 1403 qualitate
2196 1324 2488 1389 locorum
2528 1330 2594 1386 et
2639 1340 3094 1404 personarum,
3136 1329 3341 1403 prout

675 1423 864 1486 dictis
905 1425 1190 1489 dominis
1218 1424 1584 1487 florentinis
1622 1423 1829 1486 libere
1868 1422 2083 1486 visum
2110 1421 2307 1485 fuerit
2351 1443 2367 1486 :
2406 1428 2473 1485 et
2510 1439 2666 1485 casu
2712 1439 2843 1502 quo
2890 1421 3041 1485 dicti
3086 1421 3341 1486 domini

679 1520 1006 1585 florentini
1032 1524 1151 1586 bac
1181 1522 1264 1585 de
1292 1538 1488 1585 causa
1521 1520 1902 1584 rebellionis
1927 1536 2047 1600 per
2074 1536 2190 1584 eos
2220 1518 2387 1583 facte
2410 1520 2801 1583 innovarent
2828 1519 3079 1599 aliquid
3108 1526 3341 1583 contra

678 1634 1000 1699 personas
1029 1621 1135 1682 vel
1163 1621 1336 1685 bona
1370 1619 1692 1682 dictorum
1717 1619 2131 1697 Pisanorum,
2158 1636 2240 1683 ex
2264 1635 2439 1682 nunc
2462 1618 2653 1681 liceat
2683 1618 2853 1681 dicte
2882 1620 3065 1699 regie
3098 1620 3345 1681 maies-

677 1718 792 1779 tati
823 1717 1190 1797 providere,
1225 1724 1422 1798 prout
1451 1734 1572 1780 sue
1600 1718 1780 1797 regie
1810 1718 2141 1781 maiestati
2170 1717 2508 1797 placuerit.

764 1840 795 1873 «
829 1818 1070 1895 Quinto
1095 1818 1292 1880 etiam
1321 1820 1765 1891 convenerunt
1806 1835 1821 1876 ε
1862 1816 2042 1896 quod
2076 1816 2306 1879 civitas
2337 1820 2615 1879 Serzane
2644 1822 2708 1880 et
2747 1833 2930 1880 arces
2970 1816 3147 1879 dicte
3184 1816 3349 1879 civi·

689 1916 866 1991 tatis,
899 1922 963 1979 et
993 1915 1343 1979 Serzanilla
1391 1920 1456 1978 et
1497 1932 1616 1978 arx
1645 1918 1712 1977 et
1741 1913 2060 1994 oppidum
2090 1916 2277 1977 Petre
2321 1914 2577 1987 Sancte,
2624 1918 3013 1976 remaneant
3040 1914 3245 1976 etiam
3275 1914 3345 1976 in

683 2014 994 2076 manibus
1041 2014 1209 2077 dicte
1256 2014 1438 2094 regie
1479 2012 1845 2076 maiestatis
1894 2011 2176 2076 durante
2224 2028 2343 2075 sua
2396 2012 2565 2075 dicta
2613 2012 2961 2091 impresia;
3014 2009 3345 2073 fructibus

677 2117 930 2187 tamen,
975 2112 1407 2187 iuridictione,
1453 2111 1742 2174 dominio
1773 2116 1839 2174 et
1868 2111 2119 2174 iustitia
2158 2110 2543 2174 eorumdem
2570 2110 2736 2189 ipsis
2768 2109 3053 2174 dominis
3098 2110 3343 2172 floren-

685 2209 838 2271 tinis
881 2210 1402 2273 remanentibus.
1453 2210 1531 2271 Et
1570 2208 1723 2289 quia
1765 2211 2129 2271 Ianuenses
2166 2224 2450 2287 quorum
2495 2208 2707 2271 dictus
2750 2208 3349 2270 christianissimus

685 2322 798 2367 rex
827 2310 930 2368 est
953 2305 1264 2368 dominus
1293 2320 1669 2384 supremae,
1697 2303 2232 2371 fecerunt‘multa
2262 2306 2523 2370 servitia
2552 2311 2751 2387 atque
2778 2306 3104 2385 obsequia
3130 2304 3345 2368 eidem

683 2404 750 2464 in
794 2402 963 2466 dicta
1006 2420 1127 2466 sua
1158 2404 1492 2483 impresia‚
1524 2404 2047 2483 qui-lanuenses
2077 2404 2479 2485 pretendunt
2521 2420 2593 2465 se
2634 2404 2879 2467 habere
2918 2404 3027 2466 ius
3064 2405 3136 2465 in
3178 2403 3347 2466 dicta

683 2502 943 2563 civitate
967 2502 1248 2564 Serzane
1277 2507 1342 2563 et
1371 2502 1614 2579 oppido
1641 2504 1829 2566 Petre
1856 2503 2112 2578 Sancte,
2137 2503 2593 2582 dictorumque
2620 2502 3039 2565 dominorum
3076 2502 3348 2565 Floren-

681 2599 967 2661 tinorum
995 2598 1287 2679 prefatus
1317 2600 1903 2664 christianissimus
1928 2618 2043 2663 rex
2066 2606 2167 2663 est
2192 2606 2550 2679 protector;
2578 2601 2807 2664 volens
2828 2604 2893 2663 et
2916 2602 3199 2680 cupiens
3224 2600 3349 2663 tol-

685 2698 820 2759 lere
849 2696 1291 2761 dissentiones
1321 2704 1386 2763 et
1414 2700 1776 2764 discordias
1803 2716 1935 2779 que
1968 2706 2122 2762 sunt
2154 2700 2325 2763 inter
2354 2700 2564 2763 dictos
2594 2700 3007 2761 Florentinos
3028 2703 3120 2760 et
3148 2700 3351 2760 Janu-

679 2810 906 2870 enses,
933 2797 1309 2875 procurabit
1339 2814 1456 2861 eos
1478 2798 1794 2861 reducere
1814 2797 1898 2860 ad
1922 2797 2341 2860 concordiam
2363 2801 2425 2859 et
2446 2812 2698 2876 pacem,
2725 2812 2842 2875 per
2858 2796 3217 2858 amicitiam
3240 2800 3352 2857 aut

693 2910 816 2974 per
840 2894 1187 2971 iustitiam,
1221 2898 1401 2959 omni
1431 2897 1492 2959 vi
1517 2902 1580 2960 et
1612 2896 1914 2960 violentia
1940 2896 2215 2959 sublatis
2243 2916 2257 2957 ε
2284 2900 2349 2959 et
2378 2912 2538 2959 casu
2560 2910 2691 2974 quo
2714 2910 2847 2957 non
2868 2894 3111 2973 poterit
3142 2892 3353 2956 dictos

683 2993 769 3056 ad
793 2992 1034 3057 dictam
1059 2995 1474 3058 concordiam
1495 3001 1560 3058 et
1582 3012 1808 3076 pacem
1834 3011 1953 3074 per
1974 2994 2329 3057 amicitiam
2350 2994 2685 3069 reducere,
2710 2999 2829 3056 aut
2853 3010 2973 3072 per
2992 2992 3347 3062 iustitiam,

687 3098 760 3153 ut
799 3108 1020 3170 supra,
1063 3091 1234 3156 dicta
1279 3110 1399 3156 sua
1445 3095 1626 3175 regia
1671 3094 2010 3167 maiestaS,
2058 3094 2283 3156 statim
2324 3092 2513 3155 finita
2558 3092 2731 3155 dicta
2770 3090 3113 3171 impresia,
3144 3091 3354 3153 dietas

685 3206 872 3252 arces
897 3191 1234 3255 civitatum
1259 3197 1325 3255 et
1353 3191 1592 3272 oppida
1633 3192 1825 3255 dictis
1863 3190 2147 3254 dominis
2180 3192 2568 3254 Florentinis
2599 3190 2924 3265 restituet,
2958 3206 3111 3251 cum
3146 3190 3357 3251 omni·

687 3286 814 3350 bus
845 3290 987 3352 suis
1008 3292 1511 3368 munitionibus,
1537 3289 1941 3365 bombardis,
1964 3289 2364 3371 spingardiS,
2392 3290 2782 3353 masseritiis
2804 3294 2869 3351 et
2888 3290 3360 3351 instrumentis

687 3387 1244 3469 quibuscumque,
1276 3390 1456 3452 omni
1489 3389 1872 3469 exceptione
1898 3392 2015 3451 aut
2043 3388 2495 3466 impensarum
2526 3388 2897 3469 aliquarum
2935 3386 3361 3449 restitutione

690 3489 962 3562 remota,
1012 3487 1212 3549 salvis
1257 3488 1513 3549 iuribus
1556 3488 1837 3549 aliorum
1884 3507 1897 3546 :
1938 3490 2005 3548 et
2046 3486 2355 3565 impresia
2392 3485 2648 3550 dicatur
2693 3502 2844 3549 esse
2888 3484 3101 3559 finita,
3154 3489 3359 3563 prout

688 3598 914 3661 supra,
948 3584 1012 3645 in
1048 3584 1320 3647 articulo
1365 3584 1640 3647 faciente
1679 3584 2087 3647 mentionem
2130 3585 2213 3647 de
2242 3584 2500 3649 civitate
2546 3586 2842 3647 Pisarum
2878 3589 2945 3645 et
2983 3582 3234 3662 oppido
3270 3584 3363 3644 Li-

691 3681 886 3744 burni
914 3681 1160 3745 dictum
1191 3690 1329 3760 est3
1379 3683 1790 3747 declarantes
1830 3682 2012 3764 quod
2052 3682 2223 3745 dicta
2266 3686 2447 3764 regia
2490 3684 2805 3747 maiestas
2844 3697 3079 3744 omnes
3124 3696 3365 3759 supra-

691 3778 898 3842 dictas
927 3796 1111 3843 arces
1141 3785 1276 3843 tam
1309 3780 1576 3843 Liburni
1607 3784 1672 3843 et
1703 3780 1983 3844 civitatis
2014 3782 2313 3844 Pisarum
2339 3800 2541 3863 quam
2564 3784 2751 3844 Petre
2782 3782 3043 3855 Sancte,
3074 3778 3365 3841 Serzane

691 3882 758 3941 et
786 3878 1156 3953 Serzanille,
1194 3878 1472 3941 durante
1514 3879 1827 3957 impresia
1868 3880 2185 3959 predicta,
2228 3880 2514 3943 retinere
2554 3878 2789 3960 possit,
2836 3883 2911 3941 ut
2942 3892 3171 3956 supra,
3216 3878 3363 3938 suis

692 3982 914 4039 tamen
944 3978 1224 4057 propriis
1255 3980 1588 4055 expensis.

777 4100 802 4129 α
853 4076 1050 4139 Sexto
1079 4082 1532 4139 convenerunt
1569 4075 1750 4156 quod
1786 4077 2189 4155 quicumque
2228 4075 2539 4139 custodes
2577 4094 2652 4139 ac
2688 4074 3050 4146 castellani,
3084 4074 3198 4153 qui
3240 4073 3368 4135 du-

692 4176 880 4235 rante
905 4172 1074 4235 dicta
1104 4174 1414 4253 impresia
1445 4174 1683 4236 fuerint
1711 4190 1829 4252 pro
1859 4178 2157 4253 tempore
2186 4175 2384 4253 positi
2414 4190 2535 4253 per
2560 4174 2801 4237 dictam
2828 4174 3085 4254 regiam
3113 4173 3368 4234 maies-

695 4275 894 4332 tatem
927 4270 994 4332 in
1021 4272 1288 4334 arcibus
1317 4272 1737 4352 supradicitis
1777 4270 2064 4334 debeant
2104 4272 2323 4335 iurare
2362 4278 2425 4334 et
2453 4289 2527 4335 se
2556 4272 2621 4333 in
2668 4272 2849 4335 omni
2876 4270 3133 4333 meliori
3164 4270 3371 4333 modo

694 4373 759 4429 et
786 4366 994 4431 forma
1023 4370 1270 4447 quibus
1300 4370 1488 4433 dictis
1517 4369 1801 4433 dominis
1842 4369 2231 4432 Florentinis
2262 4369 2611 4445 videbitur,
2646 4370 2962 4450 obligare,
2994 4385 3065 4430 se
3098 4368 3371 4431 restitu-

694 4471 876 4528 turos
924 4465 1133 4531 dictas
1180 4484 1366 4531 arces
1413 4474 1478 4531 et
1527 4468 1765 4547 oppida
1815 4467 2063 4547 populo
2109 4466 2481 4546 florentino,
2519 4466 2880 4531 secundum
2922 4466 3107 4545 quod
3160 4482 3371 4545 supra

695 4566 1096 4642 promissum
1126 4571 1249 4641 est,
1277 4566 1569 4646 nihilque
1599 4581 1717 4644 pro
1746 4566 2162 4628 restitutione
2191 4565 2569 4630 huiusmodi
2604 4566 2924 4645 petituros
2954 4582 2993 4627 a
3022 4564 3371 4644 republica

696 4661 1038 4726 florentina
1067 4684 1084 4741 3
1118 4681 1194 4727 ac
1222 4666 1422 4727 etiam
1461 4665 1676 4727 iurare
1717 4670 1780 4727 et
1815 4665 2192 4744 promittere
2223 4664 2507 4727 debeant
2551 4679 2622 4724 se
2661 4678 2795 4725 non
2834 4661 3111 4724 daturos
3154 4660 3373 4724 dictas

699 4774 878 4822 arces
903 4768 970 4825 et
1007 4763 1245 4841 oppida
1285 4763 1478 4825 alicui
1519 4762 1904 4836 successori,
1934 4760 2063 4823 nisi
2100 4762 2287 4841 prius
2326 4778 2477 4823 esse
2516 4776 2882 4835 successor,
2924 4760 3066 4821 sive
3104 4775 3371 4821 succes-

697 4872 884 4919 sores
913 4860 1318 4937 promittant,
1344 4866 1408 4923 et
1435 4876 1508 4923 se
1537 4860 1835 4940 obligent
1864 4863 1929 4921 et
1954 4859 2195 4937 iurent,
2229 4876 2302 4923 se
2327 4859 2547 4922 omnia
2578 4857 2661 4921 de
2690 4856 3069 4921 huiusmodi
3096 4858 3373 4920 arcibus

700 4960 764 5016 et
792 4956 1052 5035 oppidis
1080 4962 1145 5020 et
1171 4972 1397 5021 earum
1439 4963 1505 5020 et
1543 4973 1772 5021 eorum
1815 4956 2232 5019 restitutione
2281 4955 2773 5027 observaturOS,
2806 4952 3005 5015 modo
3042 4958 3113 5015 et
3154 4951 3369 5015 forma

699 5051 1002 5131 predictis
1027 5054 1080 5128 (t
1095 5058 1134 5129 ).

769 5267 812 5313 l.
847 5284 870 5307 α
907 5266 1043 5315 l‘mtr
1071 5282 1127 5312 se
1161 5268 1348 5317 rendre
1381 5282 1450 5317 un
1480 5272 1687 5332 compte
1715 5272 1860 5316 exact
1894 5267 1959 5315 de
1990 5268 2031 5315 la
2065 5265 2322 5316 ditm-ulte
2354 5278 2458 5329 que
2490 5266 2537 5313 la
2570 5263 2901 5327 tte-puhtique
2928 5264 3163 5327 eprouva
3188 5270 3217 5313 a
3238 5264 3369 5312 faire
