3625 6059
240 512 385 577 [Ax-rit
416 512 555 599 lifts]
884 510 1139 567 RERUM
1190 508 1643 566 URBANARUM
1694 508 2213 567 COMMENTARII.
2773 513 2875 569 113

324 663 614 739 Proinde
655 662 735 736 in
776 663 1079 737 adventu
1107 663 1324 761 legati
1362 671 1849 737 convocentur
1880 686 2134 737 omnes
2176 661 2488 759 religiosi
2527 670 2601 737 et
2633 664 2874 739 clerus

248 789 512 863 civitatis
535 792 595 861 N
603 788 1013 886 eapolitane
1041 790 1134 863 ad
1152 790 1409 864 horam
1436 794 1964 886 congruentem
1997 787 2087 861 ad
2119 787 2503 862 ecclesiam
2533 790 2873 886 Neapoli-

252 925 459 988 tanam
486 938 573 986 ex
620 938 793 1010 qua,
828 914 981 987 sola
1023 938 1233 988 cruce
1277 914 1465 987 illius
1510 914 1818 987 ecclesie
1859 914 2326 1010 precedente,
2378 913 2635 989 vadant
2677 920 2877 987 extra

248 1046 493 1137 portam
520 1042 933 1133 capuanam
967 1040 1217 1113 ordine
1251 1040 1487 1115 solite.

330 1167 401 1236 In
444 1164 751 1237 ecclesia
786 1166 1259 1263 Neapolitana
1302 1168 1375 1239 in
1422 1167 1717 1241 introitu
1761 1172 2055 1261 paretur
2104 1190 2220 1237 vas
2271 1190 2457 1261 aque
2492 1164 2870 1240 benedicte

248 1311 393 1362 cnm
440 1292 846 1384 aspersorio
900 1291 1381 1365 convenienti.
1435 1335 1533 1346 —
1578 1290 2052 1365 Thuribulum
2107 1314 2274 1364 cum
2328 1292 2506 1387 igni,
2557 1292 2880 1365 navicula

250 1437 391 1488 cum
414 1414 737 1487 incenso.
772 1456 867 1467 —-
898 1414 1316 1488 Pontificale
1348 1438 1478 1510 pro
1508 1414 1810 1511 prelatO,
1853 1422 1928 1487 ut
1961 1415 2348 1488 versiculos
2381 1421 2452 1488 et
2477 1416 2876 1489 orationem

252 1562 325 1611 ex
356 1562 433 1612 eo
480 1538 695 1611 dicat.
730 1580 829 1591 —-—
871 1537 1377 1611 Faldistorium
1424 1560 1588 1610 cum
1640 1538 1982 1627 scabeIIO,
2033 1539 2337 1612 cussinis
2387 1548 2460 1611 et
2505 1550 2875 1636 cooperta,

248 1672 390 1737 ante
418 1686 638 1737 cornu
671 1662 977 1759 epistole
1013 1661 1257 1735 altaris
1285 1686 1416 1759 pro
1445 1663 1711 1759 legato.
1748 1707 1843 1717 —
1877 1664 2090 1737 Aliud
2126 1665 2361 1738 simile
2399 1665 2879 1739 faldistorium

247 1814 391 1864 cum
425 1789 733 1865 cussinis
777 1796 847 1863 et
885 1794 1231 1885 cooperta
1265 1796 1431 1861 ante
1476 1812 1701 1861 cornu
1746 1790 2096 1887 evangelii
2134 1814 2265 1887 pro
2311 1814 2508 1888 rege,
2545 1792 2737 1887 quod
2780 1792 2881 1864 sic

250 1918 367 1989 erit
392 1917 473 1989 ad
501 1915 875 1989 sinistram
904 1914 1122 2011 legati
1154 1911 1543 2011 genuflexi.
1580 1956 1675 1967 --
1706 1914 1920 1988 Liber
1951 1939 2118 1988 cum
2150 1916 2478 1989 oratione
2507 1915 2596 1989 de
2631 1924 2880 1989 sancto

248 2042 547 2115 Ianuario
569 2064 705 2138 per
726 2042 1047 2137 legatum
1071 2038 1400 2112 dicenda.
1428 2082 1525 2092 —
1542 2043 1942 2137 Deputetur
1962 2042 2352 2115 canonicus
2372 2041 2682 2115 ecclesie
2705 2046 2884 2115 Nea-

248 2167 531 2262 politane
574 2168 699 2263 qui
738 2165 1181 2239 thuribulum
1219 2164 1461 2262 legato
1491 2166 1567 2237 in
1596 2164 1892 2237 introitu
1937 2164 2244 2239 ecclesie
2271 2164 2593 2261 predicte
2627 2164 2882 2238 offerat

250 2315 359 2386 pro
389 2293 679 2367 incenso
712 2291 1180 2389 imponendo.

337 2418 719 2515 Responsio
762 2442 777 2489 :
815 2416 1061 2491 omnia
1083 2416 1437 2513 premissa
1468 2417 1990 2490 commiserunt
2021 2417 2363 2513 episcopo
2393 2413 2770 2511 Trop1ensi
2814 2420 2883 2488 et

250 2542 425 2631 mihi,
459 2542 867 2615 ordinanda
894 2549 963 2615 et
994 2542 1445 2638 disponenda
1478 2548 1551 2616 ut
1582 2566 1826 2639 supra.

336 2670 701 2742 Promissis
732 2668 947 2764 igitur
977 2673 1299 2763 utsupra
1341 2668 1673 2758 narratiS,
1709 2692 1842 2763 per
1881 2667 2212 2742 dominos
2254 2668 2344 2740 ad
2377 2690 2466 2741 ea
2503 2667 2884 2763 deputatos

251 2792 525 2890 desuper
574 2792 1019 2881 nominatos,
1072 2792 1249 2864 mihi
1306 2792 1738 2881 commissiS,
1790 2793 2185 2890 receptioni
2233 2791 2616 2865 cardinalis
2663 2789 2883 2887 legati

250 2915 535 2991 debitum
578 2918 917 2993 ordinem
971 2916 1139 2991 dare
1188 2917 1541 3013 incipiens
1590 2942 1721 3014 pro
1764 2920 1922 3015 ejus
1965 2918 2410 3013 receptione,
2446 2916 2584 2988 feci
2613 2938 2888 2986 memo-

250 3041 399 3117 riale
429 3042 850 3142 hujusmodi
883 3042 1327 3115 continentie
1366 3067 1379 3113 :

333 3170 509 3242 Ordo
542 3166 946 3264 recipiendi
977 3172 1259 3239 Rmum.
1297 3170 1382 3239 I).
1417 3167 1824 3239 Johaunem
1860 3166 2039 3239 tituli
2072 3191 2132 3239 s.
2168 3168 2492 3240 Suzanne
2519 3164 2890 3261 presbyte-

250 3320 387 3369 rum
407 3293 876 3379 cardinalem,
902 3292 1163 3364 Montis
1196 3292 1479 3387 Regalis
1508 3292 1886 3389 vulgariter
1925 3297 2444 3387 nuncupatum,
2472 3291 2712 3365 Sicilie
2738 3297 2879 3365 etc.

248 3419 533 3516 legatum
592 3418 695 3493 ad
742 3416 1235 3492 coronandum
1294 3417 1840 3490 serenissimum
1891 3417 2344 3514 Alphonsum
2405 3416 2646 3491 Sicilie
2705 3422 2879 3503 etc„

253 3568 497 3653 regem,
530 3542 913 3639 Neapolim
945 3542 1248 3613 missum
1282 3540 1353 3612 in
1378 3540 1673 3613 introitu
1708 3541 1880 3615 dicti
1908 3541 2127 3639 legati
2161 3540 2253 3615 ad
2282 3540 2684 3638 predictam
2716 3539 2886 3613 civi-

254 3676 449 3743 tatem
496 3668 1073 3766 Neapolitanam.
1134 3665 1420 3755 Prelati,
1477 3665 1803 3740 videlicet
1863 3666 2388 3763 archiepiscopi
2443 3672 2514 3742 et
2570 3664 2888 3762 episcopi

254 3797 430 3891 regui
466 3794 773 3893 predicti
814 3794 887 3865 in
928 3791 1206 3865 civitate
1248 3790 1719 3887 Neapolitana
1762 3792 2129 3865 constituti
2178 3816 2342 3865 cum
2382 3816 2635 3865 eorum
2679 3814 2887 3862 man-

256 3920 415 3993 tellis
450 3930 519 3996 et
564 3919 893 4017 capuciis
940 3918 1013 3989 in
1059 3924 1542 3989 transversum
1587 3924 1656 3989 61
1704 3916 1996 4012 capellis
2043 3941 2294 3990 eorum
2339 3916 2666 4013 dignitati
2711 3938 2887 3987 con-

256 4045 680 4119 venientibus
720 4016 895 4137 quot
938 4049 1110 4137 quot
1152 4050 1319 4113 sunt
1358 4042 1571 4114 simul
1610 4043 2046 4138 equitantes,
2093 4044 2244 4116 bini
2287 4044 2358 4117 et
2395 4044 2568 4132 bini,
2605 4042 2887 4138 dignio-

256 4166 427 4240 ribus
468 4190 761 4263 semper
796 4167 1381 4261 precedentibuS,
1425 4167 1666 4263 legato
1717 4169 1997 4241 obviam
2054 4169 2369 4259 venient,
2425 4190 2649 4264 usque
2699 4166 2892 4239 circa

256 4314 305 4361 s.
346 4294 725 4382 lulianum,
777 4292 892 4365 ubi
938 4315 1133 4379 eum,
1194 4292 1429 4388 primo
1481 4315 1613 4388 pro
1668 4293 2004 4367 omnibus
2056 4294 2424 4390 loquente,
2487 4292 2886 4367 honorifice

256 4419 607 4516 recipient,
655 4418 891 4515 capita
933 4418 1221 4491 detecta
1258 4416 1391 4489 sibi
1431 4418 1801 4491 dumtaxat
1843 4418 2272 4493 inclinantes
2317 4419 2587 4514 absque
2632 4440 2890 4490 manus

256 4546 727 4637 porrectione;
772 4543 1031 4617 deinde
1073 4542 1393 4639 legatum
1434 4542 1670 4639 ipsum
1709 4541 1883 4633 bini,
1930 4551 2006 4617 ut
2043 4547 2416 4631 venerunt,
2469 4546 2884 4636 sequentur.

340 4670 854 4743 serenissimus
892 4692 1019 4740 rex
1060 4666 1474 4763 Alphousus
1522 4668 1755 4741 veniat
1800 4691 1967 4741 cum
2001 4667 2388 4742 baronibus
2430 4664 2577 4737 suis
2610 4663 2890 4737 obviam

257 4788 422 4866 dicto
446 4792 821 4880 cardinali,
857 4812 1083 4887 usque
1114 4813 1337 4887 prope
1372 4796 1705 4863 sanctum
1748 4790 2174 4880 Antonium,
2213 4791 2331 4864 ubi
2371 4814 2460 4864 ex
2506 4814 2694 4886 equo
2727 4788 2892 4861 des-

257 4918 571 5009 cendens,
607 4918 923 5014 legatum
966 4916 1227 5013 ipsum,
1266 4914 1551 4989 detecto
1584 4916 1846 5011 capite,
1887 4915 2210 5013 recipiat,
2248 4940 2544 4989 manum
2579 4914 2646 4987 ei
2687 4915 2896 4988 deos-

258 5041 561 5133 culando,
618 5050 691 5116 et
737 5041 813 5113 in
858 5063 1006 5113 ore.
1063 5044 1411 5135 Legatus,
1466 5048 1728 5135 negato
1789 5039 1922 5111 sibi
1975 5064 2232 5115 manus
2287 5043 2563 5131 osculo,
2615 5042 2705 5114 ad
2753 5040 2894 5112 oris

154 5158 167 5169 ’
262 5166 561 5239 osculum
593 5165 834 5263 ipsum
863 5187 1109 5261 regem
1142 5164 1469 5259 recipiat,
1505 5170 1577 5237 et
1600 5164 1805 5261 juxta
1842 5188 1917 5239 se
1949 5164 2162 5241 faciat
2197 5170 2545 5264 equitare.

517 5328 568 5366 τ.
612 5326 668 5362 ιι.
2550 5312 2583 5361 8
