3625 6059
708 566 817 621 296
1616 555 1966 614 JOHANNIS
2013 553 2457 621 BURCHARDI,
2495 560 2500 565 ’
3042 552 3194 615 [Αοῠῑ
3223 557 3338 620 1496]

812 716 1339 802 SubdiaconuS,
1372 712 1566 785 dicta
1608 709 1916 808 epistola
1945 732 2162 807 quam
2212 731 2302 781 ex
2346 707 2532 781 libro
2575 730 2796 804 super
2833 703 3108 802 pulpito
3134 709 3340 804 posita

708 842 908 941 legit,
962 862 1209 915 coram
1248 838 1491 935 legato
1541 835 1966 934 genuflexus
2021 835 2178 931 ejus
2229 856 2525 907 manum
2586 840 2662 907 et
2715 853 2936 928 super
2989 833 3334 927 epistolam

708 968 1020 1066 positam
1077 963 1439 1039 osculatus
1487 968 1621 1035 est.
1678 960 2070 1050 DiaconuS,
2125 964 2516 1055 antequam
2561 957 3019 1055 evangelium
3071 958 3338 1047 diceret,

707 1092 913 1192 petiit
944 1097 1017 1165 et
1053 1088 1363 1163 obtinuit
1402 1109 1446 1160 a
1480 1087 1721 1183 legato
1762 1106 2009 1159 coram
2051 1106 2139 1158 eo
2185 1084 2612 1182 genuflexus
2653 1082 3256 1173 benedictionem,
3285 1092 3352 1159 et
3435 1144 3446 1149 -

708 1221 863 1317 ejus
884 1238 1177 1291 manum
1210 1212 1575 1287 osculatus
1606 1217 1718 1284 est
1746 1209 2262 1285 subdiaconus.
2289 1214 2596 1309 Legatus
2619 1209 2966 1306 imposuit
2985 1208 3342 1283 incensum

707 1345 778 1417 in
811 1339 1177 1416 thuribulo
1220 1361 1351 1436 pro
1386 1335 1787 1434 evangelio,
1829 1342 1902 1408 et
1932 1342 2187 1432 postea
2225 1358 2354 1432 pro
2397 1334 2896 1408 incensatione
2925 1331 3249 1408 sacrificii
3285 1342 3356 1408 et

707 1467 975 1555 altaris,
1012 1464 1208 1561 quod
1245 1487 1288 1536 a
1325 1461 1679 1561 principio
1710 1484 1856 1535 non
1893 1458 2025 1533 fuit
2065 1461 2550 1550 incensatum,
2586 1460 2754 1555 quia
2793 1481 2942 1533 non
2987 1458 3358 1535 celebravit

706 1591 1119 1689 episcopus,
1148 1613 1279 1663 nec
1311 1588 1528 1662 etiam
1556 1588 1614 1660 si
1642 1586 1824 1660 alius
1851 1586 2235 1683 episcopus
2251 1584 2364 1659 vel
2389 1583 2984 1681 archiepiscopus
3005 1584 3356 1659 celebras·

708 1724 820 1791 set
848 1714 1019 1812 quia
1039 1733 1407 1809 nunquam
1446 1711 1731 1808 legatus
1760 1733 1898 1783 nec
1941 1710 2159 1783 etiam
2206 1712 2424 1806 Papa,
2469 1731 2615 1781 non
2656 1707 2938 1782 habens
2971 1708 3262 1805 pluviale
3287 1718 3360 1785 et

710 1848 1022 1939 mytram
1053 1838 1270 1913 debet
1307 1836 1668 1911 incensari
1708 1835 1848 1908 nisi
1885 1841 2048 1931 post
2087 1834 2534 1908 offertorium
2573 1855 2706 1928 per
2745 1855 2974 1905 unum
3003 1832 3074 1906 in
3115 1856 3356 1931 super-

709 1965 1019 2063 pelliceo
1064 1963 1200 2037 sibi
1250 1962 1609 2051 oblatum;
1660 1960 2112 2035 ministrante
2159 1958 2566 2034 naviculam
2606 1958 3102 2055 Fulginatensi
3139 1960 3362 2059 primo

700 2090 979 2189 prelato
1036 2089 1323 2165 dicente
1369 2113 1384 2161 :
1429 2087 2036 2161 Reverendissime
2094 2088 2322 2161 Pater
2355 2084 2789 2178 Benedicite,
2822 2087 2946 2183 qui
2993 2087 3362 2185 episcopus

702 2215 939 2312 ipsum
978 2214 1329 2311 legatum,
1374 2212 1735 2286 sacrificio
1776 2219 1850 2286 et
1892 2212 2096 2285 altari
2142 2235 2228 2285 ac
2275 2209 2692 2286 celebrante
2735 2211 3143 2302 incensato,
3177 2218 3366 2287 stans

708 2339 1135 2429 incensavit,
1180 2347 1293 2413 ter
1350 2337 1782 2412 thuribulam
1848 2338 2150 2429 ducens,
2214 2343 2286 2411 et
2352 2345 2611 2433 postea
2673 2360 2930 2434 pacem
2979 2337 3197 2412 etiam
3237 2338 3366 2435 ipsi

704 2464 1133 2541 ministravit
1161 2486 1294 2562 per
1326 2487 1548 2537 unum
1580 2488 1669 2537 ex
1700 2465 2068 2537 canonicis
2093 2463 2228 2537 sibi
2259 2470 2427 2539 ante
2457 2463 2710 2537 sedem
2739 2463 2963 2560 legati
2984 2468 3360 2559 portatam.

709 2592 931 2663 Facta
958 2613 1091 2687 per
1119 2590 1351 2686 ipsum
1394 2589 1818 2687 episcopum
1869 2612 2036 2662 cum
2079 2588 2324 2663 linheo
2373 2589 2464 2662 de
2511 2610 2690 2685 pace
2731 2588 2930 2683 prius
2977 2587 3364 2667 credentia.

705 2736 967 2811 aquam
994 2736 1125 2810 pro
1158 2711 1515 2787 sacrificio
1548 2713 1915 2788 benedixit
1944 2714 2253 2811 legatus,
2297 2712 2624 2787 osculato
2668 2713 2895 2811 priuS,
2933 2711 3142 2786 finito
3169 2734 3370 2787 evan-

706 2837 925 2937 gelie,
960 2838 1148 2913 libro
1178 2839 1511 2912 manibus
1542 2838 1966 2912 subdiaconi
1990 2838 2168 2912 illud
2189 2838 2322 2912 sibi
2353 2838 2816 2935 porrigentis.
2853 2840 3010 2912 Non
3045 2838 3178 2911 fuit
3201 2846 3366 2913 tunc-

702 2964 1121 3039 incensatus
1158 2964 1471 3061 legatus,
1500 2987 1667 3038 cum
1700 2969 1894 3038 esset
1921 2963 2238 3039 vestibus
2273 2964 2499 3037 sacris
2533 2962 2853 3036 indutus.
2890 2965 3064 3037 Post
3087 2963 3370 3039 offerto-

703 3088 892 3162 rium
922 3111 1068 3163 non
1098 3088 1232 3163 fuit
1262 3090 1451 3163 facta
1480 3090 1626 3163 sive
1659 3089 1855 3163 dicta
1881 3088 2241 3163 confessio
2269 3087 2629 3185 generalis
2656 3086 2924 3185 populo
2961 3088 3036 3160 in
3069 3089 3362 3187 vulgari,

709 3234 915 3287 more
973 3212 1212 3304 solito,
1273 3236 1409 3311 per
1458 3212 2058 3289 inadvertentiam
2125 3220 2477 3288 nostram.
2543 3216 2697 3299 Que
2753 3211 2813 3285 si
2867 3212 3062 3287 dicta
3119 3214 3364 3289 suisset

706 3336 1246 3427 convenienter,
1310 3337 1617 3412 fuissent
1678 3338 2154 3436 pronunciate
2219 3337 2661 3436 indulgentie
2721 3346 2894 3411 tunc
2975 3361 3106 3435 per
3169 3340 3366 3415 illum

706 3459 1186 3553 sacerdotem,
1224 3485 1357 3559 per
1390 3462 1711 3561 legatum
1752 3463 2356 3539 interessentibus
2391 3487 2770 3539 concesse.
2806 3467 2956 3539 Nec
2985 3466 3212 3539 etiam
3242 3466 3366 3541 fuit

713 3586 1025 3661 ecclesia
1049 3593 1124 3661 et
1153 3587 1461 3684 populus
1497 3611 1682 3684 aqua
1730 3588 2116 3663 benedicta
2161 3612 2502 3687 aspersus
2533 3613 2666 3687 per
2693 3590 3006 3663 similem
3039 3589 3368 3667 inadver-

708 3710 1045 3799 tentiam3
1083 3710 1278 3808 quod
1322 3712 1379 3783 si
1419 3711 1691 3786 factum
1730 3713 2012 3804 fuisset,
2049 3737 2346 3812 asperso
2387 3713 2620 3803 altari,
2666 3723 3082 3811 porrectum
3116 3717 3368 3792 suisset

704 3834 1195 3933 aspersorium
1225 3859 1357 3933 per
1400 3837 1856 3912 sacerdotem
1905 3844 2442 3935 aspergentem,
2478 3838 2717 3935 legato
2767 3840 2956 3916 facta
2998 3842 3140 3915 sibi
3172 3844 3366 3941 prius

701 3960 791 4035 de
814 3982 901 4035 eo
933 3959 1303 4035 credentia
1326 3968 1402 4035 et
1437 3986 1654 4037 manu
1687 3963 2134 4053 deosculata,
2179 3964 2299 4062 qui
2328 3964 2610 4063 legatus
2643 3989 2724 4041 se
2752 3968 2990 4064 ipsum
3019 3976 3092 4043 et
3125 3970 3362 4067 prela-

704 4091 813 4158 tos
852 4085 1275 4159 assistentes
1321 4109 1661 4185 aspersus
1706 4086 1964 4162 fuisset
2009 4094 2082 4162 et
2123 4088 2554 4165 reddidisset
2599 4092 3087 4187 aspersorium
3131 4116 3367 4168 sacer-

580 4236 589 4247 ·
700 4209 880 4292 doti,
938 4209 1059 4306 qui
1112 4209 1437 4285 officium
1512 4236 1722 4286 suum
1783 4213 2045 4288 deinde
2103 4213 2360 4288 fuisset
2414 4214 2602 4311 apud
2659 4215 2840 4289 alios
2897 4238 3102 4291 more
3153 4218 3366 4293 solito

700 4340 1154 4432 prosecutus·
1209 4336 1396 4409 Pace
1434 4359 1567 4433 per
1604 4359 1864 4411 manus
1912 4339 1997 4410 D.
2044 4338 2572 4436 Fulginatensis
2610 4362 2744 4435 per
2782 4339 3104 4437 legatum
3161 4361 3368 4415 oscu-

699 4457 869 4548 lata,
914 4456 1067 4555 ipse
1100 4456 1485 4556 episcopus
1519 4460 1837 4536 restituit
1865 4484 2025 4536 eam
2069 4462 2449 4552 canonice,
2485 4463 2607 4560 qui
2649 4463 2786 4537 sibi
2817 4486 2980 4537 eam
3010 4467 3358 4560 porrexit,

698 4584 919 4659 etille
946 4584 1147 4658 dedit
1174 4607 1337 4660 eam
1369 4586 1603 4683 primo
1634 4586 1768 4684 ipsi
1798 4587 2289 4685 Fulginatensi
2322 4581 2693 4688 episcope,
2746 4589 3010 4665 deinde
3061 4614 3360 4668 succes-

699 4708 845 4781 sive
916 4707 1217 4805 singulis
1274 4718 1441 4806 post
1492 4710 1728 4808 ipsum
1797 4712 2220 4810 episcopum
2294 4714 2678 4807 stantibuS,
2733 4719 2888 4789 tum
2943 4715 3100 4789 aliis
3157 4740 3360 4793 more

700 4832 936 4907 solito.
1206 4828 1213 4835 ’

796 4954 1041 5031 Finita·
1074 4959 1325 5048 missa,
1378 4961 1756 5038 celebrans
1804 4964 2190 5061 publicavit
2247 4965 2731 5063 indulgentias
2771 4967 2984 5041 unius
3029 4971 3240 5059 anni,
3291 4976 3358 5043 et

696 5083 911 5155 unius
948 5082 1413 5180 quadragene
1450 5108 1583 5182 per
1616 5086 1937 5184 legatum
1975 5088 2573 5165 interessentibus
2615 5114 3026 5179 concessas,
3083 5092 3358 5167 addens

696 5206 769 5278 iu
800 5206 945 5281 fine
994 5230 1128 5305 pro
1181 5207 1373 5281 felici
1423 5214 1613 5283 statu
1654 5212 2113 5287 illustrissimi
2164 5214 2370 5288 ducis
2417 5214 2666 5289 Urbini
2722 5215 3076 5290 orandum
3133 5243 3152 5289 :
3221 5240 3352 5315 quo
