3625 6059
755 544 863 601 218
1676 530 2028 591 JOHANNIS
2077 529 2521 601 eunannm,
3009 531 3240 593 [sauvia-
3263 535 3377 599 un]

760 693 1088 792 exceptis
1118 689 1593 789 Neapolitano
1622 693 1695 762 et
1727 686 1988 761 Ursino
2019 686 2248 783 quiin
2275 684 2543 783 palatio
2571 683 2972 782 apostolico
3002 686 3078 759 in
3109 690 3376 764 cameris

760 845 892 919 per
938 816 1473 895 sanctissimum
1526 819 1614 888 D.
1667 818 1996 887 nostrum
2044 810 2220 909 ipsis
2268 810 2638 923 concessis
2687 810 3173 899 residentibus
3215 815 3378 911 pela-

759 947 938 1022 tium
993 968 1141 1018 non
1192 942 1591 1029 exiverunt,
1654 962 1791 1013 nec
1845 960 2093 1034 regem
2145 936 2386 1035 ipsum
2435 935 2912 1010 invisitarunt.
2973 935 3377 1015 informave-

761 1095 913 1145 ram
950 1076 1192 1143 autem
1240 1067 1482 1164 ipsum
1529 1086 1780 1161 regem
1828 1061 1902 1135 in
1939 1061 2251 1145 adventu
2291 1085 2422 1135 suo
2479 1058 2587 1135 ad'
2615 1062 2882 1137 Urbem
2929 1084 3100 1135 cum
3144 1088 3268 1161 per
3301 1073 3380 1139 tot

756 1182 1113 1291 milgiaria
1140 1174 1353 1271 simul
1380 1191 1876 1287 loqueremur,
1910 1188 2220 1286 qualiter
2249 1187 2652 1262 cardinales
2691 1188 2928 1285 ipsum
2968 1196 3216 1275 essent
3247 1190 3382 1263 visi-

755 1322 999 1412 taturi,
1044 1320 1199 1417 ipse
1240 1340 1369 1393 eos
1406 1323 1860 1412 recepturuS,
1903 1313 2539 1413 associaturusque
2579 1338 2808 1411 usque
2847 1316 2942 1391 ad
2981 1317 3244 1405 scalaS,
3282 1317 3381 1389 da-

761 1457 964 1523 turus
1006 1445 1111 1520 eis
1152 1443 1527 1519 dexteram
1570 1445 1642 1516 et
1680 1439 1822 1514 alia
1861 1438 2322 1537 hujusmodi;
2371 1440 2500 1515 sed
2537 1440 2750 1516 aliter
2787 1464 2866 1515 se
2909 1442 3196 1533 habuit,
3239 1442 3381 1518 nulli

760 1573 1045 1648 obviam
1094 1570 1312 1661 venit,
1364 1566 1643 1643 nullum
1692 1564 2097 1655 associavit,
2151 1566 2301 1639 imo
2349 1589 2488 1641 nec
2533 1566 2641 1639 sui
2688 1566 3020 1664 cuiquam
3063 1567 3382 1647 honorem

761 1699 991 1773 ullum
1034 1696 1363 1771 debitum
1405 1691 1947 1791 impendebant.
2000 1691 2180 1764 Aula
2219 1691 2462 1789 palatii
2511 1717 2570 1766 s,
2619 1692 2872 1783 Marci,
2915 1716 3214 1769 camera
3250 1717 3386 1790 pro-

760 1824 1102 1925 pinquior
1138 1845 1305 1895 cum
1344 1844 1477 1895 sua
1514 1841 1804 1894 camera
1836 1840 1968 1916 pro
1999 1817 2330 1892 custodia
2363 1816 2722 1891 dictorum
2751 1825 2823 1892 et
2853 1818 3166 1893 aliorum
3205 1822 3388 1893 Fran-

768 1972 1021 2024 corum
1052 1946 1391 2044 deputate
1420 1943 1646 2042 paleis
1685 1942 1900 2040 plene
1931 1929 2163 2033 eran't,
2200 1951 2273 2016 et
2301 1941 2564 2038 paleati
2585 1942 2777 2015 sacci
2797 1966 3196 2040 numquam
3225 1967 3389 2017 mun-

766 2074 1151 2149 dabantur.
1201 2075 1281 2146 ln
1322 2070 1549 2169 portis
1592 2090 2048 2143 camerarum
2099 2074 2172 2142 et
2219 2066 2520 2141 caminis
2570 2065 3089 2165 affligebantur
3127 2069 3388 2145 candele

770 2226 862 2276 ex
891 2200 1063 2275 feno
1098 2198 1454 2290 similiter,
1494 2205 1567 2272 et
1592 2195 1693 2271 illi
1716 2192 2215 2293 pulcherrimi,
2247 2199 2320 2269 et
2337 2192 2596 2275 ‚omnia
2613 2190 3074 2271 habebantur
3091 2195 3185 2269 ad
3203 2194 3392 2269 instar

768 2327 1033 2402 stabuli
1064 2349 1453 2425 porcorum
1484 2331 1617 2423 (1).

864 2452 1073 2527 Feria
1119 2456 1345 2541 sexta,
1402 2456 1443 2523 2
1484 2449 1824 2548 Januarii,
1888 2446 2406 2523 Columnenses
2433 2430 2436 2433 ’
2465 2453 2900 2542 receperunt
2956 2444 3147 2521 duos
3201 2468 3390 2541 equos

767 2585 937 2652 ante
960 2577 1277 2657 domum
1318 2574 1508 2648 Rmi.
1559 2578 1647 2649 D.
1683 2571 2080 2648 cardinalis,
2109 2597 2169 2646 s,
2207 2571 2526 2647 Severini
2554 2578 2628 2645 et
2661 2570 2846 2644 duos
2877 2594 3106 2668 supra
3131 2579 3390 2669 pentem

772 2729 834 2777 s,
875 2701 1132 2799 Angeli
1172 2700 1293 2797 qui
1332 2705 1541 2775 erant
1578 2699 1946 2776 Hieremie
1977 2698 2067 2773 de
2103 2698 2450 2775 Vulteriis
2479 2705 2554 2774 et
2582 2722 2810 2773 unum
2837 2700 3032 2775 Rmi.
3071 2704 3162 2775 D.
3197 2697 3396 2773 cardi·

768 2828 951 2901 nalis
988 2852 1048 2901 S.
1086 2825 1410 2925 Georgii3
1445 2824 1613 2899 inde
1630 2824 2098 2923 projicientes
2127 2847 2378 2899 eorum
2399 2846 2806 2899 assessores
2829 2822 2905 2897 in
2929 2824 3064 2897 viis
3088 2823 3390 2921 publicis,

765 2952 987 3027 alium
1031 2952 1248 3027 etiam
1296 2957 1735 3049 receperunt
1780 2974 1826 3025 a
1866 2954 1955 3023 D.
2007 2948 2236 3023 Mario
2292 2947 2596 3040 Millino‚
2661 2950 2735 3023 in
2779 2948 3068 3024 stabulo
3135 2973 3285 3041 sue,
3335 2947 3390 3021 in

766 3103 913 3175 quo
943 3077 1405 3178 quamplures
1434 3076 1619 3151 Galli
1650 3081 1858 3151 erant
1885 3076 2252 3173 hospitati.

864 3203 1208 3292 SabbatO,
1281 3208 1321 3276 3
1404 3200 1747 3300 januarii,
1796 3200 2100 3298 spoliate
2168 3205 2242 3275 et
2309 3200 2702 3298 depredate
2749 3200 3049 3275 fuerunt
3105 3226 3237 3299 per
3281 3205 3396 3275 Go-

764 3329 1189 3403 lumnenses
1234 3333 1307 3402 et
1355 3326 1599 3401 Gallos
1638 3326 1901 3401 domus
1941 3324 2156 3400 electi
2198 3326 2720 3423 consanguinei
2770 3325 3061 3422 nepotis
3104 3326 3286 3399 Rmi.
3325 3328 3392 3399 D.

767 3451 1149 3529 cardinalis
1190 3451 1671 3548 Neapolitani,
1714 3450 1846 3525 filii
1876 3450 2121 3525 Jacobi
2153 3450 2242 3525 de
2275 3451 2674 3525 Comitibus
2703 3458 2776 3524 et
2806 3454 2896 3524 D.
2931 3450 3398 3526 Bau-tholomei

768 3578 841 3652 di
882 3581 1105 3667 Luca,
1142 3580 1269 3652 SS.
1314 3582 1401 3651 D.
1448 3580 1535 3652 N.
1579 3601 1763 3676 pape
1804 3576 2251 3651 cubicularii.
2303 3576 2510 3666 Galli,
2554 3583 2632 3650 ut
2677 3598 2808 3651 suo
2849 3575 3400 3674 modo-hospita-

772 3710 1049 3792 rentur,
1100 3703 1359 3778 domos
1406 3703 1579 3777 hinc
1628 3710 1703 3777 et
1749 3702 1917 3775 inde
1951 3701 2372 3800 aperiebant
2416 3708 2491 3775 et
2517 3701 2942 3793 introibant,
2977 3707 3184 3777 extra
3203 3681 3400 3799 proji-

770 3830 1043 3904 cientes
1067 3836 1441 3928 patronOS,
1472 3850 1699 3926 equos
1725 3835 1798 3901 et
1821 3826 1989 3916 alia,
2019 3828 2532 3903 comburentes
2555 3826 2821 3925 lignea,
2852 3828 3398 3906 commodemus,

769 3955 1103 4030 bibentes
1142 3978 1279 4052 que
1318 3954 1395 4027 in
1434 3953 1612 4052 ipsis
1655 3958 1863 4026 erant
1907 3953 2180 4049 absque
2237 3951 2541 4049 alicujus
2572 3953 2678 4026 rei
2723 3954 3114 4046 solutione,
3163 3979 3250 4029 ex
3283 3972 3402 4049 quo

770 4080 1080 4156 surrexit
1113 4102 1419 4177 magnus
1451 4102 1701 4154 rumor
1742 4078 1813 4153 in
1855 4079 2160 4177 populo;
2196 4079 2388 4155 unde
2420 4079 2828 4155 ordinatum
2864 4087 2976 4156 est
3003 4091 3080 4157 et
3107 4081 3198 4156 de
3226 4100 3406 4153 man-

772 4205 939 4281 dato
985 4205 1177 4303 regis
1223 4205 1526 4280 Francie
1568 4228 1701 4303 per
1740 4202 1997 4278 urbem
2034 4204 2322 4303 publice
2363 4204 2891 4305 proclamatum
2929 4228 3026 4283 ne
3069 4203 3184 4279 cui
3219 4202 3402 4279 liceat

770 4331 1068 4406 domum
1096 4330 1161 4403 vi
1192 4331 1458 4405 intrare
1492 4329 1624 4404 sub
1652 4353 1842 4428 pena
1870 4330 2070 4403 furce
2104 4327 2236 4419 (2).

844 4606 894 4664 1.
934 4604 1082 4661 Telle
1110 4611 1200 4661 est
1226 4602 1279 4660 la
1304 4603 1458 4673 lacon
1488 4604 1563 4660 du
1588 4620 1727 4663 mss.
1764 4604 1957 4673 13735,
1988 4604 2028 4663 f.
2057 4606 2150 4675 80,
2179 4604 2273 4678 qui
2303 4603 2510 4661 semble
2537 4607 2652 4661 eti-e
2680 4602 2876 4678 laplus
2903 4608 3160 4663 correcte.
3187 4602 3266 4658 Le
3287 4614 3406 4655 mss.

774 4692 961 4767 Chigi,
990 4694 1027 4751 l.
1062 4694 1107 4763 Ι,
1139 4693 1229 4765 11,
1259 4693 1297 4752 f.
1330 4694 1437 4750 443
1476 4700 1533 4753 et
1567 4693 1619 4749 le
1646 4710 1784 4751 mss.
1823 4694 2045 4764 55222,
2085 4694 2125 4753 f.
2165 4696 2220 4765 2,
2250 4695 2347 4767 qui
2385 4711 2454 4749 en
2484 4700 2572 4753 est
2606 4692 2660 4751 la
2685 4694 2844 4767 copie
2879 4698 3072 4751 exacte
3107 4692 3280 4751 donne
3309 4706 3322 4744 ε
3352 4690 3410 4743 In

770 4785 951 4853 portis
980 4799 1317 4841 camerarum
1340 4789 1395 4840 et
1432 4786 1664 4841 caminis
1700 4784 2067 4856 affigebantur
2101 4784 2320 4841 candele
2447 4784 2722 4849 similiter,
2763 4789 2816 4839 et
2852 4784 2942 4840 illi
2974 4780 3342 4855 pulcherrimi,
3367 4782 3408 4830 et

772 4886 957 4927 omnes
980 4871 1317 4929 habebantur
1340 4875 1417 4930 ad
1442 4876 1623 4930 instar
1644 4874 1852 4930 stabuli
1872 4890 2185 4945 porcorum.
2215 4874 2290 4937 Le
2319 4890 2456 4931 mss.
2479 4873 2548 4931 de
2567 4872 2824 4929 Florence
2854 4873 2977 4943 149,
2999 4874 3040 4933 s.
3066 4876 3186 4941 200,
3211 4872 3408 4928 donne:

770 4980 799 5011 α
974 4957 1213 5015 Candele
1260 4978 1330 5016 σω
1373 4962 1504 5030 feno
1548 4963 1828 5033 similiter,
1875 4968 1928 5019 et
1967 4962 2064 5019 ille
2085 4961 2490 5033 palchen-imus
2517 4961 2980 5034 uappmundm,
3021 4970 3078 5019 et
3115 4962 3348 5018 σικύα.
3383 4976 3408 5003 ²·

770 5050 847 5105 Le.
874 5063 1013 5104 mss.
1054 5048 1218 5119 5¹60,
1258 5048 1296 5104 f.
1337 5050 1465 5120 213,
1508 5057 1597 5108 est
1630 5051 1857 5122 confus;
1893 5050 1944 5107 le
1978 5058 2128 5109 texte
2165 5051 2449 5123 d’Eccard,
2481 5050 2585 5111 col.
2615 5052 2778 5124 2060,
2809 5068 2870 5107 se
2897 5051 3192 5126 rapproche
3221 5064 3350 5123 pour
3372 5042 3412 5097 le

766 5154 921 5208 sena,
952 5136 1037 5213 du,
1056 5141 1205 5193 texte
1234 5136 1377 5193 suivi
1404 5137 1493 5195 ici.

840 5228 900 5286 2.
948 5224 1095 5281 Telle
1124 5232 1211 5283 est
1238 5224 1291 5282 la
1320 5226 1473 5296 lecon
1502 5228 1576 5284 du
1605 5246 1709 5287 ωε.
1745 5233 1869 5299 149,
1897 5231 1936 5288 f.
1969 5234 2095 5301 200,
2126 5244 2218 5303 v⁰;
2249 5232 2299 5289 le
2329 5232 2516 5306 Chigi,
2545 5232 2584 5292 s.
2611 5232 2743 5301 543,
2773 5236 2828 5288 et
2857 5230 2904 5287 le
2929 5232 3130 5289 5522.2
3152 5228 3412 5285 donneut:
