3625 6059
756 555 863 610 574
1664 549 2014 604 JOHANMS
2069 549 2510 611 BURCHARDt,
2913 549 3217 612 [Novembrr
3250 556 3353 614 ttffll

762 706 1177 780 relictorum
1250 703 1404 777 lieri
1464 703 1944 793 mandavisse,
1997 702 2140 774 dixi
2194 703 2334 776 hoc
2389 701 2762 776 sanctitati
2821 727 2949 776 sue
3003 704 3352 801 supplicans

759 830 1179 928 dignaretur
1206 827 1443 902 eidem
1474 829 1941 925 gubernatori
1973 836 2047 902 ut
2077 851 2334 900 manus
2373 829 2770 925 deponeret
2797 836 2868 902 et
2899 836 3353 903 testamentum

756 955 824 1026 in
858 954 1052 1028 nullo
1082 952 1492 1050 impediret,
1530 954 1899 1028 mandare.
1939 952 2335 1049 Respondit
2375 954 2551 1026 mihi
2593 955 2947 1028 Sanctitas
2989 979 3115 1028 sua
3143 957 3355 1050 guber-

754 1086 1080 1154 natorem
1112 1079 1298 1153 bene
1335 1079 1622 1170 fecisse,
1658 1103 1878 1176 quem
1908 1080 1998 1152 ad
2025 1104 2103 1154 se
2133 1081 2410 1153 vocavit
2439 1088 2506 1153 et
2537 1080 2604 1152 ei
2639 1086 3002 1154 secretum
3035 1080 3122 1154 ad
3155 1104 3352 1154 auran}

752 1206 1117 1278 commisit
1156 1211 1232 1278 ut
1269 1205 1358 1279 de
1392 1205 1717 1302 pecuniis
1749 1211 1821 1278 et
1865 1204 2112 1279 nescio
2152 1205 2414 1302 quibus
2456 1205 2614 1277 aliis
2653 1205 3128 1302 perquireret,
3162 1213 3226 1280 et
3257 1206 3354 1300 ipsi

750 1333 939 1425 Pape
1010 1329 1333 1403 inventas
1397 1331 1885 1427 consignaret.
1946 1331 2432 1419 Gubernator,
2485 1330 2574 1404 de
2633 1330 2898 1426 palatio
2969 1330 3058 1402 ad
3113 1330 3355 1402 domum

746 1479 952 1528 suam
1002 1454 1316 1544 rediens,
1361 1455 1725 1528 mandavit
1773 1456 2164 1530 factoribus
2210 1455 2475 1529 banchi
2523 1455 2740 1530 Ulrici
2787 1456 3097 1552 Fuggeri
3139 1463 3204 1528 et
3247 1455 3356 1527 fra-

749 1586 933 1651 trum
976 1587 1463 1654 mercatorum
1491 1586 1904 1678 ‘Romanam
1949 1580 2222 1652 curiam
2271 1577 2754 1675 sequentium,
2800 1579 2936 1650 sub
2976 1603 3115 1674 qua
3157 1578 3355 1650 nest-in

738 1705 931 1800 gravi
971 1728 1187 1801 pena,
1220 1730 1310 1778 ne
1343 1705 1687 1802 pecunias
1719 1728 2211 1803 quascumque
2241 1705 2432 1776 bone
2464 1705 2818 1777 memorie
2865 1703 3178 1800 episcopi
3206 1703 3352 1776 Sles-

742 1827 1047 1902 vicensis
1101 1829 1577 1925 pertinenteS,
1632 1828 2004 1926 cuiquam,
2060 1829 2212 1900 sine
2263 1851 2608 1925 expressa
2657 1827 2949 1901 licentia
2999 1831 3121 1900 SS.
3169 1831 3243 1899 D.
3283 1830 3348 1897 N.

743 1975 955 2049 pape,
1002 1952 1110 2025 vel
1161 1953 1291 2025 sibi
1346 1953 1715 2026 traderent
1763 1952 1876 2026 vel
1924 1951 2400 2048 assignarent.
2447 1951 2648 2023 Idem
2695 1952 2867 2024 fecit
2923 1949 3110 2045 apud
3153 1950 3348 2044 plures

740 2077 917 2150 alios
948 2083 1431 2168 mercatores3
1468 2101 1552 2150 ac
1586 2082 1669 2150 D.
1707 2078 2198 2162 Franciscum‚
2237 2077 2642 2150 auditorem
2675 2101 2889 2150 suum
2923 2099 3088 2150 cum
3117 2073 3346 2148 notario

739 2210 811 2277 et
853 2203 1157 2277 testibus
1202 2202 1293 2276 ad
1341 2203 1639 2277 domum
1680 2203 2001 2300 episcopi
2047 2203 2366 2276 defuncti
2415 2203 2733 2291 mittens,
2784 2201 3240 2274 inventarium
3280 2199 3346 2270 de

737 2327 1071 2403 omnibus
1098 2329 1307 2401 bonis
1348 2328 1505 2402 fieri
1547 2327 1739 2402 fecit.
1776 2328 1970 2400 Nihil
2013 2328 2180 2400 inde
2223 2328 2650 2426 exportavit,
2683 2327 2810 2400 sed
2841 2327 3088 2400 omnia
3117 2323 3268 2398 mihi
3295 2333 3346 2396 et

737 2454 1050 2529 dominis
1096 2455 1407 2529 l-lenrico
1460 2455 1656 2528 Bode
1699 2462 1771 2527 et
1814 2453 2266 2528 Theodorico
2309 2453 2397 2526 de
2451 2458 2752 2551 Eynem,
2799 2450 3346 2528 coexecutoribus

740 2577 946 2668 melS,
987 2601 1105 2654 me
1147 2579 1250 2652 sic
1281 2586 1579 2676 rogante
1609 2581 1685 2654 in
1716 2578 2130 2675 depositum
2173 2576 2649 2675 consignavit.
2689 2579 2924 2651 Habui
2967 2587 3202 2676 postea
3229 2599 3348 2646 ma-

739 2725 956 2799 gnam
980 2702 1565 2794 sollicitudinem,
1586 2711 1976 2800 antequam
2000 2704 2416 2776 mandatum
2439 2703 2950 2800 gubernatoris
2971 2703 3343 2801 predictum.

738 2851 869 2924 per
916 2827 1513 2902 intercessionem
1559 2829 2065 2903 Ulixbonensis
2111 2837 2181 2902 et
2221 2829 2562 2903 Senensis
2603 2829 3080 2902 cardinalium
3113 2825 3345 2925 predic-

742 2958 1009 3044 torum,
1055 2955 1245 3051 apud
1292 2959 1417 3028 SS.
1476 2957 1559 3028 D.
1612 2959 1693 3026 N.
1733 2955 2052 3029 revocari
2097 2962 2169 3030 et
2207 2954 2617 3052 depositum
2661 2954 2954 3028 liberari
3009 2960 3078 3028 et
3122 2948 3342 3026 restitui

738 3103 779 3152 a
819 3079 1209 3153 Sanctitate
1255 3104 1383 3152 sua
1417 3079 1849 3153 obtinerem.
1913 3079 2118 3166 Quod
2179 3078 2470 3152 tandem
2525 3087 2688 3175 post
2737 3077 3002 3152 multas
3043 3078 3182 3151 dies
3216 3099 3342 3147 cuni

738 3205 1096 3278 Sanctitas
1133 3230 1263 3280 sua
1302 3206 1492 3279 clare
1533 3205 2003 3279 intellexisset
2061 3205 2292 3278 nullas
2333 3204 2676 3302 pecunias
2727 3203 3046 3301 episcopi
3099 3203 3164 3274 iu
3207 3200 3346 3270 ban-

735 3329 891 3402 chis
934 3353 1094 3403 esse
1148 3354 1279 3426 per
1323 3331 1508 3404 viam
1542 3331 1848 3428 depositi
1895 3331 2024 3404 sed
2071 3354 2334 3428 paucas
2383 3354 2512 3426 per
2554 3330 2831 3402 litteras
2882 3327 3166 3414 cambii,
3209 3347 3344 3418 quas

734 3453 1174 3549 gubernator
1216 3456 1483 3528 habere
1516 3480 1663 3528 non
1693 3461 1976 3553 poterat
2007 3455 2160 3528 sine
2191 3455 2558 3538 violentia,
2597 3453 2902 3527 obtinui.

834 3577 1044 3664 Quod
1074 3580 1393 3677 episcopi
1425 3581 1746 3654 defuncti
1791 3581 2119 3654 voluntas
2155 3587 2309 3654 rata
2347 3581 2576 3670 tieret,
2613 3603 2868 3676 parum
2915 3585 3077 3676 post
3114 3574 3342 3650 obitum

735 3702 864 3778 suit
909 3703 1224 3795 levatus3
1264 3714 1332 3778 et
1376 3707 1532 3802 quia
1582 3729 1712 3803 per
1765 3712 2276 3779 testamentum
2328 3705 2429 3778 sic
2476 3705 2960 3795 ordinaverat,
2995 3708 3256 3801 apertus
3287 3705 3340 3768 ct

732 3853 858 3902 cor
888 3831 1045 3926 ejus
1077 3831 1165 3903 de
1209 3832 1551 3905 cadavere
1594 3831 1915 3904 excisum
1957 3841 2028 3904 et
2068 3837 2496 3920 extractum,
2535 3831 2982 3905 aromatibus
3025 3826 3338 3904 conditum

730 3961 799 4027 et
861 3956 933 4026 in
990 3956 1230 4052 pixide
1278 3957 1623 4054 plumbea
1678 3981 1898 4052 quam
1953 3957 2043 4029 ad
2099 3958 2240 4030 hoc
2301 3957 2458 4030 tieri
2513 3957 2819 4030 fecimus
2872 3956 3240 4053 repositum
3286 3954 3338 4020 et

729 4079 1024 4173 plumbo
1054 4081 1405 4154 clausum.
1444 4082 1760 4157 Vestitus
1793 4089 1902 4155 est
1934 4081 2195 4156 deinde
2239 4082 2570 4156 omnibus
2601 4083 2919 4156 vestibus
2964 4072 3338 4176 quotidianis

726 4210 796 4277 et
826 4205 1399 4300 pontificalibus3
1436 4207 1707 4280 dictum
1739 4207 1932 4279 circa
1973 4207 2297 4280 officium
2344 4214 2794 4281 mortuorum
2825 4201 3337 4303 pet-capellanos

728 4323 1106 4425 hospitalis
1146 4332 1401 4423 nostri,
1441 4338 1509 4404 et
1551 4332 1665 4405 die
1700 4341 2079 4428 sequente,
2117 4331 2393 4405 scilicet
2423 4332 2638 4429 joviS,
2680 4337 2718 4400 7
2749 4329 3172 4412 novembris,
3203 4343 3335 4420 por·

732 4458 952 4524 tatum
986 4453 1199 4527 sunus
1232 4456 1564 4529 dedomo
1598 4458 1947 4554 predicta,
1985 4464 2184 4530 recta
2213 4458 2346 4547 via,
2387 4456 2539 4531 sine
2581 4457 2818 4554 aliqua
2847 4455 3240 4532 circuitione
3266 4441 3334 4518 ad

721 4575 1106 4653 ecclesiam
1161 4581 1327 4655 dicti
1372 4582 1751 4680 hospitalis
1792 4583 2043 4656 nostri.
2085 4587 2596 4656 precesserunt
2647 4584 2964 4682 religiosi
3007 4609 3062 4654 s.
3097 4583 3335 4672 Augus-

725 4702 850 4774 tini
883 4730 1063 4802 quos
1108 4715 1350 4782 tamen
1384 4710 1815 4798 vocavimus,
1855 4714 1924 4781 et
1966 4707 2306 4805 parochie
2343 4715 2579 4782 rector
2609 4734 2776 4782 cum
2817 4708 3055 4782 multis
3091 4697 3335 4802 presb)-

723 4827 892 4899 teris
927 4829 1142 4904 sociis
1177 4832 1349 4922 suiS,
1376 4839 1540 4928 post
1570 4853 1751 4928 quos
1778 4858 1867 4906 xt.
1891 4832 2240 4906 intortitia
2263 4834 2769 4930 portabantur3
2799 4842 2870 4908 et
2900 4828 3332 4928 sequebantur

718 4951 934 5026 Funus
986 4962 1149 5030 octo
1208 4957 1469 5031 funesti
1519 4978 1828 5055 quorum
1897 4960 2184 5032 ultimus
2235 4968 2388 5033 erat
2435 4960 2761 5056 Egerdus
2811 4959 3102 5042 Sterior,
3143 4967 3331 5044 nepos

722 5076 1071 5152 defuncti.
1108 5083 1234 5154 Ivit
1275 5082 1466 5158 iuter
1496 5084 1673 5158 duos
1717 5085 2140 5181 episcopos-3
2190 5085 2309 5158 alii
2348 5085 2601 5182 prelati
2650 5085 3128 5182 sequebantur
3161 5091 3328 5147 more

733 5202 968 5276 solito.
1010 5209 1281 5303 Rogata
1330 5209 1614 5282 fuerunt
1666 5217 1735 5283 et
1781 5217 2028 5283 vocate
2083 5210 2348 5284 familie
2399 5215 2830 5285 RRtuorum.
2870 5213 3012 5283 m).
3047 5197 3326 5278 cardina·
