3625 6059
291 529 430 595 [Mars
460 528 603 589 1493]
945 524 1200 584 RERUM
1248 526 1708 587 URBANARUM
1757 530 2282 589 COMMENTARH.
2872 540 2943 593 55

283 686 398 759 SS.
448 686 528 757 D.
584 684 673 756 N.
727 704 893 756 cum
939 688 1369 779 paramenta
1419 683 1633 759 solita
1689 685 2079 783 reciperet,
2128 687 2403 763 vocavit
2444 712 2561 763 me
2606 691 2700 765 ad
2743 716 2821 767 se
2871 698 2941 767 et

291 806 771 905 interrogavit,
832 830 1025 883 anne
1088 817 1522 885 consuetum
1593 817 1788 887 esset
1843 821 1917 887 et
1968 814 2405 890 conveniens
2464 816 2637 891 dare
2698 840 2942 892 rosam

287 934 679 1035 imperatori
712 956 1042 1009 romano.
1079 936 1444 1035 Respondi
1477 936 1852 1037 Sanctitati
1886 963 2014 1013 sue
2057 945 2487 1016 consuetum
2522 965 2711 1034 esse,
2749 948 2821 1018 et
2852 942 2927 1015 in

284 1064 496 1161 prima
520 1060 911 1135 donatione
943 1061 1736 1138 convenientissimum.
1763 1063 2112 1163 Adjunxit
2135 1072 2387 1141 Rmus.
2416 1071 2505 1141 D.
2540 1068 2925 1144 cardinalis

288 1186 634 1279 SenensiS‚
670 1186 902 1262 felicis
955 1187 1480 1264 recordationis
1530 1189 1907 1265 Nicolaum
1955 1191 2287 1287 quintum
2334 1191 2823 1268 illustrissimo
2870 1202 2940 1267 et

286 1312 734 1387 invictissimo
793 1312 1162 1387 Friderico
1235 1318 1730 1391 Romanorum
1797 1316 2219 1415 imperatori
2290 1318 2643 1404 moderno
2722 1321 2939 1394 etiam

291 1461 512 1513 rosam
547 1437 886 1512 donasse.
927 1444 1226 1515 Paratus
1257 1439 1516 1516 deinde
1557 1442 1646 1516 de
1688 1443 1849 1539 ejus
1888 1444 2254 1534 mandato,
2300 1468 2555 1521 omnes
2582 1470 2621 1519 e
2655 1469 2945 1522 camera

290 1565 464 1639 exire
512 1563 728 1662 jussi,
783 1563 955 1638 solis
1004 1565 1489 1641 cardinalibus
1533 1590 1702 1641 cum
1748 1568 2141 1644 Sanctitate
2196 1594 2325 1643 sua
2368 1572 2935 1663 remanentibuS,

286 1714 436 1763 cum
481 1687 750 1787 quibus
806 1689 1191 1765 consilium
1247 1691 1504 1766 habuit
1560 1716 1780 1792 super
1835 1717 2000 1770 rose
2049 1694 2473 1786 donatione,
2526 1720 2941 1796 proponens

283 1814 486 1891 animi
539 1814 653 1887 sui
699 1814 1244 1912 dispositionem
1299 1841 1474 1914 erga
1539 1819 2088 1903 serenissimum
2138 1821 2659 1919 imperatorem
2706 1823 2943 1920 predi-

283 1950 487 2032 ctum,
524 1939 618 2012 de
648 1964 956 2042 quorum
986 1941 1288 2015 consilio
1323 1942 1640 2018 decrevit
1677 1969 1919 2019 rosam
1964 1946 2194 2044 ipsam
2241 1946 2480 2022 eidem
2521 1947 2941 2045 imperatori

283 2071 540 2145 donare
589 2074 666 2144 et
707 2059 1236 2159 mittere,'rosa
1287 2070 1444 2168 ipsa
1493 2072 1693 2169 prius
1747 2093 1952 2145 more
2007 2071 2218 2146 solito
2260 2072 2677 2164 benedicta3
2724 2098 2939 2171 quam

280 2219 434 2299 cum
463 2194 966 2287 benediceret,
1018 2198 1106 2267 D.
1156 2195 1576 2293 Sinulphus‚
1613 2219 1905 2272 camere
1937 2197 2333 2294 apostolice
2375 2199 2711 2289 clericus,
2748 2199 2939 2275 sedis

278 2320 666 2416 apostolice
715 2317 1258 2416 protonotarius
1307 2325 1379 2393 et
1408 2321 1738 2395 habitum
1768 2322 2240 2418 protonotarii
2288 2322 2650 2415 deferenS,
2694 2347 2940 2399 coram

279 2470 357 2519 eo
407 2445 868 2543 genuflexus,
921 2444 1241 2519 tenebat.
1293 2446 1668 2520 Premissis
1713 2445 2048 2543 peractiS,
2110 2446 2469 2521 Sanctitas
2518 2472 2651 2522 sua
2701 2472 2939 2523 rosam

277 2572 340 2645 in
393 2595 616 2645 manu
657 2570 954 2644 sinistra
999 2578 1323 2668 portans,
1373 2578 1446 2646 et
1493 2573 1789 2647 dextera
1832 2571 2183 2669 populum
2238 2573 2684 2649 benedicens-
2736 2598 2939 2647 more

283 2702 647 2788 consueto,
693 2694 886 2769 venit
939 2694 1030 2769 ad
1081 2695 1432 2793 capellam
1487 2699 1841 2795 maJ'orem
1884 2697 1971 2771 de
2024 2699 2305 2773 stantiis
2365 2699 2563 2776 novis
2608 2705 2679 2775 et
2721 2702 2939 2775 misse

278 2822 568 2897 solemni
643 2820 998 2912 interfuit,
1059 2846 1277 2919 quam
1337 2824 1586 2896 Rmus.
1660 2827 1747 2897 D.
1818 2823 2200 2899 cardinalis
2263 2827 2489 2901 sancti
2550 2826 2939 2900 Clementis

274 2948 654 3025 celebravit
691 2946 1064 3025 consuetis
1103 2948 1563 3023 ceremoniis
1608 2952 2039 3023 Sermonem
2080 2949 2250 3023 fecit
2294 2956 2718 3047 procurator
2753 2950 2942 3023 ordi-

274 3074 376 3147 nis
405 3081 659 3150 sancte
687 3075 913 3149 Marie
947 3074 1035 3147 de
1065 3082 1312 3150 monte
1341 3074 1713 3172 {Carmelo.
1759 3074 1995 3148 Finita
2024 3073 2273 3165 missa,
2320 3077 2516 3171 Papa
2556 3075 2941 3171 reportavit

270 3223 501 3275 rosam
525 3201 625 3275 ad
651 3223 1045 3293 cameram,
1095 3206 1168 3274 et
1207 3201 1346 3276 alia
1376 3221 1578 3272 more
1605 3204 1958 3273 consueto
1995 3200 2159 3272 s'unt
2190 3198 2592 3275 observata.

363 3326 750 3401 Dominica
787 3326 1036 3423 quinta
1076 3324 1634 3424 quadragesime
1673 3324 1764 3399 de
1803 3324 2144 3423 passione
2185 3334 2622 3423 nuncupata,
2670 3327 2795 3400 SS.
2848 3330 2933 3401 D.

269 3463 510 3529 noster
544 3454 751 3530 venit
789 3454 879 3529 ad
918 3452 1272 3552 capellam
1321 3452 1676 3550 majorem
1723 3455 2017 3548 paratus
2064 3473 2268 3524 more
2313 3451 2524 3525 solito
2562 3477 2577 3524 :
2619 3452 2944 3526 interfuit

270 3581 475 3657 misse
546 3580 846 3681 publice
913 3604 1128 3679 quam
1206 3574 1592 3653 celebravit
1669 3578 1754 3649 R.
1818 3577 1907 3649 D.
1969 3574 2291 3672 Baptista
2354 3575 2943 3673 archiepiscopus

268 3708 702 3782 Cusentinus
733 3706 1106 3798 assistenS,
1141 3711 1215 3779 et
1245 3703 1375 3776 fuit
1406 3702 1562 3799 ejus
1589 3700 1826 3798 prima
1844 3701 2097 3792 missa,
2124 3706 2196 3774 et
2226 3700 2434 3797 petiit
2455 3700 2648 3775 idem
2668 3702 2947 3777 archie-

267 3834 598 3932 piscopus
640 3855 772 3930 per
799 3854 918 3908 me
955 3834 1083 3907 SS.
1130 3835 1216 3905 D.
1265 3834 1515 3903 nostro
1557 3826 1692 3901 sihi
1729 3826 1931 3924 prius
1974 3816 2375 3925 plenariam
2420 3824 2941 3923 indulgentiam

271 3958 564 4033 concedi
597 3981 826 4057 quam
860 3959 988 4031 SS.
1035 3960 1122 4030 D.
1171 3955 1487 4053 gratiose
1527 3952 1917 4029 concessit.
1964 3953 2391 4027 Sermonem
2435 3952 2605 4025 fecit
2648 3952 2939 4049 quidam

267 4083 478 4161 frater
525 4110 666 4161 seu
714 4090 1142 4183 procurator
1185 4081 1614 4158 servitorum
1651 4078 1866 4154 beate
1910 4077 2164 4169 Marie‚
2209 4086 2282 4153 et
2329 4076 2469 4152 alia
2499 4099 2702 4150 more
2730 4077 2944 4153 solito

269 4218 422 4285 sunt
450 4214 864 4288 observata.
2242 4300 2254 4309 κ

359 4338 570 4412 Feria
611 4338 962 4427 secunda,
1016 4341 1106 4412 25
1152 4332 1424 4408 mensis
1473 4332 1740 4425 martii,
1795 4328 2059 4407 festum
2102 4332 2684 4409 annunciationis
2728 4333 2938 4408 beate

265 4465 476 4540 Marie
531 4464 878 4562 virgime,
929 4464 1053 4539 SS.
1111 4466 1198 4536 D.
1252 4466 1340 4537 N.
1393 4466 1686 4559 paratus
1744 4460 2043 4552 amicta,
2095 4460 2657 4559 precedentibus
2701 4460 2938 4556 ipsum

269 4614 468 4667 cruce
520 4600 600 4669 et
661 4591 1178 4682 cardinalibus,
1241 4613 1547 4665 ascenso
1611 4612 1800 4687 equo
1857 4612 1993 4687 per
2042 4586 2231 4661 viam
2285 4586 2493 4684 juxta
2550 4583 2938 4659 ecclesiam

268 4717 480 4791 sancti
520 4716 720 4791 Celsi
763 4740 893 4817 per
931 4715 1216 4790 Turrim
1262 4716 1775 4812 Sanguineam,
1823 4713 2211 4788 ecclesiam
2254 4711 2480 4785 sancti
2508 4710 2927 4803 SalvatoriS,

267 4850 502 4919 sancte
532 4842 772 4917 Marie
801 4842 1224 4941 Magdalene
1261 4847 1334 4915 et
1363 4841 1681 4916 Plateam
1713 4838 2149 4927 Rotundam,
2191 4836 2387 4909 venit
2420 4835 2512 4909 ad
2543 4836 2929 4911 ecclesiam

267 4975 500 5042 sancte
531 4969 770 5043 Marie
801 4968 890 5043 de
918 4969 1236 5045 Minerva
1283 4968 1430 5059 ubi,
1463 4968 1802 5042 fratribus
1845 4990 2008 5041 cum
2042 4989 2255 5041 cruce
2294 4964 2937 5064 processionaliter

266 5094 442 5167 intra
464 5094 748 5169 ostium
779 5096 1085 5169 ecclesie
1119 5095 1699 5193 expectantibus,
1730 5092 2018 5167 intravit
2050 5093 2465 5183 ecclesiam,
2504 5097 2577 5167 et
2611 5089 2932 5163 osculata

268 5240 470 5297 cruce
536 5245 681 5319 per
742 5221 1178 5297 cardinalem
1261 5226 1662 5298 Senensem
1726 5219 1861 5293 sibi
1918 5224 2287 5317 porrecta,
2348 5216 2686 5291 fratribus
2745 5212 2937 5286 Eece
