3625 6059
755 518 870 575 362
1675 513 1706 569 J
1711 510 1907 569 OHAN
1910 510 2025 568 NIS
2076 508 2519 578 BURCHARDI,
3102 512 3267 577 [lim
3298 516 3415 577 ΠΥΩ,

763 677 1036 761 mento,
1083 668 1212 743 sed
1255 665 1657 766 expectavit
1693 667 1768 741 in
1807 666 2087 765 capella
2122 665 2408 763 maiori,
2442 687 2669 763 prope
2698 664 2955 756 altare,
2988 666 3113 741 ubi
3154 670 3415 767 accepit
3515 698 3516 765 j

760 794 1060 869 calicem
1111 819 1277 868 cum
1329 798 1788 868 sacramento
1838 791 1929 865 de
1972 790 2306 865 manibus
2359 794 2549 889 Pape
2599 790 2775 863 illud
2816 793 3179 889 portantis
3230 820 3257 869 ε
3306 796 3413 869 alia
3514 820 3516 877 :

760 921 1144 995 observata
1170 943 1376 993 more
1405 918 1644 993 solito.

858 1050 937 1119 In
969 1068 1162 1135 sero,
1201 1046 1392 1141 Papa
1419 1043 1494 1115 in
1527 1040 1702 1115 sede
1741 1046 2067 1137 portatus
2099 1047 2211 1113 est
2240 1038 2332 1113 ad
2360 1039 2712 1138 capellam
2750 1041 2845 1115 ad
2882 1046 3331 1119 matutinum
3360 1058 3413 1119 et

759 1172 898 1245 illis
945 1169 1164 1243 finitis
1209 1168 1416 1242 in‘ea
1454 1167 1549 1241 ad
1585 1166 1940 1263 capellam
1986 1170 2391 1263 reportatus
2422 1172 2534 1240 est
2569 1166 2639 1239 in
2674 1190 2905 1265 cappa
2946 1169 3039 1244 de
3080 1171 3411 1245 scat-lato.

758 1296 915 1370 Alia
956 1318 1158 1369 more
1205 1294 1442 1367 solito,
1493 1292 1774 1367 Oblatio
1844 1292 1933 1365 ad
2000 1313 2292 1365 crucem
2353 1291 2423 1363 in
2482 1291 2759 1389 capella
2812 1292 3147 1391 predicta
3206 1294 3415 1369 hodie

759 1424 946 1496 facta
996 1418 1323 1494 ascendit
1369 1418 1462 1492 ad
1517 1417 1819 1491 ducatos
1852 1440 2015 1489 Lxxl
2059 1423 2131 1489 et
2175 1417 2361 1490 ultra
2395 1416 2467 1489 in
2512 1440 2719 1507 auro,
2766 1417 2857 1492 de
2896 1419 3159 1516 quihus
3204 1419 3414 1493 habui
3516 1401 3518 1515 1

757 1546 832 1621 in
860 1552 1066 1644 parte
1095 1568 1260 1619 mea
1286 1544 1583 1617 ducatos
1613 1541 1889 1617 similes
1917 1565 2014 1632 xi,
2042 1540 2371 1615 cat-lenos
2402 1566 2475 1615 1x
2507 1543 2637 1639 (1).
3516 1518 3518 1545 ‘

863 1670 1177 1745 Sabbato
1208 1676 1487 1757 sancto,
1529 1672 1620 1741 25
1652 1666 1919 1756 martii,
1957 1668 2207 1739 Rmus.
2247 1669 2331 1739 D.
2370 1666 2751 1740 cardinalis
2782 1692 2842 1740 s.
2878 1668 3205 1769 Dionysii
3240 1672 3413 1745 ccle-

763 1797 992 1871 bravit
1029 1795 1327 1869 missam
1365 1792 1728 1890 publicam
1767 1792 1844 1865 in
1883 1791 2162 1887 capella
2196 1790 2553 1887 predicta,
2598 1796 2793 1890 Papa
2831 1800 3213 1890 presente,
3268 1794 3410 1891 igno

765 1931 839 1996 et
867 1922 1166 1994 incenso
1197 1942 1328 2016 per
1357 1918 1592 2015 ipsum
1637 1915 2082 1989 cardinalem
2123 1916 2555 1991 benedictis.
2602 1917 2925 1991 Alleluia
2966 1919 3413 1993 annunciavit

765 2049 854 2120 D.
894 2044 1198 2122 Vasinus
1243 2046 1460 2139 Pape,
1495 2043 1618 2137 qui
1655 2040 1832 2113 illud
1868 2040 2100 2115 noluit
2140 2041 2516 2132 inchoare,
2564 2041 2693 2116 sed
2728 2042 3111 2119 celebrans
3150 2044 3229 2117 id
3268 2045 3409 2119 fecit

765 2170 979 2245 tertio
1031 2168 1711 2245 convenientissime
1771 2173 1844 2240 et
1897 2166 2355 2239 laudabiliter
2406 2176 2479 2242 et
2534 2167 2675 2241 alia
2724 2192 2931 2243 more
2990 2168 3207 2245 solito
3270 2176 3409 2243 sunt

765 2300 1086 2393 peracta.

862 2416 1240 2492 Dominica
1267 2414 1542 2489 Pasche
1571 2412 2125 2489 resurrectionis
2152 2413 2543 2489 Salvatoris
2568 2419 2654 2489 N.
2684 2420 2750 2489 J.
2788 2418 3081 2509 Christi,
3116 2424 3207 2493 26
3234 2443 3405 2493 mar-
3518 2434 3520 2471 ἱ

766 2542 870 2630 tii,
907 2543 1034 2615 SS.
1070 2539 1154 2615 D.
1191 2543 1278 2613 N.
1321 2540 1517 2615 venit
1552 2539 2189 2637 processionaliter
2230 2538 2303 2611 in
2347 2540 2523 2615 sede
2566 2542 2659 2614 ad
2687 2541 3063 2619 basilicam
3106 2570 3169 2619 s.
3204 2544 3405 2621 Petri.

767 2666 886 2740 ubi
917 2664 1304 2739 celebravit
1333 2665 1632 2739 missam
1661 2664 2067 2737 solemnem
2106 2687 2305 2739 more
2338 2663 2579 2739 solito.
2616 2669 2867 2741 RmuS.
2914 2672 3003 2743 D.
3048 2668 3407 2745 cardinalis

765 2792 855 2869 de
887 2790 1246 2865 Cesarinis
1271 2790 1581 2864 cantavit
1613 2789 2064 2885 evangelium
2091 2788 2421 2881 latinum,
2459 2793 2542 2862 R.
2577 2794 2661 2864 D.
2700 2793 3085 2889 GeorgiuS,
3118 2793 3407 2867 Alexan-

765 2918 919 3007 der,
977 2917 1360 3014 episcopus
1423 2914 1964 3005 Archadiensis,
2026 2915 2479 3012 evangelium
2536 2940 2861 3011 grecum,
2931 2922 3018 2992 D.
3087 2919 3401 3006 Vasinus,

765 3040 1250 3117 subdiaconus
1299 3042 1732 3140 apostolicus
1780 3041 2159 3137 epistolam
2201 3041 2499 3115 latinam
2544 3047 2619 3115 et
2670 3044 2755 3115 D.
2811 3042 3249 3133 Demetrius,
3294 3042 3405 3115 be·
3520 3031 3522 3133 Ι

763 3165 1140 3241 neficiatus
1197 3165 1494 3240 basilice
1554 3192 1613 3240 s.
1681 3166 1899 3257 Petri,
1962 3166 2345 3263 epistolam
2405 3190 2727 3263 grecam.
2794 3167 3109 3241 Primam
3164 3190 3403 3264 aquam
3521 3144 3522 3157 ἵ

763 3290 1096 3363 manibus
1136 3314 1323 3388 pape
1367 3275 1799 3367 ministrarit
1843 3299 2087 3365 orator
2131 3290 2431 3365 dominii
2474 3293 2975 3386 venetiarum,
3030 3296 3401 3371 secundam

763 3421 1009 3488 orator
1034 3415 1228 3511 regis
1259 3416 1737 3513 Neapolitani,
1772 3417 2063 3492 tertiam
2095 3419 2181 3490 D.
2222 3416 2723 3510 GundisalvuS,
2760 3419 3189 3493 Ferdinandi
3220 3422 3403 3516 capi-

762 3544 1044 3625 taneuS,
1079 3542 1153 3611 et
1182 3545 1510 3633 quartam
1554 3539 1696 3613 dux
1735 3540 2039 3630 Gandie,
2076 3540 2265 3613 filius
2296 3564 2506 3637 pape.
2545 3544 2741 3638 Papa
2769 3542 3312 3617 communicavit
3340 3544 3397 3615 in

761 3661 982 3735 missa
1025 3682 1280 3735 omnes
1331 3662 1672 3738 diaconos
1719 3664 2151 3753 cardinales,
2204 3665 2769 3761 gubernatorem
2819 3667 3059 3759 Urbis,
3112 3669 3397 3745 electum

763 3784 1197 3880 Rheginum,
1235 3784 1546 3860 electum
1591 3790 2105 3879 Mutinensem,
2143 3789 2501 3865 datarium
2533 3797 2603 3863 et
2642 3791 2847 3866 alioS.
2898 3792 3137 3867 Finita
3172 3794 3393 3871 missa.

757 3910 925 3985 visis
971 3910 1237 3985 lancea
1283 3920 1356 3986 et
1395 3914 1592 3987 vultu
1639 3915 1926 4007 Christi,
1972 3916 2299 3989 ascendit
2338 3916 2431 3990 ad
2458 3916 2705 3990 locum
2748 3917 3037 4013 publice
3070 3917 3385 3994 benedic·-

761 4038 976 4113 tionis
1011 4040 1160 4131 ubi,
1190 4038 1458 4138 populo
1487 4035 1776 4137 publice
1804 4040 1879 4113 in
1914 4063 2137 4137 regno
2164 4041 2587 4116 solemniter
2618 4042 3031 4134 benedictO,
3066 4042 3391 4119 concessit

759 4164 1097 4251 omnibus
1127 4166 1488 4261 plenarias
1519 4166 1999 4263 indulgentias
2028 4190 2208 4264 quas
2247 4168 2495 4241 RRmi.
2539 4171 2691 4241 DD.
2727 4168 3136 4244 cardinales
3166 4170 3245 4243 de
3270 4170 3391 4239 Ce-

761 4289 1020 4361 sarinis
1049 4291 1123 4362 in
1151 4290 1376 4364 latino
1409 4299 1481 4365 et
1517 4315 1578 4363 S.
1624 4292 1918 4388 Georgii
1962 4292 2275 4383 diaconi,
2314 4294 2384 4367 in
2416 4292 2687 4390 vulgari
2716 4292 3175 4390 publicarunt
3214 4317 3229 4367 :
3262 4289 3391 4363 alia

758 4411 1136 4487 observata
1165 4438 1367 4489 more
1399 4415 1634 4489 solito.

858 4538 1064 4613 Feria
1103 4541 1428 4615 secunda
1474 4541 1778 4632 Pascha,
1811 4548 1900 4615 27
1935 4542 2201 4633 martii,
2255 4542 2659 4619 cardinales
2700 4551 2866 4619 ante
2905 4545 3157 4620 horam
3193 4540 3385 4615 misse

827 4762 877 4816 1.
919 4760 994 4815 Le
1023 4778 1162 4833 pape
1191 4767 1385 4818 courut
1414 4777 1486 4816 un
1517 4762 1690 4835 grand
1722 4762 1949 4835 danger.
1984 4762 2059 4819 Le
2098 4763 2293 4837 peuple
2326 4765 2532 4820 romain
2561 4766 2657 4839 qui
2697 4765 2747 4823 le
2786 4766 3019 4823 hai‘ssait
3054 4765 3217 4823 s'etait
3246 4760 3385 4817 renni

756 4864 851 4902 sur
881 4846 928 4903 le
958 4848 1166 4921 Champ
1193 4850 1260 4905 de
1291 4848 1448 4905 Flore
1487 4858 1542 4907 et.
1583 4849 1796 4907 l'aurait
1837 4850 2017 4924 lapide
2060 4868 2191 4907 avec
2219 4850 2299 4908 les
2328 4854 2637 4928 Espagnols
2664 4855 2733 4911 de
2765 4872 2828 4912 sa
2860 4855 3021 4922 suite,
3056 4870 3177 4913 sans
3210 4850 3387 4907 l’inter-

751 4936 976 4993 vention
1013 4936 1082 4992 de
1109 4936 1385 5009 plusieurs
1415 4939 1734 4997 cardinaux.
1769 4962 1798 4992 κ
1832 4940 1931 4997 Die
1975 4942 2259 4999 Romanen
2298 4944 2487 5001 hetten
2512 4943 2621 4999 den
2657 4960 2800 5018 pays
2830 4944 2929 5000 mit.
2962 4944 3171 5003 bestaiu
3194 4938 3295 4997 doit
3328 4956 3383 4993 zo

753 5023 936 5099 slaynss
965 5041 1027 5080 so
1059 5025 1282 5081 verhast.
1310 5026 1534 5083 wasche
1563 5044 1624 5083 zo
1665 5029 1826 5085 deser
1864 5038 1985 5105 szyt.
2020 5031 2118 5086 mit.
2156 5031 2315 5088 sinen
2352 5032 2585 5089 frunden
2615 5035 2723 5089 den
2756 5033 3097 5109 Hispanioler
3120 5056 3167 5103 n,
3194 5028 3313 5087 ecrit
3340 5027 3381 5081 le

751 5112 984 5169 cavalier
1013 5110 1180 5182 Harll,
1214 5112 1354 5169 dans
1385 5110 1438 5167 la
1465 5112 1690 5171 relation
1734 5118 1802 5173 de
1842 5136 1944 5175 son
1982 5136 2197 5193 voyage
2230 5124 2263 5176 a
2302 5120 2475 5178 Rome
2512 5122 2757 5195 pendant.
2800 5121 2850 5179 la
2888 5120 3103 5195 PAques
3138 5120 3200 5175 de
3234 5116 3373 5171 1497.

757 5200 1045 5275 (Cologne,
1079 5202 1239 5271 1860,
1261 5218 1316 5275 p.
1349 5201 1464 5273 33.)
