3625 6059
270 534 449 597 [Avi-il
478 534 625 597 1494]
969 529 1223 589 RERUM
1272 530 1729 590 URBANARUM
1777 532 2302 589 COMMENTARII.
2857 532 2960 587 115

272 686 763 785 Neapolitano
840 685 1129 761 dicente
1203 714 1219 759 :
1288 686 1715 776 Benedicite,
1780 688 1875 759 P.
1938 686 2540 761 reverendissime.
2614 689 2950 781 Legatus‚

276 817 589 911 accepto
636 810 981 904 cocleari,
1026 800 1403 887 incensum
1451 819 1675 911 ponat
1719 812 1793 885 in
1840 810 2289 887 thuribulum
2339 817 2410 886 et
2459 808 2647 883 dicat
2701 809 2786 881 ab
2837 808 2952 879 illo

288 936 722 1009 benedicaris
748 938 825 1010 in
854 940 1066 1036 eujus
1095 940 1356 1013 honore
1386 938 1847 1027 coronaberis,
1881 940 1956 1009 in
1987 939 2270 1011 nomine
2299 938 2540 1011 Patris
2571 950 2638 1010 et
2665 935 2860 1023 Filii,
2897 944 2964 1005 et

280 1064 607 1158 Spiritus
644 1066 893 1157 sancti,
926 1074 999 1141 et
1030 1065 1313 1163 signum
1345 1066 1579 1140 crucis
1607 1090 1826 1163 super
1851 1065 2236 1139 incensum
2266 1066 2503 1163 ipsum
2533 1064 2605 1136 in
2631 1062 2961 1136 thuribu-

276 1186 444 1259 lum
498 1188 818 1283 positum
868 1190 1247 1286 producat.
1297 1190 1908 1289 Archiepiscopus
1949 1190 2344 1288 predictus»,
2393 1194 2691 1285 accepto
2742 1186 2959 1259 thuri-

284 1312 501 1403 bulo,
544 1314 737 1389 facta
774 1319 982 1390 Rmo.
1020 1316 1261 1415 legato
1302 1318 1727 1405 reverentia,
1767 1318 2001 1415 ipsum
2041 1317 2360 1414 legatum
2401 1316 2686 1391 detecto
2725 1314 2960 1411 capite

290 1445 619 1515 stantem
666 1440 1070 1516 incensabit
1126 1448 1259 1531 ter,
1304 1443 1407 1517 illi
1456 1442 1900 1517 thuribulum
1931 1444 2232 1517 ducenS.
2279 1445 2366 1516 D.
2406 1442 2714 1539 legatus,
2759 1448 2962 1515 ante·

292 1588 527 1661 quam
556 1566 859 1663 recipiat
889 1568 1487 1658 incensationem,
1516 1583 1764 1665 regem
1796 1568 1887 1642 ad
1919 1593 2081 1643 eam
2109 1568 2460 1656 invitabit,
2489 1568 2617 1641 sed
2655 1590 2782 1641 rex
2812 1591 2958 1640 nou

296 1690 747 1789 acceptabit,
781 1715 1019 1789 neque
1066 1700 1231 1789 post
1272 1697 1359 1767 D.
1406 1693 1727 1791 legatum
1764 1693 2277 1783 incensabitur,
2323 1692 2493 1790 quia
2538 1688 2956 1790 hujusmodi

297 1816 717 1910 incensatio
748 1818 829 1892 fit
861 1822 948 1891 D.
981 1818 1222 1916 legato
1254 1825 1621 1915 tamquam
1653 1820 1932 1893 noviter
1958 1820 2298 1895 venienti.

402 1945 623 2017 Facta
648 1941 1175 2034 incensatione,
1207 1943 1638 2042 procedatur
1674 1944 1764 2017 ad
1804 1944 2026 2019 altare
2057 1945 2317 2043 majus,
2351 1941 2471 2018 ubi
2499 1942 2574 2016 in
2605 1940 2959 2041 superiori

294 2067 527 2166 plano
558 2075 729 2143 ante
758 2068 1061 2166 gradum
1091 2068 1335 2144 altaris
1366 2076 1617 2167 parata
1660 2077 1871 2144 erunt
1910 2068 2052 2143 duo
2091 2068 2512 2158 faldistoria,
2541 2092 2765 2141 unum
2801 2092 2961 2143 ver-

290 2218 425 2267 sus
466 2216 696 2269 cornu
738 2195 1043 2292 epistole
1078 2218 1243 2270 cum
1273 2195 1491 2293 pallio
1539 2195 1629 2269 de
1677 2195 2018 2271 broccato
2063 2218 2286 2270 aureo
2326 2196 2759 2281 cremesinO,
2795 2217 2962 2268 cum

294 2317 593 2393 duobus
634 2318 943 2393 cussinis
986 2318 1239 2392 similis
1281 2319 1598 2395 broccati
1639 2344 1769 2417 pro
1808 2320 2411 2395 reverendissimo
2456 2323 2542 2394 D.
2588 2320 2855 2417 legate,
2889 2325 2965 2418 fit

293 2443 499 2519 aliud
537 2467 793 2517 versus
846 2467 1071 2519 cornu
1124 2445 1476 2542 evangelii
1517 2469 1683 2519 cum
1730 2446 1948 2543 pallio
2001 2446 2092 2520 de
2145 2445 2484 2521 broccato
2533 2444 2848 2534 violati0,
2894 2449 2966 2515 et

291 2568 587 2643 dnobus
612 2569 923 2644 cussinis
954 2569 1285 2644 similiter
1312 2569 1629 2645 broccati
1660 2571 1859 2645 aurei
1888 2593 2020 2669 pro
2051 2572 2515 2645 serenissimo
2547 2594 2745 2667 rege.

402 2692 953 2793 Quamprimum
978 2694 1923 2793 reverendissimus'legatus
1955 2704 2026 2772 et
2051 2696 2555 2771 serenissimus
2588 2719 2716 2768 rex
2745 2718 2966 2793 genu-

292 2820 667 2912 flexerint,
704 2820 1292 2919 archiepiscopus
1338 2822 1848 2919 Neapolitanus
1886 2823 2234 2920 prefatus,
2280 2830 2604 2918 utsupra
2641 2827 2960 2918 paratuS‚

294 2952 503 3021 stans
528 2945 609 3017 in
640 2968 983 3043 supremo
1014 2946 1241 3044 gradu
1272 2946 1516 3020 altaris
1546 2947 1617 3019 in
1650 2970 1879 3021 cornu
1909 2948 2211 3045 epistole
2237 2970 2484 3020 versus
2505 2945 2595 3017 ad
2627 2966 2968 3017 reveren-

292 3070 685 3145 dissimum
704 3074 789 3143 D.
807 3070 1155 3168 legatum,
1183 3072 1557 3169 capellano
1580 3096 1741 3163 suo,
1767 3071 2270 3170 superpellicio
2292 3070 2570 3159 induto,
2597 3092 2639 3141 a
2661 3066 2967 3141 sinistris

294 3196 455 3270 suis
494 3196 759 3270 librum
806 3202 1128 3289 tenente,
1164 3220 1252 3273 ex
1302 3221 1388 3273 eo
1441 3198 1629 3273 dicat
1666 3221 1842 3271 voce
1892 3196 2359 3295 competenti,
2397 3195 2624 3269 choro
2673 3217 2968 3292 respon-

290 3323 521 3396 dente
552 3348 567 3394 :

402 3450 483 3539 ᾖ.
543 3447 911 3523 Protea-tor·
938 3462 1198 3541 noster,
1236 3449 1489 3547 aspice,
1519 3453 1732 3542 Deus,

400 3576 487 3665 ἡ.
546 3573 653 3646 Et
674 3576 942 3671 respice
968 3577 1042 3649 in
1069 3577 1331 3675 faciem
1368 3576 1635 3651 Clzristi
1659 3576 1786 3649 tui.

400 3702 486 3790 j.
544 3697 845 3771 Salvum
885 3700 1037 3797 fao,
1082 3699 1411 3791 Domine,
1465 3726 1741 3774 servum
1792 3712 1996 3773 tuum
2039 3697 2438 3773 Johannem
2469 3696 2968 3794 presbyterum

306 3822 769 3914 cardinalem,

394 3949 481 4041 ἡ.
538 3950 743 4023 Deus
770 3974 993 4042 meus,
1028 3964 1427 4047 sperantem
1452 3954 1528 4027 in
1558 3965 1645 4026 te.

396 4082 475 4171 j.
532 4074 747 4149 Mitte
774 4088 865 4167 et,
898 4076 1235 4169 Domine,
1272 4078 1621 4153 auoeilium
1652 4078 1736 4152 de
1766 4077 2054 4167 SanctO,

398 4200 485 4289 ἢ.
540 4199 647 4273 Et
677 4200 765 4273 de
782 4201 985 4299 Syon
1016 4214 1208 4276 tuere
1232 4228 1419 4277 eccm.

400 4333 479 4421 j.
534 4325 1106 4423 Nilzilproficiat
1130 4326 1456 4400 inimicus
1482 4328 1555 4399 in
1588 4350 1691 4417 e0,

404 4450 481 4527 fi.
538 4450 649 4525 Ec
668 4451 869 4549 filius
896 4451 1293 4549 iniquitatis
1322 4475 1466 4525 non
1490 4452 1762 4525 nocebit
1784 4452 1848 4523 ei
1874 4476 1894 4522 :

404 4582 477 4673 Ῡ.
535 4576 865 4667 Domine,
898 4576 1158 4649 eoeaudi
1181 4578 1565 4651 orationem
1590 4600 1844 4665 meam,

406 4705 487 4796 ἢ.
540 4700 649 4777 Et
679 4702 947 4776 clamor
973 4726 1170 4775 meus
1200 4702 1299 4775 ad
1320 4716 1387 4776 te
1420 4704 1672 4776 veniat.

414 4827 491 4919 ᾖ.
546 4827 911 4903 Dominus
944 4828 1318 4918 vobiscum,

418 4951 495 5044 ἡ.
548 4951 665 5027 Et
690 4976 855 5027 cum
884 4954 1141 5050 spiritu
1173 4966 1316 5027 tuo.

1484 5086 1820 5156 OremuS.

418 5206 879 5307 Omnipotens
928 5208 1343 5305 sempiterne
1385 5208 1611 5299 Deus,
1662 5206 1784 5305 qui
1823 5205 2008 5305 facis
2057 5206 2408 5279 mirabilia
2449 5224 2713 5298 maqna
2760 5197 2971 5283 solus,
