3625 6059
283 508 456 617 mars
491 530 634 590 μω]
981 528 1234 610 RERUM
1287 529 1738 587 URBANARUM
1785 531 2310 594 COMMENTARII.
2892 538 2962 594 47

295 680 622 754 officium
661 686 736 753 et
788 684 876 755 D.
915 683 1342 757 Franciscus
1393 685 1483 758 de
1525 686 1817 777 Narnia,
1854 688 2188 786 ejusdem
2231 688 2533 786 predicti
2574 690 2959 764 cardinalis

297 806 690 880 Aleriensis
731 807 1034 883 scutifer
1071 809 1220 883 sive
1253 810 1716 900 secretarius,
1751 809 1967 886 faciet
2000 836 2412 888 sermonem
2442 836 2573 911 pro
2604 813 2785 887 hora
2824 819 2955 903 14;

298 955 434 1029 per
465 955 794 1007 cursores
829 937 956 1007 SS.
997 938 1080 1008 D.
1119 936 1347 1009 nostri
1379 959 1581 1010 more
1615 937 1827 1010 solito
1858 938 2299 1023 intimarem,
2329 947 2543 1035 prout
2574 945 2647 1013 et
2677 940 2843 1013 feci.

391 1058 604 1133 Feria
641 1060 988 1149 secunda,
1035 1066 1078 1131 4
1131 1061 1396 1153 martii,
1443 1060 1519 1135 in
1575 1062 1873 1136 basilica
1928 1064 2159 1138 sancti
2217 1064 2435 1155 Petri,
2490 1064 2734 1139 habite
2798 1071 2968 1139 sunt

283 1184 596 1283 exequie
637 1184 828 1259 hone
876 1185 1226 1260 memorie
1277 1186 1663 1261 cardinalis
1710 1187 2132 1280 Aleriensis,
2182 1189 2446 1288 paratis
2487 1190 2685 1288 prius
2725 1198 2963 1263 castro

289 1309 559 1386 doloris
601 1316 674 1384 et
713 1310 897 1384 aliis.
945 1310 1203 1385 Omnia
1237 1309 1614 1386 observata
1651 1335 1853 1387 more
1891 1314 2129 1387 solito.
2176 1318 2423 1388 Rmus.
2461 1317 2547 1388 D.
2584 1312 2965 1391 cardinalis

289 1434 806 1533 Neapolitanus
850 1435 1124 1533 primus
1173 1442 1520 1511 executor
1571 1438 1989 1512 testamenti
2034 1440 2363 1536 ejusdem
2410 1440 2791 1515 cardinalis
2840 1441 2968 1517 de-

289 1561 518 1634 functi
545 1561 936 1636 celebravit
965 1561 1264 1637 missam
1292 1561 1655 1659 publicam
1701 1564 1775 1636 in
1818 1564 2097 1662 capella
2130 1570 2544 1639 sanctorum
2580 1567 2865 1643 Andree
2898 1574 2971 1642 et

290 1688 653 1785 Gregorii.
695 1687 1178 1761 iuterfuerunt
1229 1687 1478 1760 RRmi.
1528 1690 1676 1761 DD.
1723 1712 1783 1761 s.
1829 1687 2114 1787 Angeli,
2161 1689 2667 1767 Ulixbonensis
2708 1697 2781 1765 et
2826 1696 2967 1767 Re-

285 1814 758 1897 chanatensis
801 1812 1168 1910 episcopi3
1205 1836 1264 1885 s.
1304 1812 1724 1905 clementie,
1751 1814 2165 1905 Januensis,
2202 1814 2292 1889 de
2330 1816 2755 1907 ComitihuS,
2795 1821 2966 1891 Par-

283 1939 594 2028 mensis,
643 1934 1226 2028 Beneventanus,
1267 1962 1326 2010 s.
1365 1939 1746 2014 Anastasie
1783 1947 1855 2013 et
1894 1941 2159 2042 Montis
2202 1942 2515 2039 Regalis,
2556 1941 2963 2040 prebyteri3

282 2064 662 2156 Senensis,
691 2089 753 2137 s.
778 2065 1093 2162 Georgii,
1132 2062 1222 2137 de
1244 2062 1575 2155 sabellis,
1612 2066 2241 2140 vicecancellarius
2272 2072 2345 2143 et
2374 2067 2461 2141 de
2496 2092 2555 2140 s,
2583 2068 2958 2159 Severino,

286 2189 581 2264 diaconi
613 2189 1048 2264 cardinales.

391 2318 816 2391 Orationem
854 2323 1017 2414 post
1052 2318 1354 2391 missam
1394 2319 1468 2390 in
1508 2341 1732 2416 cappa
1764 2318 1935 2391 fecit
1965 2321 2051 2391 D.
2087 2318 2515 2393 Franciscus
2548 2320 2637 2395 de
2667 2320 2959 2409 Narnia,

285 2444 590 2518 scutifer
632 2444 779 2515 sive
825 2444 1258 2518 secretarius
1304 2443 1652 2535 defuncti,
1699 2451 1770 2519 et
1825 2468 1990 2518 cum
2044 2445 2457 2519 celebrante
2489 2444 2961 2521 absolverunt

284 2569 540 2643 RRmi.
571 2572 722 2643 DD.
755 2592 816 2641 s,
847 2568 1266 2661 ClementiS,
1295 2570 1736 2661 Parmensis,
1766 2572 2318 2645 Beneventanus
2352 2576 2424 2645 et
2448 2594 2506 2644 s.
2533 2571 2911 2645 Anastasio
2943 2595 2958 2644 :

288 2695 540 2769 omnia
585 2696 775 2769 facta
827 2703 996 2769 sunt
1048 2695 1120 2768 in
1167 2696 1548 2773 Vaticano·
1590 2698 1919 2771 Castrum
1968 2696 2239 2771 doloris
2292 2696 2425 2770 fuit
2470 2702 2964 2793 computatum

287 2820 650 2895 columnis
684 2820 862 2905 suiS,
894 2820 1196 2917 longum
1226 2820 1486 2916 palmis
1513 2845 1758 2913 xxvm,
1785 2821 2071 2917 largum
2100 2846 2221 2911 xx,
2253 2820 2479 2896 altum
2510 2846 2653 2911 xm,
2689 2821 2782 2895 ad
2811 2846 2966 2895 sec-

273 2955 436 3026 tum
471 2954 718 3022 tamen
747 2946 974 3021 altum
1006 2952 1080 3019 et
1109 2946 1380 3043 optime
1413 2946 1800 3020 formatum
1840 2970 1973 3043 pro
2011 2947 2343 3043 augustia
2367 2946 2511 3019 loci
2546 2952 2617 3019 et
2642 2945 2962 3042 positum

275 3099 416 3171 per
445 3096 666 3147 unam
697 3072 1020 3147 casinam
1061 3071 1250 3144 inter
1279 3071 1632 3169 capellam
1675 3096 1732 3145 s.
1777 3070 2069 3145 Andree
2112 3076 2184 3143 et
2231 3070 2525 3167 Georgii
2570 3075 2643 3145 et
2680 3070 2773 3143 ad
2802 3093 2960 3143 cas-

281 3204 482 3272 trum
555 3196 964 3294 predictum
1024 3195 1260 3292 posita
1322 3195 1614 3269 fuerunt
1681 3218 1980 3271 scamna
2054 3195 2365 3293 triplicia
2434 3194 2527 3269 ad
2591 3195 2960 3271 dexteram

277 3322 622 3397 intrantis
648 3318 985 3396 eamdem
1017 3318 1366 3417 capellam
1403 3324 1474 3394 et
1511 3321 1814 3397 totidem
1845 3320 1937 3396 ad
1968 3322 2356 3411 sinistram,
2394 3321 2493 3394 ita
2533 3321 2723 3416 quod
2755 3320 2830 3394 in
2856 3322 2961 3395 eis

281 3446 630 3521 sedentes
678 3444 772 3518 ad
813 3469 1033 3517 unum
1084 3444 1271 3517 latus
1314 3443 1674 3519 haberent
1720 3448 2069 3544 capellam
2118 3446 2517 3545 predictam
2557 3452 2628 3523 et
2670 3448 2763 3523 ad
2806 3472 2965 3523 cas-

273 3578 480 3653 trum
517 3569 788 3645 doloris
819 3569 1073 3666 prelati
1104 3569 1346 3666 palatii
1379 3568 1719 3644 sederunt
1746 3570 1821 3643 in
1850 3570 2087 3667 primo
2128 3593 2425 3645 scamno
2460 3569 2552 3643 ad
2591 3570 2961 3645 dexteram

279 3694 620 3770 intrantis
671 3700 749 3781 et,
786 3693 1042 3793 prelati
1093 3701 1418 3769 oratores
1478 3694 1554 3767 in
1603 3695 1744 3769 alio
1792 3696 2027 3794 primo
2079 3695 2173 3769 ad
2220 3695 2587 3769 sinistram
2631 3694 2961 3769 intrantis

277 3820 644 3921 capellam
685 3844 744 3893 s,
778 3818 1069 3892 Andree
1112 3826 1184 3894 et
1216 3820 1544 3918 Gregorii
1586 3844 1758 3919 sepe
1802 3822 2075 3897 dictam
2112 3827 2184 3897 et
2211 3846 2345 3920 pos
2390 3845 2519 3898 eos
2556 3820 2677 3895 alii
2708 3819 2959 3919 prelati

277 3948 464 4022 etin
497 3947 644 4021 fine
671 3968 927 4020 eorum
965 3944 1417 4034 subdiaconi,
1451 3947 1907 4045 coadjutores
1934 3951 2089 4019 rote
2123 3969 2139 4020 τ
2179 3943 2583 4019 cardinales
2616 3942 2959 4018 sederunt

275 4075 353 4147 in
393 4074 660 4149 eadem
718 4072 994 4171 capella
1040 4078 1257 4170 prout
1305 4070 1544 4147 facere
1591 4072 1852 4164 solent,
1897 4076 2090 4171 Papa
2137 4077 2503 4170 presente,
2552 4069 2889 4144 videlicet
2920 4094 2963 4143 a

279 4224 514 4275 cornu
566 4198 872 4299 epistole
916 4204 988 4272 et
1025 4197 1310 4299 diaconi
1356 4198 1446 4271 ad
1495 4198 1862 4273 sinistram
1897 4198 2255 4288 intrantiS,
2288 4194 2617 4271 videlicet
2658 4220 2700 4269 a
2731 4218 2959 4269 cornu

279 4323 673 4429 evangelii,
697 4324 900 4431 licet,
929 4346 1092 4397 meo
1119 4323 1422 4421 judicio,
1455 4324 2001 4399 convenientius
2034 4322 2285 4396 fuisset
2311 4320 2717 4396 contrarius
2748 4320 2952 4395 ordo,

281 4457 634 4529 Oratores
669 4447 838 4523 laici
887 4448 1233 4523 sederunt
1277 4448 1354 4523 in
1405 4473 1702 4525 scamno
1733 4448 1825 4525 ab
1870 4447 2136 4545 angulo
2174 4453 2340 4545 post
2380 4446 2605 4521 altare
2645 4471 2689 4520 a
2731 4468 2958 4519 cornu

283 4576 592 4677 epistole
645 4598 894 4649 versus
943 4573 1309 4647 hanchum
1361 4575 1869 4673 episcoporum
1914 4573 2389 4648 cardinalium
2426 4573 2689 4670 posito,
2723 4571 2961 4669 pulpi-

285 4708 439 4779 tum
471 4724 614 4801 pro
661 4700 992 4775 oratione
1031 4700 1350 4796 positum
1400 4700 1488 4773 ab
1517 4708 1738 4785 ¹extra
1783 4701 1874 4775 ad
1921 4698 2298 4773 introitum
2337 4697 2525 4772 dicte
2578 4697 2853 4797 capelle
2890 4704 2961 4771 et

285 4834 824 4925 consequenter
867 4824 1002 4898 fuit
1047 4824 1233 4899 liber
1280 4826 1618 4899 introitus
1665 4832 1738 4901 et
1783 4825 1873 4899 ab
1924 4823 2184 4899 eodem
2246 4824 2567 4899 secunda
2622 4824 2961 4900 columna

287 4955 470 5031 infra
526 4975 828 5029 scamno
880 4951 1205 5049 predicto
1259 4975 1388 5048 pro
1446 4950 1738 5049 prelatis
1779 4949 1871 5025 ad
1918 4948 2206 5024 tertiam
2264 4950 2679 5025 columnam
2730 4973 2959 5047 usque

288 5084 380 5157 ad
403 5108 472 5157 ιι
503 5079 854 5156 inclusive
886 5076 1077 5151 inter
1115 5076 1432 5173 singulas
1474 5077 1851 5157 columnas
1888 5074 2123 5173 posite
2168 5076 2459 5153 fuerunt
2500 5101 2718 5178 supra
2743 5076 2957 5174 plano

291 5214 601 5307 capsette
661 5228 799 5307 pro
857 5200 1137 5276 duobus
1197 5199 1612 5294 intorticiiS,
1670 5206 1742 5275 et
1808 5200 1911 5272 in·
1951 5203 2366 5299 oppositum
2424 5224 2682 5301 parum
2747 5220 2963 5295 supra
