3625 6059
285 600 614 665 [Decembre
649 602 795 663 1⁴92]
977 599 1232 659 RERUM
1278 598 1735 659 URBANARUM
1776 602 2307 689 COMMENTARII.
2946 608 2981 661 9

281 764 366 832 et
398 754 798 845 secundus;
836 754 1093 829 tertius
1133 754 1322 829 inter
1356 755 1715 853 prelatum
1755 757 1997 854 palatii
2034 782 2075 831 a
2114 757 2417 849 dextriS,
2444 766 2517 833 et
2556 762 2640 832 D.
2682 758 2970 857 episco-

281 905 474 981 pum
505 886 1036 955 Dertonensem
1067 886 1429 955 oratorem
1464 880 1664 954 ducis
1699 882 2255 957 Mediolanensis
2287 908 2331 958 a
2362 883 2672 957 sinistris
2699 912 2714 972 3
2751 908 2969 981 quar-

285 1014 412 1083 tus
453 1006 784 1081 similiter
815 1005 1004 1079 inter
1041 1006 1401 1105 prelatum
1439 1006 1687 1103 palatii
1733 1031 1776 1081 a
1815 1007 2087 1081 dextris
2130 1016 2202 1081 et
2242 1009 2621 1083 dominum
2666 1010 2979 1107 Stepha-

291 1156 477 1207 num
519 1132 926 1206 Tabernam
959 1132 1178 1206 etiam
1210 1138 1573 1207 oratorem
1606 1132 1933 1231 ejusdem
1958 1132 2161 1207 ducis
2191 1158 2233 1207 a
2262 1134 2601 1207 sinistris.
2640 1133 2971 1206 Aliorum

287 1264 663 1333 oratorum
716 1257 956 1331 nullus
1025 1256 1090 1330 ei
1159 1255 1441 1331 obviam
1502 1258 1720 1332 venit.
1771 1258 2192 1333 Habuerunt
2247 1260 2513 1333 salmas
2584 1259 2847 1333 decem
2902 1266 2977 1334 et

287 1406 526 1481 equos
577 1406 664 1457 ac
724 1382 1011 1470 mulos;
1080 1386 1287 1456 erant
1349 1381 1859 1479 quadraginta,
1914 1383 2439 1459 mercatoribus
2491 1384 2975 1460 Januensibus

287 1508 566 1599 mixtis,
600 1508 721 1605 qui
754 1531 882 1582 eos
913 1506 1483 1581 associaverunt.

397 1631 602 1706 Feria
629 1636 910 1727 quarta,
948 1636 990 1704 5
1023 1629 1454 1722 decembriS‚
1484 1634 1609 1709 SS.
1649 1614 1742 1707 D.
1775 1636 1861 1707 N.
1898 1640 2190 1729 paratus
2221 1633 2511 1731 pluviali
2546 1635 2776 1709 rubeo
2804 1659 2970 1709 cum

309 1756 536 1853 perlis
582 1779 667 1829 ac
714 1756 928 1830 mitra
974 1754 1320 1852 preciosis
1369 1756 1564 1831 venit
1606 1756 1696 1831 ad
1747 1759 2033 1833 tertiam
2088 1760 2325 1833 aulam
2377 1767 2801 1835 consuetam
2843 1785 2977 1858 pro

307 1880 604 1978 publico
643 1879 1072 1955 consistorio
1117 1888 1472 1978 paratam,
1506 1882 1578 1955 iu
1627 1904 1770 1979 quo
1822 1882 2340 1957 illustrissimus
2401 1888 2705 1960 Hermes
2754 1886 2979 1959 Maria

311 2003 582 2077 Sfortia
620 2026 789 2078 cum
836 2012 1148 2101 quatuor
1183 2003 1342 2078 aliis
1382 2006 1788 2079 oratoribus
1834 2006 2183 2079 Johannis
2230 2006 2531 2082 Galeatii
2577 2007 2781 2081 ducis
2821 2012 2976 2081 Me-

307 2128 582 2203 diolani
613 2134 686 2205 et
707 2129 1044 2204 Ludovici
1067 2129 1268 2204 ducis
1300 2130 1516 2220 Barii,
1545 2130 1985 2233 presentatis
2017 2154 2107 2205 ex
2136 2154 2341 2206 more
2368 2130 2647 2207 duabus
2678 2132 2975 2206 diversis

305 2256 738 2331 eorumdem
783 2256 1050 2330 ducum
1079 2256 1306 2331 literis
1351 2256 1933 2347 credentialibuS‚
1976 2256 2279 2354 prestitit
2324 2257 2816 2333 obedientiam
2858 2283 2979 2335 so-

304 2382 516 2457 litam
568 2386 640 2455 et
679 2387 1104 2456 consuetam
1146 2384 1272 2456 SS.
1321 2386 1405 2456 D.
1461 2386 1545 2455 N.
1590 2382 1945 2456 Associati
1984 2383 2276 2456 fuerunt
2320 2381 2494 2457 dicti
2526 2390 2852 2457 oratores
2884 2408 2973 2459 ex

301 2532 530 2608 parva
572 2508 848 2605 capella
885 2531 1017 2604 per
1065 2530 1194 2580 sex
1232 2508 1566 2580 dominos
1609 2508 2060 2599 assistenteS,
2106 2507 2441 2583 videlicet
2490 2507 2975 2605 archiepisco-

299 2658 484 2734 pum
523 2633 994 2707 Cusentinum
1033 2638 1108 2706 et
1146 2636 1627 2717 Castreusem,
1663 2632 2259 2723 Tricaricensem,
2301 2632 2719 2721 Dolensem‚
2752 2633 2974 2708 Vola-

303 2768 638 2835 teranum
681 2764 750 2833 et
793 2757 1356 2831 Alexandrinum
1401 2756 1782 2854 episcopos
1824 2758 1913 2829 ad
1952 2758 2391 2854 presentiam
2426 2760 2555 2831 SS.
2590 2762 2674 2831 D.
2712 2760 2966 2832 nostri.

299 2886 724 2959 Orationem
755 2882 926 2957 fecit
955 2886 1042 2956 D.
1075 2887 1294 2957 Jason
1323 2885 1651 2980 MaynuS‚
1688 2882 1981 2978 quintus
2013 2888 2410 2973 oratorum,
2436 2890 2600 2981 post
2626 2906 2843 2980 quem
2878 2884 2971 2982 (1)
3077 2914 3083 2922 ·

371 3132 424 3187 1.
467 3128 544 3184 Le
589 3126 842 3184 discours
895 3126 964 3182 de
1008 3126 1178 3183 Jason
1233 3128 1473 3200 Maynus
1521 3142 1581 3182 se
1625 3131 1819 3182 trouve
1864 3126 2002 3183 dans
2050 3126 2231 3201 Lunig
2275 3143 2291 3183 z
2351 3127 2635 3184 Orationes
2684 3144 2971 3200 procerum

297 3222 603 3289 Europae...
635 3222 678 3273 t.
713 3217 755 3286 Ι,
788 3233 842 3290 p.
877 3216 998 3271 113.
1031 3216 1112 3271 En
1141 3214 1280 3272 voici
1310 3215 1390 3271 les
1419 3232 1692 3288 passages
1722 3212 1804 3270 les
1834 3214 1957 3289 plus
1988 3213 2391 3287 remarquables
2427 3232 2442 3273 ε

373 3328 404 3357 κ
541 3304 714 3361 Nemo
752 3304 917 3363 etiam
954 3304 1256 3361 litterarum
1304 3303 1629 3373 eruditione,
1670 3322 1793 3360 cum
1836 3304 2005 3379 longo
2043 3322 2223 3361 rerum
2266 3322 2391 3374 usu,
2432 3310 2485 3361 te
2528 3305 2755 3363 doctior.
2800 3305 2971 3363 Nemo

289 3397 450 3453 varia
492 3404 549 3454 et
585 3394 873 3468 multiplici
909 3395 1200 3452 multarum
1240 3393 1798 3467 rerum-experientia
1838 3393 2173 3469 prudentior.
2220 3394 2392 3452 Nemo
2440 3394 2607 3468 longa
2650 3401 2707 3451 et
2746 3395 2973 3452 assidua

285 3484 638 3541 diversarum
669 3484 916 3557 gentium
943 3484 1342 3541 consuetudine
1371 3484 1426 3539 in
1458 3482 1754 3541 noscendis
1784 3500 1849 3541 ac
1878 3482 2140 3541 librandis
2170 3483 2482 3540 hominibus
2513 3483 2769 3543 callidior.
2802 3485 2971 3541 Nemo

291 3592 484 3631 rerum
513 3573 862 3647 antiquarum
891 3592 954 3632 ac
983 3591 1247 3630 novarum
1283 3572 1594 3647 cognitione
1633 3571 1876 3648 peritior,
1906 3590 2065 3629 nemo
2095 3568 2301 3631 morum
2334 3574 2679 3648 antiquorum
2706 3592 2771 3632 ac
2798 3592 2969 3631 novo-

293 3680 422 3719 rum
451 3662 686 3718 scientia
713 3663 1064 3735 prestantior.
1095 3663 1218 3721 Jam
1246 3663 1406 3719 annis
1438 3670 1649 3737 septem
1687 3670 1744 3718 et
1774 3661 2001 3735 triginta
2028 3662 2395 3719 cardinalatus
2426 3663 2635 3738 apicem
2666 3672 2888 3721 evectus
2916 3672 2971 3720 et

293 3750 464 3826 paulo
502 3759 632 3825 post
667 3751 723 3807 in
764 3750 1264 3809 vicecancellarium
1309 3758 1626 3827 assumptus
1668 3768 1780 3809 non
1822 3751 1999 3809 solum
2027 3750 2290 3808 Romanae
2322 3751 2495 3809 Curiae
2528 3758 2705 3810 'mores
2742 3770 2806 3809 ac
2833 3752 2970 3810 ritus

293 3858 491 3897 omnes
539 3839 870 3915 percaluisti‚
921 3858 1030 3898 non
1077 3841 1252 3898 solum
1299 3839 1652 3899 ecclesiarum
1689 3858 1753 3898 ac
1799 3840 2293 3899 ecclesiasticarum
2322 3859 2677 3916 personarum
2720 3842 2973 3899 instituta

289 3946 605 4003 causasque
651 3929 896 3987 didicisti
924 3948 1113 3988 verum
1143 3932 1306 3988 etiam
1346 3931 1638 3989 secretoria
1659 3948 1897 4005 quaeque
1926 3930 2272 4006 populorum,
2303 3930 2609 4001 nationum,
2639 3920 2967 4004 principum,

293 4036 494 4093 regum
542 4020 769 4093 negotia
813 4021 1220 4094 pertactasti....
1269 4022 1374 4078 Pro
1418 4020 1719 4095 apostolica
1756 4022 1887 4078 sede
1926 4019 2077 4077 varia
2105 4019 2324 4076 functus
2371 4025 2465 4076 est·
2486 4018 2780 4092 legatione,
2828 4035 2972 4091 prar-

289 4108 482 4167 sertim
521 4108 904 4183 Hispaniensi,
933 4109 1219 4167 Picentina
1257 4116 1312 4167 et
1347 4110 1732 4184 parthenopea
1767 4127 1879 4167 non
1922 4108 2102 4166 minus
2134 4108 2409 4182 sapienter
2437 4114 2491 4163 et
2517 4123 2777 4182 prospere
2806 4123 2965 4179 quam

285 4196 532 4269 gloriose
563 4200 640 4271 (p.
675 4200 890 4269 118)....
926 4220 955 4251 n

358 4308 390 4337 «ι
429 4286 682 4343 Accessit
715 4288 900 4343 formae
931 4288 1206 4364 elegantia
1234 4304 1356 4361 quae
1387 4287 1573 4346 virtuti
1603 4288 1932 4363 suffragium
1972 4288 2145 4358 addit,
2186 4286 2295 4345 leta
2322 4286 2495 4356 fronS,
2526 4285 2741 4361 regium
2772 4302 2965 4361 super-

286 4378 493 4447 cilium,
521 4377 693 4435 facies
721 4378 960 4437 liberalis
992 4387 1046 4437 et
1070 4386 1186 4437 tota
1209 4378 1512 4452 majestatis
1543 4376 1723 4451 plena,
1755 4378 2033 4451 ingenuus
2076 4382 2133 4433 et
2166 4376 2421 4434 heroicus
2463 4395 2478 4431 ε
2518 4374 2688 4433 totius
2725 4373 2969 4448 corporis

285 4468 472 4537 decor,
515 4474 577 4525 ut.
611 4474 894 4543 appareat,
933 4476 1202 4527 maturam
1247 4485 1465 4542 quoque
1507 4468 1693 4523 formae
1741 4465 2065 4539 dignitatem
2111 4465 2407 4524 indulcisse
2438 4467 2560 4537 quae
2590 4464 2687 4521 tibi
2732 4464 2967 4539 primum

288 4555 522 4613 multum
567 4558 762 4631 gratiae
801 4564 856 4613 et
891 4557 1260 4616 venerationis
1299 4556 1606 4630 acquireret
1642 4562 1696 4613 et
1731 4573 1879 4611 nunc
1917 4555 2273 4630 apostolicam
2306 4556 2494 4613 sedem
2522 4554 2626 4609 hac
2664 4562 2760 4610 tua
2788 4552 2969 4609 divina

283 4644 460 4701 forma
487 4644 651 4718 quasi
687 4645 930 4703 numinis
966 4646 1084 4702 vice
1122 4648 1363 4703 decorat..
1400 4669 1436 4699 »·
1460 4647 1524 4702 P.
1563 4648 1682 4704 127.
1719 4644 1801 4702 On
1842 4652 1975 4718 peut
2011 4662 2293 4719 comparer
2320 4648 2353 4699 a
2382 4660 2443 4699 ce
2472 4642 2697 4717 pertrait
2723 4642 2797 4698 du
2827 4660 2967 4717 pape

282 4734 424 4793 celui
453 4736 620 4809 qu'en
651 4754 686 4791 a
713 4740 862 4793 trace
890 4735 1260 4811 Hieronymus
1290 4735 1520 4793 Porcius
1549 4738 1694 4811 (voy.
1730 4740 1764 4791 a
1792 4734 1956 4809 l’app.
1990 4747 2055 4788 no
2087 4735 2161 4806 1).

353 4824 571 4899 Gaspar
597 4826 668 4881 de
697 4824 934 4895 Verone,
966 4825 1060 4900 qui
1089 4826 1236 4883 avait
1265 4831 1350 4883 ete
1382 4825 1430 4882 le
1458 4830 1782 4900 precepteur
1809 4824 1887 4879 du
1913 4820 2367 4879 vice-chancolier
2401 4820 2619 4893 Borgia,
2658 4821 2807 4879 avait
2843 4822 2965 4897 deja

275 4912 594 4971 mentionne
624 4912 678 4971 la
705 4914 908 4973 beaute
945 4916 1014 4972 de
1051 4934 1152 4973 son
1191 4916 1363 4986 eleve,
1403 4913 1550 4972 alors
1589 4917 1691 4986 age
1729 4914 1798 4969 de
1836 4910 2145 4984 vingt-cinq
2176 4928 2248 4967 ou
2274 4910 2553 4986 vingt-six
2581 4928 2703 4981 ans,
2738 4918 2793 4969 et
2820 4914 2964 4968 avait

273 5003 370 5060 fait.
411 5002 652 5061 allusion
691 5006 724 5059 a
763 5003 984 5061 l’attrait
1027 5004 1384 5080 magnetique
1422 5004 1551 5080 qu'il
1584 5004 1824 5074 exercait
1852 5020 1948 5061 sur
1976 5002 2055 5059 les
2086 5003 2331 5075 femmeS,
2368 5002 2499 5078 qu’il
2536 5003 2683 5061 aima
2714 5009 2865 5060 toute
2896 5022 2960 5061 sa

267 5092 369 5149 vie.
412 5116 440 5145 κ
485 5094 870 5152 ...Formosus
901 5099 988 5150 est
1017 5096 1561 5167 (vicecancellarius),
1593 5092 1863 5151 letissimo
1900 5092 2060 5150 vultu
2098 5101 2437 5168 aspectuque
2467 5094 2735 5167 jucund0,
2767 5093 2959 5166 lingua

269 5188 458 5239 ornata
499 5191 672 5257 atque
718 5180 998 5251 melliflua,
1047 5183 1142 5256 qui
1179 5183 1434 5241 mulieres
1473 5182 1727 5258 egregias
1755 5183 1907 5241 visas
1936 5184 2009 5241 ad
2038 5200 2098 5241 se
2128 5184 2424 5241 amandum
2462 5182 2671 5257 gratior
2704 5180 2871 5239 allicit
2899 5188 2955 5238 et.

271 5270 461 5328 mirum
499 5273 556 5329 in
585 5270 816 5328 modum
847 5271 1081 5329 concitat
1108 5272 1232 5345 plus
1267 5290 1432 5347 quam
1459 5290 1688 5345 magnes
1717 5271 1919 5329 ferrum
1961 5291 1973 5330 ε
2018 5290 2156 5347 quas
2186 5278 2367 5329 tamen
2405 5271 2641 5327 intactas
2678 5269 2952 5327 dimittere
