3625 6059
728 599 835 654 496
1641 595 1991 653 JOHANNIS
2037 594 2475 666 ssuacaanm,
2911 599 3236 661 [secema
3271 601 3398 666 mel

731 751 913 826 ficus
946 756 1031 827 D.
1070 751 1471 826 Ludovicus
1504 751 1595 826 de
1624 752 2024 843 villanova,
2059 753 2236 826 baro
2283 753 2372 826 de
2405 755 2658 842 TranS‚
2691 751 3192 827 cambellanus
3225 753 3396 848 regis

737 879 1064 961 Francie,
1100 901 1231 976 per
1260 877 1599 952 eumdem
1648 901 1895 976 regem
1925 900 2058 975 pro
2099 901 2187 952 eo
2230 876 2492 951 missus
2533 884 2607 953 et
2641 878 3011 952 Johannes
3049 876 3396 952 Jordanus

731 1004 819 1077 de
870 1002 1180 1096 Ursinis,
1218 1009 1291 1076 et
1323 1002 1524 1078 duxit
1572 1026 1819 1078 secum
1863 1003 2129 1078 multos
2166 1003 2509 1100 juvenes3
2545 1011 2619 1077 ut
2667 1003 3014 1094 intellexi,
3057 1027 3396 1100 magnum

730 1128 1153 1203 thesaurum
1183 1135 1512 1227 portasse
1546 1128 1819 1203 dictum
1851 1129 2008 1218 fuit,
2041 1134 2113 1203 et
2137 1129 2324 1204 inter
2354 1129 2496 1203 alia
2527 1129 2832 1206 relatum
2867 1128 3001 1202 suit
3033 1127 3282 1224 plures
3301 1126 3392 1199 vel

678 1327 687 1336 ,
732 1253 997 1326 multos
1030 1277 1117 1326 ex
1152 1253 1355 1350 equis
1386 1253 1534 1326 suis
1564 1253 1872 1328 ferratos
1902 1253 2124 1327 fuisse
2162 1253 2368 1328 ferris
2399 1255 2761 1351 argenteis
2789 1261 2920 1354 (1).

802 1495 853 1552 1.
900 1495 1071 1551 Cesar
1110 1492 1313 1567 Borgia
1350 1511 1411 1549 se
1450 1493 1627 1552 rendit
1664 1512 1733 1550 en
1779 1493 1985 1551 Franco
2025 1517 2054 1545 «
2095 1512 2162 1550 en
2201 1495 2256 1550 Ia
2291 1495 2424 1566 plus
2457 1495 2670 1564 mande
2709 1511 2912 1567 pompe
2949 1501 3004 1550 et
3051 1495 3292 1552 richesae
3325 1495 3386 1550 du

728 1587 923 1642 monde
956 1605 1006 1641 ».
1041 1583 1117 1640 Sa
1145 1583 1305 1640 lettre
1335 1583 1403 1638 de
1432 1587 1680 1656 creance,
1712 1583 1978 1656 ecritedc
2007 1582 2059 1640 la
2085 1583 2232 1640 main
2259 1583 2335 1638 du
2367 1583 2537 1658 Pape,
2571 1582 2704 1641 etait
2730 1582 2876 1640 ainsi
2903 1601 3114 1655 conque
3147 1603 3166 1642 ε

1808 1731 1838 1761 «
1869 1710 1912 1766 Ι.
1949 1709 2016 1765 H.
2049 1709 2112 1766 S.
2146 1708 2322 1766 Maria

1504 1821 1533 1850 «
1564 1799 1875 1855 Alexander
1905 1800 2013 1856 ΡΡ.
2048 1798 2143 1868 VI,
2175 1816 2339 1856 manu
2370 1797 2610 1874 propria.

798 1907 1093 1964 CariSSIme
1122 1907 1177 1962 in
1207 1905 1423 1963 Christo
1454 1905 1530 1961 fili
1560 1913 1769 1976 noster,
1798 1906 2030 1964 salutem
2062 1912 2118 1963 et
2143 1905 2500 1981 apostolicam
2527 1906 2990 1965 benedictionem.
3017 1908 3384 1964 Desiderantoe

725 1997 948 2053 omnino
976 2003 1067 2055 tue
1096 2002 1152 2053 et
1178 2002 1365 2054 nostre
1397 1995 1711 2053 satisfacere
1740 1995 2009 2053 voluntati
2040 1995 2381 2054 destinamus
2411 1996 2686 2072 Majestati
2713 2003 2806 2054 tue
2833 2015 2929 2054 cor
2957 2004 3234 2066 nostrum,
3253 1997 3386 2052 vide·

726 2085 851 2142 licet
876 2085 1131 2144 dilectum
1154 2084 1325 2142 filium
1355 2087 1547 2142 ducem
1588 2086 2052 2153 valentinensem,
2087 2105 2196 2162 quo
2237 2087 2375 2143 nihil
2408 2087 2586 2145 carius
2627 2087 2918 2158 habemus,
2947 2095 3014 2145 ut
3052 2087 3126 2145 sit
3161 2087 3384 2144 certissi-

722 2193 869 2231 mum
909 2182 964 2233 et
998 2174 1339 2232 carissimum
1379 2175 1599 2250 signum
1638 2176 1812 2233 nostri
1854 2176 1910 2231 in
1950 2175 2344 2233 Celsitudinem
2373 2183 2468 2233 tua
2504 2177 2724 2245 caritas,
2765 2178 2854 2234 cui
2881 2177 3068 2252 ipsum
3108 2195 3222 2234 non
3249 2177 3384 2232 aliter

724 2261 1167 2324 commendamus
1203 2265 1301 2321 sed
1340 2284 1459 2323 eam
1496 2272 1707 2324 tantum
1756 2255 2039 2341 rogamus,
2079 2267 2211 2325 velit
2250 2286 2374 2324 eum
2411 2266 2538 2325 fidei
2577 2266 2754 2342 Regie
2791 2275 2884 2326 tue
2927 2269 3286 2326 commissum
3325 2283 3378 2324 eo

721 2355 884 2413 modo
914 2361 1165 2424 tractare,
1194 2363 1256 2412 ut
1291 2372 1483 2412 omnes
1512 2355 1677 2412 etiam
1708 2373 1803 2430 pro
1849 2355 2222 2414 consolatione
2253 2364 2444 2413 nostra
2469 2355 2780 2431 intelligant
2819 2374 2856 2413 a
2879 2358 3180 2432 Majestate
3221 2365 3310 2414 tua
3333 2355 3378 2412 in

724 2463 885 2502 suurn
921 2445 1141 2501 omnino
1182 2451 1466 2518 acceptum
1507 2444 1697 2503 fuisse.
1735 2447 1931 2502 Datum
1972 2445 2146 2502 Rome
2185 2446 2331 2520 apud
2371 2452 2620 2504 sanctum
2660 2448 2904 2518 Petrum,
2937 2446 3030 2505 die
3069 2448 3238 2522 xxvnj
3269 2464 3374 2520 sep·

724 2537 973 2596 tembriS.

797 2645 1227 2790 2tbgggtissimo
1254 2734 1311 2790 in
1340 2733 1559 2790 Christo
1589 2730 1700 2790 filio
1728 2737 1920 2789 nostro
1950 2731 2090 2806 Regi
2120 2733 2450 2790 Francorum
2479 2729 2974 2792 christianissimo.
2991 2755 3024 2784 »
3047 2734 3212 2806 (Bibl.
3241 2733 3372 2791 Nat..

725 2822 887 2880 fonds
918 2823 1114 2894 franc„
1144 2841 1283 2880 msS.
1315 2824 1475 2892 8465,
1510 2821 1547 2879 f.
1572 2822 1687 2894 13.)

796 2911 967 2969 Cesar
994 2910 1126 2971 etait
1153 2929 1221 2970 en
1250 2919 1405 2970 outre
1426 2919 1648 2986 porteur
1664 2911 1832 2968 d’une
1862 2909 2018 2968 lettre
2039 2929 2178 2986 pour
2205 2913 2281 2969 M.
2311 2913 2379 2970 de
2407 2910 2746 2988 Bouchaige,
2767 2914 2906 2971 dont
2933 2912 2986 2971 la
3013 2919 3212 2970 teneur
3243 2911 3372 2967 suit:

1736 3061 1765 3090 «
1806 3036 2118 3094 Alexander
2146 3037 2258 3094 ΡΡ.
2293 3037 2384 3095 VI.

796 3171 825 3198 «
866 3145 1073 3204 Dilecta
1112 3145 1189 3202 fili
1231 3145 1462 3204 salutem
1502 3152 1557 3201 et
1594 3143 1949 3220 apostolicam
1997 3143 2452 3203 benedictionem.
2493 3143 2814 3202 Venientem
2845 3145 2990 3203 istuc
3025 3147 3098 3204 ad
3129 3143 3368 3203 Christis·

720 3235 1011 3292 nissimum
1050 3235 1261 3309 Regem
1296 3234 1551 3292 dilectum
1586 3233 1757 3291 fllium
1810 3233 2049 3290 nobilem
2085 3232 2261 3290 virum
2305 3233 2564 3290 Cesarem
2601 3234 2858 3309 Borgiam
2899 3236 3110 3292 Ducem
3153 3231 3368 3292 Valenti·

720 3341 949 3382 nensem
980 3323 1247 3381 nobilitati
1280 3331 1371 3382 tue
1410 3323 1669 3380 duximus
1698 3323 2226 3394 commendandum;
2258 3341 2422 3398 quam
2459 3325 2739 3406 hortamur
2768 3331 2824 3381 et
2851 3343 3116 3399 rogamus
3149 3324 3298 3382 enixe
3321 3329 3372 3376 ut

720 3412 779 3468 in
818 3413 904 3469 sui
935 3413 1202 3487 suscipiat
1230 3412 1459 3470 consilio
1502 3418 1555 3470 et
1589 3412 1770 3469 favore
1808 3411 2012 3487 quibus
2042 3411 2261 3486 poterit,
2292 3413 2530 3487 adjuvet.
2563 3413 2675 3470 Nos
2707 3411 2852 3470 enim
2882 3431 3066 3486 neque
3097 3413 3198 3470 tibi
3232 3410 3360 3486 quic-

721 3519 885 3576 quam
924 3501 1231 3558 accuratius
1273 3503 1652 3559 commendare
1688 3519 2002 3576 possemus,
2041 3519 2222 3576 neque
2259 3509 2320 3559 tu
2357 3501 2466 3558 ulla
2503 3502 2560 3558 in
2599 3519 2655 3560 re
2691 3503 2799 3560 alia
2847 3502 3028 3577 magis
3073 3497 3362 3577 gratificari.

722 3591 921 3648 Datum
958 3589 1131 3646 Rome
1170 3590 1319 3663 apud
1357 3591 1619 3648 Sanctum
1669 3593 1914 3662 Petrum,
1957 3591 2063 3648 sub
2101 3590 2304 3648 annulo
2341 3591 2653 3666 piscatoriS,
2695 3592 2783 3649 die
2821 3593 3010 3668 xxvmj
3053 3588 3366 3668 Septembris

722 3681 906 3736 Mcccc
936 3679 1211 3752 Lxxxxnj,
1243 3679 1600 3738 Pontificatus
1632 3682 1805 3739 nostri
1834 3699 1977 3740 anno
2006 3679 2258 3757 septimo,
2293 3705 2323 3734 »

2350 3795 2378 3823 «
2411 3771 2474 3830 L.
2507 3769 2946 3829 PodocatharuS.
2971 3793 2999 3822 υ

795 3863 881 3920 Au
910 3862 1009 3920 dos
1044 3877 1057 3918 ε

791 3976 819 4004 (ι
853 3951 1063 4010 Dilecto
1104 3951 1215 4009 filio
1257 3952 1425 4010 nobili
1454 3953 1567 4010 viro
1609 3953 1831 4010 domino
1870 3955 1938 4010 de
1977 3935 2318 4026 Bouchaige,
2359 3950 2706 4009 Cambellano
2746 3950 2917 4025 regio.
2961 3974 2990 4002 n
3033 3952 3199 4024 (Bibl.
3239 3949 3366 4007 Nat,

716 4037 877 4099 fonds
905 4043 1076 4113 franc:
1108 4061 1247 4100 msa.
1278 4042 1442 4114 8465,
1476 4042 1513 4100 f.
1548 4044 1659 4114 14.)

791 4132 1085 4189 Brantome
1132 4138 1389 4206 rapporte
1431 4131 1595 4202 ainsi,
1626 4131 1844 4206 d’apres
1887 4150 1994 4189 une
2027 4131 2257 4189 relation
2285 4131 2416 4189 faite
2443 4133 2522 4189 'de
2563 4134 2706 4200 visu,
2738 4137 2794 4188 et
2820 4129 2953 4204 qu’il
2995 4130 3142 4187 avait
3175 4131 3361 4186 trouver

719 4222 859 4278 dans
899 4220 980 4278 les
1016 4221 1266 4278 archives
1315 4221 1382 4278 de
1435 4237 1501 4278 sa
1540 4220 1760 4293 samille,
1805 4221 2027 4278 l'entree
2066 4222 2137 4278 du
2183 4223 2292 4278 duc
2335 4223 2402 4278 de
2449 4219 2791 4280 Valentinois
2838 4223 2874 4276 a
2916 4219 2971 4277 la
3015 4237 3150 4276 cour
3193 4217 3261 4274 du
3299 4209 3359 4268 roi

722 4309 888 4366 Louis
921 4311 1045 4380 XII,
1077 4311 1171 4384 qui
1199 4309 1332 4368 etait
1357 4309 1500 4366 alors
1530 4313 1563 4366 a
1583 4309 1820 4379 Chinon,
1853 4309 1901 4366 le
1931 4311 1999 4367 18
2028 4311 2315 4368 decembre
2339 4312 2476 4368 1498
2508 4328 2521 4367 :
2555 4334 2584 4364 «
2607 4309 3034 4367 Premierement
3063 4303 3362 4366 marchoient

721 4400 923 4457 devant
949 4399 1047 4474 luy
1085 4401 1370 4458 Monsieur
1408 4400 1457 4457 le
1495 4400 1736 4458 cardinal
1774 4401 1841 4456 de
1881 4401 2063 4472 Ruan‚
2096 4402 2378 4458 Monsieur
2414 4402 2484 4458 de
2520 4400 2841 4470 Ravestain,
2881 4399 3170 4458 Monsieur
3201 4396 3247 4453 le
3287 4411 3356 4448 se·

720 4489 947 4546 neschal
974 4490 1043 4548 de
1070 4490 1399 4562 Thoulouze‚
1432 4489 1713 4548 Monsieur
1740 4491 1809 4547 dc
1839 4491 2134 4562 Clermont,
2166 4495 2565 4566 accompagnes
2603 4491 2674 4548 de
2711 4489 2988 4565 plusieurs
3019 4489 3294 4562 seigneurs
3315 4487 3360 4536 et

718 4579 1199 4654 gentils-hommes
1229 4582 1297 4637 de
1328 4579 1381 4638 la
1406 4596 1557 4650 cour,
1585 4580 1824 4654 jusques
1853 4597 1924 4636 au
1961 4580 2100 4637 bout
2126 4581 2200 4637 du
2237 4587 2390 4655 pont,
2424 4597 2561 4655 pour
2589 4579 2686 4654 luy
2714 4579 2846 4637 faire
2873 4577 3196 4653 compagnie
3221 4579 3252 4632 ὲ
3275 4587 3352 4626 son

720 4673 923 4727 entree.
959 4669 1169 4726 Devant
1192 4668 1309 4743 luy,
1330 4667 1366 4725 il
1394 4687 1433 4744 y
1460 4667 1606 4726 avait
1632 4668 2002 4743 vingt-quatre
2023 4667 2222 4724 mulets
2248 4667 2356 4726 fort
2381 4667 2579 4740 beaux,
2613 4670 2846 4742 charges
2875 4669 2943 4724 de
2973 4667 3172 4736 bahus,
3191 4663 3355 4720 coll'res

721 4765 775 4815 et
802 4757 1039 4833 bougeS,
1070 4763 1323 4816 couverts
1352 4759 1420 4814 de
1450 4765 1799 4816 couvertures
1839 4775 1972 4814 avec
2009 4755 2088 4814 les
2119 4774 2419 4814 escussons
2448 4765 2504 4815 et
2531 4775 2709 4815 armes
2739 4757 2898 4814 dudit
2923 4756 3050 4812 duc.
3083 4757 3248 4830 Api-es
3279 4767 3354 4805 en·

721 4865 845 4905 core
873 4846 1129 4906 venoient
1154 4847 1531 4923 vingt-quatre
1560 4855 1743 4906 autres
1773 4848 1972 4904 mulets
2009 4864 2140 4904 avec
2181 4848 2280 4904 des
2317 4853 2670 4904 couvertures
2701 4847 2769 4904 de
2807 4863 2978 4920 rouge
3007 4853 3063 4902 et
3091 4847 3250 4920 jaune
3275 4837 3354 4896 mi·

720 4937 956 5012 parties:
988 4956 1080 4994 car
1108 4937 1175 4994 ils
1216 4937 1486 5013 portaient
1512 4937 1565 4994 la
1592 4937 1757 4995 livree
1786 4938 1862 4993 du
1899 4937 1979 4993 roi
2018 4936 2109 5010 qui
2148 4937 2315 4994 estoit
2348 4937 2516 5012 jaune
2555 4941 2610 4992 et
2647 4953 2842 5011 rouge,
2871 4953 3082 4992 comme
3101 4932 3197 5010 j'ai
3227 4947 3290 4988 vu
3313 4927 3353 4982 la

720 5027 871 5084 reine
910 5027 1241 5102 Marguerite
1279 5027 1721 5102 d’aujourd'huy,
1754 5044 1819 5083 sa
1855 5026 2022 5101 petite
2061 5025 2186 5096 fille,
2219 5024 2297 5083 les
2327 5031 2510 5100 porter
2549 5021 2862 5101 longtemps
2891 5041 2992 5098 par
3015 5041 3106 5080 ses
3133 5033 3288 5098 pagos
3309 5021 3354 5070 el

722 5115 954 5191 laquais.
1002 5117 1139 5174 Puis
1176 5123 1336 5192 apres
1386 5117 1661 5176 suivoient
1705 5117 1877 5174 douze
1927 5116 2127 5172 mulets
2176 5133 2307 5173 avec
2353 5113 2434 5170 les
2479 5121 2828 5172 couvertures
2867 5113 3072 5187 jannes
3109 5113 3178 5168 de
3215 5105 3348 5166 satin.

720 5203 943 5265 barrees
972 5215 1092 5266 tout
1126 5210 1161 5262 a
1195 5210 1423 5265 traverS.
1458 5207 1593 5264 Puis
1632 5205 1890 5265 venoient
1926 5205 2021 5262 dix
2058 5205 2258 5262 mulets
2296 5211 2468 5281 ayant
2503 5210 2787 5262 convertes
2825 5203 2896 5260 de
2925 5203 3060 5276 drap
3089 5202 3217 5268 d‘or,
3243 5197 3351 5252 dont

721 5290 869 5351 l’une
892 5295 1053 5352 barre
1082 5295 1245 5353 estoit
1272 5295 1341 5352 de
1379 5297 1512 5370 drap
1543 5296 1658 5354 d’or
1694 5295 1843 5365 frize,
1875 5301 1930 5352 et
1966 5295 2157 5353 l'autre
2186 5309 2277 5352 ras
2310 5311 2324 5350 ε
2357 5293 2452 5368 qui
2489 5293 2608 5352 font
2645 5311 2713 5350 en
2751 5299 2872 5352 tout
2909 5291 3158 5350 soixante
3191 5294 3238 5345 et
3271 5281 3346 5338 dix
