3625 6059
254 576 629 647 [lanuvini-1⁴95]
832 576 1091 637 RERUM
1137 576 1597 638 URBANARUM
1644 580 2172 642 COMMENTARH.
2771 590 2883 644 229

249 730 505 830 conjugi
538 736 611 805 et
650 730 1141 827 primogenito
1170 754 1550 824 concessa,
1586 741 1661 808 et
1690 737 1938 810 omnia
1975 737 2048 809 in
2087 730 2401 835 'quodam
2440 738 2626 813 libro
2666 742 2876 837 cujus

248 858 499 933 titulum
522 854 991 953 specificabat
1020 863 1367 933 contenta
1390 858 1807 934 confirmari
1835 890 1850 950 3
1877 866 1946 933 2⁰
1975 861 2211 959 ipsum
2247 886 2494 959 regem
2525 864 2613 937 de
2647 887 2875 961 regno

246 981 686 1080 Neapolitano
725 980 1085 1074 investiri3
1125 986 1195 1057 3⁰
1232 984 1613 1059 articulum
1658 986 1747 1060 de
1790 978 2038 1061 dando
2069 986 2540 1085 fidejussores
2586 988 2675 1061 de
2717 1012 2874 1061 res·-

246 1107 541 1185 tituendo
582 1107 884 1183 fratrem
926 1111 1174 1205 magni
1210 1109 1422 1183 Turci
1464 1110 1653 1184 inter
1688 1112 1868 1185 alios
1911 1112 2067 1187 heri
2110 1114 2555 1210 stipulatum,
2603 1116 2872 1189 cassari

244 1243 303 1311 et
328 1235 617 1310 aboleri.
650 1236 985 1310 Pontifex
1016 1236 1391 1335 respondit
1416 1236 1508 1309 ad
1535 1237 1852 1332 primum
1881 1260 1958 1311 se
1991 1235 2423 1311 confirmare
2454 1224 2873 1335 hujusmodi

240 1360 447 1459 primo
470 1360 701 1457 petita
729 1367 1089 1458 quatenus
1118 1362 1194 1434 in
1223 1386 1385 1437 usu.
1419 1360 1532 1435 Ad
1562 1361 1963 1435 secundum
1992 1360 2185 1459 quod
2217 1369 2555 1459 ageretur
2583 1362 2672 1435 de
2701 1352 2875 1460 pre-

235 1485 483 1585 judicio
516 1486 710 1560 tertii
745 1511 763 1560 t
799 1493 1186 1584 propterea
1215 1492 1550 1585 oportere
1592 1510 1755 1560 cum
1796 1486 2100 1561 consilio
2144 1487 2618 1561 cardinalium
2659 1510 2878 1584 super

240 1612 360 1686 hoc
400 1611 749 1686 maturius
784 1611 1189 1688 deliberare
1229 1636 1395 1687 cum
1435 1612 1697 1710 quibus
1740 1610 1994 1687 conari
2031 1610 2274 1700 vellet,
2309 1634 2440 1707 pro
2467 1634 2681 1709 posse
2709 1635 2870 1700 su0‚
2907 1702 2918 1713 .

240 1738 369 1833 regi
414 1738 899 1835 complacere.
954 1738 1065 1813 Ad
1109 1740 1400 1813 tertium
1440 1738 1624 1814 velle
1669 1739 1890 1813 etiam
1931 1760 2094 1811 cum
2141 1738 2298 1833 ipso
2349 1759 2521 1834 rege
2567 1758 2874 1810 concor-

239 1862 411 1953 dare,
460 1861 969 1938 consentiente
1019 1886 1227 1939 sacro
1268 1863 1741 1938 cardinalium
1784 1862 2120 1959 collegio,
2167 1884 2318 1934 non
2359 1861 2699 1935 dubitans
2743 1883 2872 1934 eos

240 1986 449 2061 animo
478 1986 885 2062 concordes
933 1988 1239 2063 futuros.
1278 1993 1435 2077 Qua
1465 1989 1561 2081 (1)
1594 1988 2068 2087 responsione
2111 1986 2326 2077 facta,
2379 2009 2504 2061 rex
2545 1982 2742 2065 stans
2782 1984 2872 2059 ad

240 2108 572 2184 sinistram
606 2114 802 2208 Pape
829 2096 1131 2209 protulit
1162 2112 1380 2187 verba
1407 2111 1823 2210 hujusmodi
1847 2112 1942 2211 (2)
1979 2139 1994 2185 :
2038 2142 2072 2181 «
2109 2111 2352 2185 Sainct
2381 2112 2590 2203 Pere,
2619 2111 2694 2209 je
2727 2107 2874 2185 suis

242 2258 395 2309 venu
432 2260 623 2335 pour
666 2236 849 2312 faire
889 2236 1289 2312 obedience
1330 2242 1404 2311 et
1440 2259 1831 2311 reverence
1871 2241 1916 2309 a
1960 2239 2221 2313 Vostre
2265 2236 2628 2311 Sainctete
2670 2237 2760 2311 de
2807 2236 2879 2309 la

246 2358 427 2449 lacon
456 2383 597 2456 que
632 2366 760 2434 ont
790 2358 961 2435 faict
1002 2384 1159 2435 mes
1191 2358 1762 2434 Predecesseurs
1804 2365 1995 2460 Roys
2035 2360 2126 2435 de
2163 2365 2467 2436 France.
2519 2391 2553 2428 »
2600 2362 2874 2448 Quibus

244 2483 445 2573 dictis,
474 2484 803 2583 prefatus
833 2485 1211 2584 presidens
1236 2484 1475 2559 adhuc
1506 2486 1934 2583 genuflexus
1965 2488 2276 2562 surrexit
2300 2493 2372 2562 et
2399 2493 2595 2561 stans
2626 2508 2872 2560 coram

248 2609 557 2685 Pontifice
619 2608 837 2685 verba
884 2610 1075 2707 regis
1118 2610 1531 2707 huJusmodi
1577 2610 1791 2685 latius
1842 2612 2164 2688 extendit
2211 2614 2286 2687 in
2336 2613 2528 2687 hanc
2576 2620 2872 2687 senten-

246 2734 388 2807 tiam
438 2758 455 2808 :
511 2764 545 2803 «
606 2734 1035 2811 Beatissime
1089 2740 1327 2825 Pater,
1360 2745 1892 2813 consueverunt
1933 2738 2299 2836 principes
2354 2744 2425 2812 et
2477 2738 2862 2834 presertim

248 2862 653 2933 Francorum
702 2882 913 2957 reges
966 2859 1544 2934 christianissimi
1598 2886 1731 2960 per
1784 2885 1954 2937 suos
2009 2869 2334 2937 oratores
2391 2850 2865 2959 apostolicam

248 2980 459 3059 'sedem
496 2991 567 3059 et
612 2983 688 3057 in
732 3008 822 3060 ea
865 3007 997 3083 pro
1047 2992 1375 3084 tempore
1420 2987 1762 3061 sedentes
1809 2988 2162 3061 venerari.
2212 2984 2865 3061 Christianissimus

246 3130 388 3183 vero
428 3134 552 3185 rex
609 3109 1105 3208 apostolorum
1151 3112 1405 3188 limina
1457 3112 1866 3188 visitaturus
1902 3113 2004 3204 id,
2055 3136 2202 3186 non
2233 3136 2369 3211 per
2418 3120 2742 3186 oratores
2796 3117 2870 3186 et

242 3234 483 3332 legatos
552 3258 728 3310 suos
792 3234 1031 3311 facere
1089 3238 1219 3313 sed
1276 3240 1350 3311 in
1410 3238 1705 3337 propria
1755 3261 2078 3336 persona
2135 3237 2597 3313 devotionem
2663 3260 2869 3311 suam

245 3360 595 3438 ostendere
636 3362 915 3453 volens,
953 3362 1203 3437 statuit
1245 3364 1656 3439 observare.
1693 3367 1843 3441 Vos
1871 3362 2119 3461 igitur,
2166 3367 2383 3439 Pater
2412 3362 2863 3454 beatissime,

248 3482 779 3563 Christianorum
810 3510 1174 3561 summum
1208 3487 1663 3580 Pontificem,
1696 3512 1948 3565 verum
1968 3489 2228 3565 Christi
2261 3488 2632 3581 vicarium,
2664 3512 2874 3586 apos-

248 3610 521 3686 tolorum
552 3613 747 3687 Petri
789 3620 863 3686 et
906 3613 1105 3687 Pauli
1137 3637 1637 3691 successorem
1678 3616 1944 3690 fatetur
1983 3622 2055 3690 et
2100 3617 2586 3713 recognoscit,
2623 3614 2866 3712 illique
2941 3648 2948 3656 ·

250 3730 503 3811 filialem
536 3746 611 3812 et
653 3736 974 3813 debitam
1020 3741 1498 3813 reverentiam
1550 3764 1765 3838 quam
1812 3740 2373 3837 predecessores
2415 3740 2527 3812 sui
2561 3742 2873 3812 Franco·-

252 3882 381 3934 rum
408 3886 613 3961 reges
645 3862 951 3937 summis
986 3863 1449 3960 pontificibus
1480 3866 1721 3939 facere
1756 3869 2310 3954 consueverunt,
2353 3861 2554 3938 vobis
2599 3852 2873 3959 prestat

253 4008 437 4082 seque
468 3996 539 4063 et
568 3988 812 4063 omnia
838 4012 969 4062 sua
994 3990 1370 4065 Sanctitati
1394 3994 1651 4067 Vestre
1680 3995 1753 4063 et
1780 3987 1954 4061 huic
1978 3993 2227 4063 sancte
2253 3987 2404 4062 sedi
2433 3986 2642 4061 offert
2669 3986 2790 4084 (3).
2828 4010 2865 4056 »

310 4222 351 4275 1.
388 4244 415 4274 «ι
445 4222 561 4292 Qua
586 4224 965 4299 responsione,
996 4222 1141 4281 sicut
1166 4221 1532 4298 praemittitur,
1562 4240 1660 4297 per
1680 4220 2000 4279 Pontificem
2030 4220 2178 4291 data,
2201 4219 2390 4277 Rex...
2409 4242 2438 4271 »
2473 4216 2716 4289 Rinaldi,
2744 4218 2872 4289 231,

254 4304 306 4362 de
322 4315 473 4369 meme
496 4313 547 4370 le
574 4332 709 4373 mss.
733 4316 858 4371 149.

307 4400 355 4454 2.
380 4400 517 4459 Tous
544 4402 623 4460 les
650 4422 788 4463 mss,
820 4406 1066 4462 donnent
1092 4400 1175 4459 les
1205 4398 1418 4475 paroles
1448 4402 1521 4457 du
1552 4400 1631 4457 roi
1658 4418 1726 4456 en
1755 4396 2012 4469 francaiS,
2045 4416 2104 4454 ce
2133 4394 2228 4470 qui
2257 4402 2343 4453 est
2369 4394 2493 4471 plus
2521 4394 2874 4455 vraisembla-

256 4484 381 4557 hle,a
394 4492 563 4551 moins
579 4512 681 4569 que
702 4493 811 4551 l'on
826 4510 893 4549 ne
916 4492 987 4549 lui
1005 4492 1081 4549 ait
1096 4492 1193 4549 fait
1211 4492 1517 4566 apprendre
1534 4508 1597 4548 sa
1616 4494 1850 4564 reponse
1863 4506 1960 4563 par
1978 4504 2145 4545 coeur.
2166 4486 2240 4543 Le
2253 4494 2386 4543 mss.
2405 4488 2576 4543 5¹60·
2603 4506 2632 4541 t(
2652 4486 2762 4543 aV.
2787 4486 2874 4558 S.,

256 4592 427 4637 comme
455 4590 579 4641 sont
603 4590 949 4641 accontumez
978 4580 1111 4639 faire
1138 4598 1255 4639 mes
1286 4580 1716 4638 Predecesseurs
1762 4578 1919 4652 Roys
1955 4578 2023 4633 de
2057 4578 2290 4633 France.
2325 4598 2354 4627 »
2373 4574 2592 4633 Rinaldi
2617 4579 2694 4649 (p.
2725 4576 2876 4647 231),

259 4661 405 4723 donne
446 4670 495 4727 la
536 4676 767 4746 reponse
806 4692 875 4729 en
922 4670 1057 4729 latin
1089 4689 1104 4729 t
1140 4694 1169 4724 «
1314 4670 1541 4745 protulit
1566 4668 1734 4725 verba
1776 4665 2123 4741 hujusmodis
2155 4664 2438 4722 sententioe
2473 4682 2486 4721 ε
2519 4662 2880 4722 Sanctissime

262 4752 407 4827 Pater,
432 4762 631 4818 accessi
672 4764 743 4819 ad
772 4763 1137 4836 praestandam
1167 4760 1535 4818 obedientiam
1580 4757 2042 4829 deserendumque
2083 4756 2344 4811 honorem
2374 4754 2504 4810 Tuae
2545 4754 2880 4813 Beatitudini

264 4856 349 4911 quo
368 4864 501 4905 more
528 4852 957 4923 praedecessores
982 4850 1087 4907 mei
1116 4850 1343 4906 Francia
1374 4850 1561 4923 Reges
1590 4853 1853 4922 praestare
1882 4848 2304 4902 consueverunt.
2335 4864 2364 4895 »
2397 4844 2471 4901 Le
2505 4846 2607 4901 149
2654 4846 2834 4903 donne
2860 4867 2879 4907 t

264 4948 287 4977 ι(
309 4930 393 4988 Tre
412 4942 527 4993 sant
544 4954 635 5011 per
647 4939 741 5014 gie
770 4938 852 4995 soi
882 4956 1024 4996 venu
1052 4955 1151 5012 per
1178 4939 1259 4995 far
1287 4938 1579 4995 obedienze
1599 4942 1654 4993 et
1682 4952 1968 4991 reverenze
1998 4954 2032 4992 a
2058 4935 2261 4993 Vostra
2291 4934 2528 5007 Santita,
2562 4954 2713 4994 come
2745 4955 2882 4995 sono

268 5018 386 5077 soliti
421 5040 451 5079 a
486 5024 593 5083 fare
634 5028 670 5084 li
707 5026 833 5085 miei
880 5026 1259 5102 predecessori
1302 5030 1428 5102 Roy
1474 5028 1541 5082 de
1571 5024 1793 5083 Franze.
1829 5046 1858 5077 »
1909 5026 1989 5081 De
2037 5029 2212 5081 meme
2257 5024 2306 5082 le
2359 5024 2545 5100 Chigi,
2589 5026 2628 5085 f.
2662 5028 2786 5097 448,
2825 5044 2880 5084 v.

268 5107 399 5165 «Tre
424 5128 517 5169 san
544 5116 641 5172 Per
668 5117 759 5191 gie
789 5132 891 5173 son
920 5132 1065 5174 venu
1092 5134 1191 5190 per
1220 5117 1299 5175 far
1328 5115 1625 5173 obedienza
1652 5131 1682 5169 e
1712 5113 1989 5171 riverenza
2016 5130 2050 5171 a
2081 5114 2282 5172 Vostra
2311 5114 2528 5173 Santita
2560 5132 2712 5172 corne
2745 5132 2884 5171 sono

272 5194 389 5253 soliti
415 5216 445 5255 a
468 5200 574 5259 fare
608 5204 639 5260 li
666 5204 795 5269 miei
832 5204 1208 5279 predecessori
1238 5206 1321 5263 Re
1350 5204 1406 5261 di
1443 5201 1686 5260 Francia.
1721 5224 1750 5255 »
1781 5206 1959 5260 Meme
1990 5204 2162 5275 lecon.
2197 5204 2251 5262 d.
2295 5203 2342 5260 le
2374 5204 2566 5261 13735.
2601 5202 2641 5260 f.
2671 5205 2792 5260 101.
2825 5220 2880 5261 v.

325 5284 373 5341 3·
408 5310 434 5339 «ε
558 5292 815 5353 Dominus
843 5300 1025 5352 autem
1052 5301 1241 5353 noster
1264 5312 1357 5352 rex
1386 5295 1615 5369 ignarus
1661 5290 1934 5350 idiomatis
1963 5292 2110 5351 illius
2139 5291 2405 5367 regioniS,
2438 5290 2695 5349 accersiri
2715 5291 2888 5366 jussit.
