3625 6059
1416 586 1840 647 APPENDICE.
2856 593 2961 647 640

287 746 723 817 constructor,
757 746 823 805 et
850 740 1251 819 templorum
1279 740 1653 821 aliquorum
1681 741 1878 804 huius
1907 742 2149 823 inclyte
2184 743 2370 806 urbis
2401 742 2762 820 edificator,
2795 761 2953 809 vere

293 845 520 904 sancte
547 840 790 904 -Crucis
837 844 903 902 et
948 840 1228 903 aliarum
1269 839 1696 918 reliquiarum
1742 856 1817 902 ac
1863 846 2400 904 ornamentorum
2448 843 2693 921 templo
2744 846 2953 907 sancti

293 941 558 1003 loannis
587 941 678 1021 (1)
705 946 771 1003 et
816 939 963 1001 aliis
991 938 1297 1019 largitor;
1332 942 1397 999 et
1440 938 1617 1016 quod
1657 954 1776 1000 sua
1807 939 2347 1003 christianissima
2395 942 2711 1004 maiestas
2754 942 2956 1005 liber-

295 1039 446 1101 tatis
476 1040 673 1101 huius
709 1038 988 1101 civitatis
1027 1040 1453 1111 restaurator,
1500 1042 1750 1115 pastor,
1799 1043 2220 1101 conservator
2256 1043 2321 1100 et
2368 1038 2679 1102 defensor
2721 1042 2786 1101 et
2832 1057 2953 1103 sua

291 1136 699 1217 benignitate
738 1136 882 1211 fuit,
917 1152 991 1198 ac
1031 1136 1230 1197 etiarn
1263 1136 1556 1197 omnium
1597 1139 2030 1214 tyrannorum
2067 1135 2333 1217 fugator
2346 1158 2363 1212 3
2400 1136 2564 1200 adeo
2601 1137 2780 1217 quod
2813 1156 2951 1201 1113-

295 1236 420 1297 rito
465 1236 610 1315 ipse
658 1234 1244 1297 christianissimus
1295 1250 1412 1294 rex
1460 1234 1731 1297 Carolus
1779 1241 2049 1297 octavus
2096 1236 2307 1297 maior
2352 1240 2417 1297 et
2458 1236 2781 1297 maximus
2832 1237 2954 1300 dici

295 1336 648 1407 mereatur,
695 1330 1045 1409 presertim
1095 1348 1134 1392 a
1183 1330 1427 1410 populo
1475 1331 1862 1409 florentino3
1912 1333 2146 1396 idcirco
2196 1339 2644 1397 convenerunt
2690 1338 2765 1395 ut
2810 1335 2953 1413 ipse

293 1426 566 1493 Carolus
583 1435 656 1492 et
685 1444 1102 1491 successores
1137 1431 1260 1503 sui,
1295 1445 1559 1507 semper
1587 1435 1653 1492 et
1683 1432 1863 1493 omni
1894 1435 2213 1509 tempore,
2249 1436 2438 1510 pater
2464 1432 2674 1510 patrie
2702 1436 2953 1507 nostre,

292 1544 368 1589 ac
408 1528 634 1607 populi
671 1527 999 1590 florentini
1045 1532 1248 1602 tutor,
1284 1532 1636 1606 protector,
1680 1526 2011 1603 defensor,
2055 1534 2121 1591 et
2162 1530 2486 1591 libertatis
2530 1535 2756 1593 nostre
2798 1547 2953 1594 con-

293 1632 611 1701 servator,
663 1642 738 1688 ac
785 1625 928 1688 eius
979 1630 1412 1707 tyrannorum
1451 1624 1719 1707 fugator
1758 1627 2163 1705 appellatur;
2215 1633 2279 1689 et
2325 1629 2394 1689 in
2432 1628 2706 1691 introitu
2746 1629 2955 1692 domi-

291 1741 530 1787 norum
569 1724 1089 1797 florentinorum,
1134 1731 1198 1787 et
1246 1726 1314 1786 in
1359 1741 1590 1787 eorum
1629 1714 2001 1787 iuramento
2046 1742 2303 1804 semper
2349 1725 2727 1789 nominetur
2770 1732 2959 1806 pater

291 1823 500 1901 patrie
529 1827 597 1884 et
625 1827 1046 1885 conservator
1071 1827 1134 1884 et
1162 1828 1493 1901 protector
1521 1827 1750 1885 nostre
1778 1824 2141 1899 libertatis;
2173 1840 2324 1885 cum
2353 1824 2499 1903 ipse
2529 1825 2797 1888 Carolus
2829 1827 2955 1889 sub

291 1921 492 1983 verbo
521 1920 706 2001 regio
735 1919 1121 1999 polliceatur
1149 1936 1221 1982 se
1249 1920 1389 1982 fore
1421 1936 1686 1999 semper
1713 1925 2247 1983 conservatorem
2278 1921 2476 1983 huius
2514 1920 2857 1999 libertatis,
2892 1930 2959 1987 et

291 2018 664 2097 fugatorem
692 2023 1122 2099 tyrannorum
1155 2019 1472 2093 eiusdem,
1509 2023 1575 2080 et
1603 2023 1859 2097 patrem
1890 2020 2118 2099 patrie.

449 2116 665 2179 Tertio
695 2120 1189 2178 convenerunt:
1216 2116 1396 2197 quod
1427 2116 1656 2179 civitas
1688 2118 1987 2179 Pisarum
2018 2122 2083 2179 et
2116 2135 2235 2180 arx
2265 2134 2395 2180 una
2438 2135 2586 2180 cum
2616 2120 2859 2198 oppido
2890 2127 2957 2183 et

289 2232 438 2279 arce
473 2216 760 2283 Liburni,
802 2219 1192 2277 remaneant
1215 2216 1282 2276 in
1308 2216 1617 2278 manibus
1649 2216 1820 2279 dicte
1850 2216 2033 2295 regie
2058 2217 2445 2291 maiestatiS,
2479 2216 2763 2297 illasque
2796 2219 2953 2281 reti-

291 2330 452 2377 nere
479 2314 691 2394 possit
721 2312 1001 2377 durante
1033 2330 1152 2375 sua
1184 2315 1490 2393 impresia
1520 2314 1715 2394 regni
1749 2314 2187 2393 Neapolitani,
2222 2313 2673 2376 iurisdictione
2702 2320 2946 2391 tamen,

297 2413 588 2475 dominio
621 2416 684 2475 et
704 2410 1026 2475 fructibus
1055 2411 1342 2475 dominis
1361 2412 1752 2474 Florentinis
1782 2412 2281 2475 remanentibus
2303 2413 2471 2475 sicut
2496 2419 2687 2476 antea
2719 2435 2733 2475 :
2760 2412 2946 2476 finita

290 2528 448 2575 vero
501 2509 671 2573 dicta
723 2511 1066 2590 impresia,
1125 2511 1426 2590 promisit
1475 2511 1726 2590 prefata
1781 2512 1963 2591 regia
2017 2511 2333 2573 maiestas
2382 2513 2607 2574 statim
2660 2514 2949 2591 predicta

291 2610 512 2671 omnia
553 2613 616 2670 et
659 2608 920 2690 singula
964 2608 1312 2671 restituere
1355 2609 1713 2688 reipublice
1752 2609 2119 2683 florentine,
2162 2609 2267 2671 vel
2310 2610 2454 2671 eius
2494 2609 2788 2691 syndic0,
2834 2628 2953 2673 seu

292 2705 606 2785 syndiciS,
654 2708 833 2769 omni
881 2707 1264 2785 exceptione
1312 2722 1434 2769 seu
1480 2706 1929 2785 impensarum
1972 2708 2347 2786 aliquarum
2393 2709 2807 2771 restitutione
2849 2724 2952 2771 re-

287 2808 490 2879 mota,
525 2803 726 2867 3111νί3
753 2805 1012 2867 1111111113
1043 2804 1322 2867 aliorum
1349 2821 1498 2866 cum
1521 2806 1829 2868 omnibus
1853 2806 1992 2867 suis
2016 2807 2519 2883 munitionibus,
2544 2808 2950 2881 bombardiS,

291 2902 691 2981 spingardiS,
723 2903 1112 2966 masseritiis
1153 2908 1218 2965 et
1255 2903 1714 2965 instrumentis
1750 2904 2277 2982 quibuscunque,
2322 2904 2408 2966 ad
2438 2904 2953 2967 consolationem

289 2999 698 3063 dilectissimi
749 3006 816 3063 et
862 3001 1269 3065 devotissimi
1319 3002 1420 3063 sui
1470 3000 1695 3079 populi
1736 3000 2067 3063 florentini
2108 3006 2172 3063 et
2214 3001 2299 3064 ad
2341 3003 2485 3065 eius
2528 3003 2846 3065 honorem
2887 3009 2952 3066 et

293 3098 682 3179 dignitatem
713 3098 1258 3162 conservandam.
1291 3100 1370 3161 Et
1397 3104 1470 3161 ut
1504 3115 1737 3162 01111133
1766 3099 2135 3178 intelligant
2161 3100 2571 3163 voluntatem
2598 3103 2854 3182 regiam
2886 3103 2951 3164 in

285 3197 416 3259 illis
443 3196 808 3261 retinendis
835 3212 986 3259 esse
1028 3188 1349 3260 duntaxat
1389 3198 1474 3260 ad
1518 3214 1636 3261 sue
1675 3198 2042 3261 maiestatis
2084 3202 2149 3261 et
2192 3199 2295 3261 sui
2338 3201 2669 3274 exercitus
2700 3202 2949 3262 securi·

289 3298 493 3357 tatem
521 3300 587 3357 et
615 3296 1174 3373 commoditatem,
1206 3311 1341 3357 non
1370 3301 1595 3358 autem
1623 3295 1706 3358 ad
1739 3296 2071 3359 florentini
2102 3298 2322 3377 populi
2354 3298 2853 3375 detrimentum;
2886 3303 2950 3361 et

286 3396 510 3475 quoad
545 3397 720 3459 hunc
755 3396 1058 3459 eflectum
1105 3397 1530 3477 intelligatur,
1582 3396 1895 3473 impresia
1934 3392 2117 3459 finita
2164 3396 2411 3473 statim,
2458 3400 2750 3476 postque
2788 3395 2952 3459 urbe

287 3494 714 3573 Neapolitana
746 3497 950 3575 polita
978 3494 1175 3558 fuerit
1215 3512 1336 3557 3113
1375 3494 1690 3557 maiestas
1733 3509 1936 3572 super
1966 3494 2079 3556 tali
2109 3495 2421 3573 impresia
2465 3496 2649 3575 regni
2692 3498 2947 3573 Neapo-

285 3593 471 3655 litani
504 3593 898 3674 transegerit
927 3611 1045 3657 seu
1075 3594 1543 3673 composuerit,
1573 3593 1714 3655 sive
1747 3610 1864 3671 per
1892 3608 2145 3670 pacem,
2174 3592 2311 3655 sive
2342 3609 2459 3671 per
2486 3592 2723 3673 longas
2754 3591 2948 3654 indu-

289 3692 414 3753 tias
444 3692 726 3755 duorum
753 3708 1080 3755 annorum
1109 3696 1224 3754 aut
1252 3691 1562 3775 amplius,
1605 3695 1720 3753 aut
1763 3706 2181 3769 quocumque
2208 3689 2338 3752 alio
2372 3689 2569 3753 modo
2610 3691 2713 3751 vel
2754 3690 2952 3751 etiam

287 3806 702 3869 quacumque
731 3807 931 3853 causa
961 3791 1194 3853 eadem
1223 3806 1343 3851 sua
1376 3790 1688 3851 maiestas
1719 3788 1804 3849 ab
1840 3788 2020 3849 ltalia
2057 3788 2393 3852 recederet
2422 3794 2539 3851 aut
2573 3789 2641 3851 in
2680 3805 2757 3851 ea
2801 3804 2951 3849 esse

286 3888 586 3961 desierim
617 3893 684 3951 et
713 3889 768 3951 si
804 3888 1122 3951 accideret
1164 3886 1452 3949 indutias
1494 3884 1636 3947 fieri
1675 3902 1794 3964 per
1822 3884 2187 3961 biennium,
2232 3890 2291 3947 et
2336 3886 2947 3949 christianissimam

287 4004 478 4049 suam
517 3987 932 4049 maiestatem
972 3986 1053 4048 ab
1089 3985 1269 4048 ltalia
1299 3984 1636 4059 recedere,
1669 3998 1802 4045 non
1833 3982 2234 4061 intelligatur
2270 3981 2455 4046 finita
2481 3984 2793 4062 impresia
2834 4000 2953 4061 per

285 4085 667 4148 huiusmodi
693 4101 1054 4159 recessum,
1088 4083 1482 4146 durantibus
1524 4081 1712 4144 dictis
1752 4081 2023 4144 indutiis
2064 4080 2329 4158 factum,
2381 4080 2736 4145 dummodo
2780 4079 2946 4145 dicta

287 4198 408 4245 sua
447 4182 994 4245 christianissima
1037 4182 1350 4245 maiestas
1383 4179 1662 4242 durante
1694 4178 1862 4241 dicto
1894 4179 2257 4243 biennioin
2302 4180 2551 4242 ltaliam
2582 4184 2950 4242 revertatur

283 4281 372 4345 ad
415 4280 654 4343 dictam
703 4280 1082 4359 impr-esiam
1131 4297 1148 4340 ι
1194 4282 1260 4341 et
1298 4277 1476 4358 quod
1517 4278 1802 4353 interim,
1851 4278 2132 4341 durante
2186 4279 2351 4342 dicta
2400 4280 2731 4357 impresia,
2784 4276 2947 4341 flant

283 4379 442 4441 bine
465 4377 678 4441 claves
709 4378 880 4442 dicte
921 4377 1200 4441 civitatis
1235 4378 1561 4452 Pisarum,
1602 4392 1886 4456 quarum
1924 4393 2127 4438 unam
2158 4378 2439 4439 retinere
2470 4377 2709 4441 debeat
2740 4375 2949 4455 depu-

286 4479 468 4535 tatus
491 4490 530 4537 a
559 4475 738 4555 regia
767 4475 1133 4550 maiestate,
1165 4476 1362 4537 aliam
1386 4491 1540 4537 vero
1567 4475 1851 4537 retinere
1878 4474 2161 4537 debeant
2188 4472 2503 4537 officiales
2533 4474 2951 4537 dominorum

287 4572 792 4636 florentinorum
821 4591 940 4653 pro
980 4572 1352 4652 aperiendis
1383 4578 1448 4634 et
1487 4571 1873 4636 claudendis
1916 4572 2103 4635 dictis
2143 4574 2371 4652 portiS,
2422 4572 2601 4635 horis
2642 4578 2709 4635 et
2738 4572 2951 4637 modis

285 4674 650 4734 consuetis.

370 4792 401 4825 κ
442 4770 688 4846 Quarto
719 4789 732 4830 :
762 4770 916 4849 quia
947 4772 1122 4833 cives
1157 4770 1365 4849 pisani
1391 4771 1458 4831 in
1490 4770 1778 4833 adventu
1805 4769 1975 4831 dicte
1999 4773 2181 4851 regie
2207 4771 2571 4834 maiestatis
2598 4772 2951 4834 voluerunt

285 4868 694 4947 proclamare
730 4868 798 4931 in
839 4868 1212 4957 libertatem
1253 4873 1318 4931 et
1359 4885 1431 4931 se
1470 4870 1721 4947 eripere
1751 4886 1788 4931 a
1824 4868 2071 4931 ditione
2114 4869 2483 4942 florentina,
2528 4869 2948 4949 insigniaque

283 4970 350 5026 et
373 4982 558 5028 arma
591 4982 822 5029 eorum
851 4967 1258 5045 deleverunt,
1291 4968 1632 5047 multaque
1663 4968 1786 5030 alia
1818 4973 2383 5047 perpetraverunt,
2416 4974 2491 5030 ut
2524 4966 2753 5041 fertur,
2788 4982 2949 5027 con-

284 5064 628 5126 cordatum
659 5069 726 5127 et
756 5070 972 5128 actum
1005 5066 1212 5129 extitit
1243 5068 1417 5144 quod
1459 5066 1676 5129 omnia
1716 5083 1846 5146 que
1876 5066 2068 5142 dicta,
2100 5072 2244 5129 acta
2276 5070 2341 5128 et
2372 5070 2563 5145 gesta
2596 5082 2715 5145 per
2745 5065 2953 5127 dictos

361 5278 401 5325 l.
441 5278 508 5325 Lr·
539 5276 850 5339 baptisti-re.
