3625 6059
3058 273 3081 310 Ι

703 542 811 599 248
1333 537 1346 551 '
1369 549 1386 563 ⁶
1621 543 1977 602 JOHANNIS
2026 543 2471 615 BURCHARDI,
3040 545 3193 607 {An-il
3220 547 3365 610 ¹495]

707 697 1167 787 ducatorum,
1227 705 1299 771 et
1357 697 1694 772 omnibus
1757 697 1831 772 in
1876 698 2033 796 ipso
2078 703 2315 772 castro
2374 695 2849 772 existentibus
2916 719 3085 770 cum
3120 719 3363 770 eorum

707 820 920 896 bonis
951 823 1148 896 adire
1177 821 1408 898 libere
1437 822 1795 922 permisit.

809 947 1186 1023 Dominica
1239 956 1492 1046 quarta
1535 947 2116 1046 quadragesime,
2164 951 2419 1022 Letare
2468 953 2910 1046 nuncupata,
2966 951 3058 1019 29
3102 947 3355 1038 martii,

712 1080 962 1150 Rmus.
1013 1079 1101 1149 D.
1149 1073 1532 1149 cardinalis
1559 1073 2089 1148 Alexandrinus
2120 1073 2510 1148 celebravit
2542 1074 2837 1148 missam
2873 1071 3267 1146 solemnem
3294 1072 3369 1155 in

710 1201 988 1301 capella
1026 1201 1303 1300 maj0re
1332 1199 1605 1299 palatii,
1648 1223 1837 1298 papa
1882 1204 2247 1297 presente,
2282 1200 2407 1296 qui
2437 1205 2828 1295 antequam
2869 1199 3101 1274 exiret
3140 1221 3371 1273 eame-

710 1349 866 1402 ram
931 1326 1326 1418 secretarii,
1379 1325 1694 1401 decrevit
1755 1324 1845 1399 de
1904 1323 2375 1398 cardinalium
2444 1347 2692 1399 coram
2758 1348 2836 1398 se
2910 1324 3365 1398 existentium

715 1452 1019 1528 consilio
1059 1453 1348 1528 mittere
1374 1474 1616 1526 rosam
1644 1450 1808 1525 duci
1841 1454 2290 1527 Venetorum
2318 1475 2333 1523 ε
2365 1449 2625 1525 deinde
2666 1450 2861 1525 venit
2898 1449 2990 1524 ad
3017 1472 3375 1525 cameram

710 1579 1094 1678 papagalli,
1133 1578 1254 1652 ubi
1307 1577 1617 1676 receptis
1663 1575 2107 1675 paramentis
2149 1575 2376 1650 solitis
2424 1574 2792 1651 benedixit
2820 1598 3093 1667 rosam,
3131 1583 3208 1650 et
3244 1575 3379 1649 alia

713 1704 1095 1778 observata
1164 1704 1458 1777 fuerunt
1527 1725 1731 1778 more
1797 1701 2008 1775 solito
2042 1700 2175 1792 (1).
2244 1703 2673 1776 Sermonem
2730 1701 2901 1777 fecit
2957 1711 3381 1800 procurator

714 1828 988 1905 ordinis
1044 1827 1606 1904 carmelitarum.
1667 1830 1744 1900 ln
1787 1827 2090 1925 capella,
2138 1826 2226 1901 de
2268 1825 2609 1900 mandato
2657 1829 2879 1923 pape,
2924 1824 3173 1900 locum
3222 1825 3377 1900 dedi

713 1954 1104 2054 magnifico
1137 1953 1383 2029 comiti
1428 1978 1487 2026 S.
1535 1951 1763 2043 Pauli,
1795 1952 1998 2026 fratri
2043 1951 2427 2027 cardinalis
2468 1953 3070 2041 Cenomanensis,
3117 1951 3381 2026 oratori

715 2078 908 2176 regis
939 2079 1269 2168 Francie,
1325 2078 1398 2152 in
1441 2075 1778 2175 gradibus
1809 2076 1967 2150 solii
2001 2080 2193 2174 Pape
2233 2099 2455 2173 supra
2488 2081 2930 2167 senatorem,
2966 2077 3088 2174 qui
3138 2100 3382 2176 comes

712 2203 943 2302 pridie
973 2227 1140 2278 cum
1179 2203 1492 2302 quodam
1539 2207 1968 2278 conoratore
2028 2225 2157 2277 suo
2192 2225 2282 2275 ex
2325 2201 2621 2300 Neapoli
2668 2201 2757 2276 ad
2788 2225 3037 2300 regem
3078 2201 3380 2278 Francie

712 2328 980 2403 missus
1016 2329 1110 2404 ad
1154 2330 1423 2406 Urbem
1470 2327 1665 2404 venit
1694 2326 1851 2402 sine
1881 2349 2172 2425 pompa,
2219 2350 2262 2401 a
2300 2327 2775 2401 cardinalium
2807 2327 3083 2402 familia
3126 2351 3383 2425 recep-

715 2461 868 2546 tus;
929 2456 1114 2530 alter
1153 2455 1351 2531 stetit
1395 2477 1562 2529 cum
1605 2452 1873 2527 ceteris
1912 2452 2318 2527 oratoribus
2360 2451 2563 2527 laicis
2612 2453 2685 2527 in
2730 2454 2894 2528 loco
2952 2478 3112 2528 suo,
3162 2457 3387 2528 Inter·

711 2581 1004 2656 fuerunt
1035 2579 1255 2655 etiam
1287 2577 1458 2652 huic
1492 2577 1714 2652 misse
1757 2577 2006 2651 RRmi.
2042 2581 2193 2652 DD.
2230 2577 2634 2653 cardinales
2667 2579 2971 2654 Ursinus
3012 2585 3085 2653 et
3123 2579 3389 2656 Valen-

711 2704 932 2796 tinuS,
971 2705 1096 2802 qui
1125 2703 1490 2803 preteritis
1515 2702 1733 2777 rebus
1765 2704 2175 2777 successive
2206 2704 2297 2777 ad
2328 2703 2597 2778 Urbem
2628 2709 2797 2778 sunt
2826 2703 3097 2780 reversi
3128 2705 3263 2804 (2).

812 2830 1020 2905 Feria
1077 2833 1358 2927 quarta,
1415 2835 1441 2902 1
1482 2828 1752 2902 mensis
1806 2827 2081 2925 apriliS,
2137 2827 2478 2903 redituris
2530 2829 2625 2902 ad
2658 2829 2993 2927 patriam,
3044 2853 3137 2902 ex
3194 2831 3387 2905 Urbe

711 2955 1273 3056 precedentibus
1306 2953 1598 3030 circiter
1635 2959 1942 3054 quatuor
1988 2961 2282 3028 centum
2342 2954 2689 3028 Suizzeris
2738 2978 3045 3054 quorum
3092 2956 3393 3030 circiter

714 3082 1234 3181 quinquaginta
1294 3080 1563 3156 Urbem
1612 3086 1785 3155 tunc
1837 3079 2232 3172 exiverant,
2282 3081 2760 3178 quadraginta
2814 3080 3103 3156 circiter
3152 3081 3389 3156 adhuc

714 3209 787 3281 in
816 3207 1118 3281 basilica
1149 3231 1208 3280 s.
1245 3207 1436 3282 Petri
1469 3211 1714 3294 erant3
1751 3204 2237 3304 Hispanorum
2269 3205 2564 3281 circiter
2593 3206 2737 3281 duo
2767 3205 2994 3282 millia
3022 3215 3387 3283 restantes

717 3331 1090 3429 sexaginta
1140 3333 1216 3405 in
1268 3332 1504 3429 platea
1561 3354 1620 3404 s.
1686 3331 1881 3405 Petri
1937 3337 2106 3406 ante
2146 3331 2496 3429 palatium
2540 3332 3018 3430 apostolicum
3050 3333 3394 3431 nequiter

715 3457 1153 3547 invaserunt,
1208 3462 1277 3528 et
1321 3455 1540 3531 occisi
1579 3456 1871 3531 fuerunt
1898 3479 1985 3530 ex
2017 3457 2363 3532 Suizzeris
2396 3458 2763 3532 sexdecim
2804 3456 2915 3532 vel
2946 3459 3167 3549 circa,
3202 3458 3394 3534 inter

718 3606 901 3680 quos
954 3589 1108 3655 erat
1157 3605 1302 3654 una
1339 3581 1599 3654 mulier
1644 3587 1717 3654 et
1763 3581 1837 3654 in
1874 3581 2117 3680 platea
2170 3582 2441 3656 ibidem
2494 3582 2631 3680 ipsi
2672 3582 2918 3673 occisi,
2985 3591 3057 3658 et
3094 3585 3391 3682 publice

723 3706 813 3781 ab
846 3705 1183 3804 Hispanis
1233 3705 1514 3805 spoliati
1546 3711 1620 3781 et
1654 3706 2053 3806 depredati,
2106 3707 2415 3781 aliorum
2453 3707 2696 3805 plures
2734 3708 3113 3799 vulnerati,
3166 3707 3395 3806 aliqui

726 3833 820 3910 ad
869 3833 1135 3907 dictum
1182 3831 1528 3931 palatium
1559 3831 1754 3906 ducti
1803 3840 1876 3906 et
1924 3832 2194 3907 ibidem
2234 3831 2308 3906 in
2357 3833 2669 3908 cameris
2714 3835 2937 3924 exuti,
2986 3832 3279 3932 spoliati
3322 3839 3396 3908 et

721 3959 1050 4058 pecuniis
1104 3958 1251 4032 suis
1300 3957 1579 4055 privati,
1625 3981 1669 4032 a
1697 3957 1982 4055 -quibus
2050 3965 2485 4057 receperunt
2538 3966 2745 4034 scuta
2800 3959 3225 4057 quingenta,
3275 3959 3395 4033 alii

727 4085 1120 4160 ducentum
1163 4082 1709 4181 quinquaginta,
1755 4082 1876 4158 alii
1916 4083 2103 4181 plus,
2149 4083 2267 4158 alii
2312 4083 2579 4158 minus,
2632 4087 2739 4157 Ex
2788 4084 2929 4158 illis
2966 4084 3039 4157 in
3080 4083 3397 4160 ecclesia

723 4209 1056 4308 predicta
1101 4207 1574 4283 existentibus
1626 4207 1760 4283 fuit
1811 4215 2179 4283 extractus
2244 4233 2433 4283 unus
2479 4208 2832 4284 violenter
2878 4210 2969 4285 ab
3018 4210 3389 4308 HispaniS,

726 4333 983 4410 ductus
1035 4333 1128 4410 ad
1184 4333 1529 4432 palatium
1588 4332 2021 4430 predictum,
2066 4341 2140 4410 et
2195 4334 2467 4410 ibidem
2527 4335 2859 4410 similiter
2910 4335 3263 4434 spoliatus
3324 4344 3395 4412 et

794 4625 845 4682 1.
889 4645 920 4676 ιι
947 4623 1010 4680 El
1039 4625 1192 4700 Papa
1209 4624 1282 4680 ha
1309 4621 1456 4680 dona
1482 4639 1516 4679 a
1544 4619 1838 4678 Geronimo
1867 4617 2018 4676 Zorzi
2048 4617 2141 4691 K„
2166 4619 2495 4691 (chevalier),
2515 4617 2891 4677 Ambassador
2919 4617 3062 4676 della
3106 4619 3392 4694 Signoria,

721 4711 775 4770 la
799 4712 954 4770 Rosa
979 4713 1153 4784 d'oro,
1183 4713 1284 4770 che
1312 4731 1376 4770 za
1401 4717 1622 4788 quattro
1649 4711 1780 4768 anni
1820 4710 1873 4766 fo
1908 4709 2057 4766 dona
2088 4709 2140 4766 al
2166 4709 2251 4767 Re
2290 4708 2449 4767 Carlo
2480 4709 2537 4766 di
2576 4709 2803 4779 Franza,
2834 4717 2893 4767 et.
2920 4713 2951 4767 ὁ
2980 4715 3071 4767 sta
3096 4709 3153 4767 la
3196 4717 3397 4786 quarta

724 4801 1022 4858 Domenica
1047 4803 1103 4858 di
1131 4801 1452 4872 Quaresima
1483 4821 1498 4860 τ
1529 4801 1740 4872 Questa
1765 4817 1916 4870 rosa,
1946 4799 1997 4857 el
2025 4800 2178 4875 Papa
2204 4800 2480 4875 apparado
2508 4799 2581 4856 da
2607 4816 2793 4856 messa
2820 4799 2875 4856 la
2900 4805 3059 4874 porta
3086 4799 3145 4856 in
3172 4817 3303 4858 man
3336 4803 3393 4858 in

724 4888 932 4963 giesia3
964 4906 995 4945 e
1023 4893 1289 4948 tornando
1323 4894 1393 4950 da
1421 4891 1600 4968 giesia
1627 4889 1680 4948 al
1716 4888 1963 4962 Palazz0,
1994 4887 2047 4947 la
2072 4896 2228 4964 porta
2254 4890 2430 4946 anche
2458 4888 2517 4946 in
2553 4907 2681 4946 man
2708 4889 2767 4946 in
2808 4887 2957 4945 vista
2983 4887 3073 4945 del
3098 4889 3331 4963 popolo.
3366 4915 3395 4944 »ι

724 4975 1027 5052 Malipiero,
1074 4981 1284 5036 Annali
1335 4981 1543 5051 Veneti,
1594 4978 1734 5037 dans
1789 4977 1996 5039 l'Arch.
2044 4979 2190 5039 Scor.
2233 4979 2383 5045 Ital„
2428 4986 2469 5038 t.
2512 4977 2631 5050 vlt,
2674 4996 2729 5055 p.
2788 4979 2840 5050 1,
2886 4995 3017 5054 pag.
3062 4977 3188 5036 334.
3246 4979 3393 5057 Voy.

727 5066 958 5136 Sanuto,
989 5065 1046 5124 la
1071 5068 1294 5140 spectu,
1324 5087 1380 5144 p.
1411 5071 1536 5129 279.
1920 5055 1927 5062 .

731 5235 748 5244 -
795 5158 851 5216 2.
893 5157 1044 5214 Dans
1074 5155 1124 5214 le
1153 5158 1477 5216 consistoire
1503 5159 1598 5235 qui
1626 5167 1720 5218 eut
1745 5160 1857 5219 lieu
1884 5177 1945 5218 ce
1972 5165 2146 5218 meme
2165 5158 2314 5236 jour,
2343 5158 2393 5218 le
2432 5161 2581 5236 Pape
2618 5177 2829 5238 exposa
2855 5175 2967 5218 aux
3006 5159 3315 5221 cardinaux
3344 5161 3397 5220 12

729 5249 954 5321 roqueta
981 5247 1050 5304 de
1077 5245 1508 5305 l'embassadeur
1536 5249 1792 5320 francaiS.
1825 5249 1965 5324 Voy.
1988 5249 2213 5308 Sauudo
2244 5249 2321 5325 (p.
2354 5251 2503 5322 277).
