3625 6059
263 535 434 597 [Mars
469 534 610 595 14⁹³]
951 530 1204 587 RERUM
1255 529 1710 589 URBANARUM
1757 532 2291 591 COMMENTARH.
2900 548 2969 603 45

267 687 556 763 Deinde
582 708 894 761 ascenso
927 707 1142 782 equ0,
1175 684 1296 759 ubi
1328 684 1807 761 descenderat
1836 710 1967 783 per
1998 712 2055 759 s.
2094 688 2467 783 Basiliam,
2506 718 2564 765 s.
2602 698 2957 785 Marcum,

271 809 786 900 pelliciarium,
825 809 1127 883 domum
1159 808 1248 883 de
1278 810 1638 899 MaximiS,
1686 811 2034 909 palatium
2080 812 2465 889 cardinalis
2501 818 2953 913 Neapolitani

267 944 348 1012 et
387 937 798 1027 Parionem,
835 958 1164 1010 reversus
1198 942 1309 1009 est
1341 937 1432 1011 ad
1462 936 1840 1034 palatium.
2584 1016 2589 1019 ,

379 1063 566 1139 Huic
599 1065 850 1137 nostre
883 1060 1304 1159 equitationi
1334 1076 1600 1160 magna
1630 1064 1842 1161 copia
1870 1063 2197 1161 gentium
2232 1089 2597 1144 armorum
2628 1071 2949 1147 interfuit

277 1194 530 1287 preter
581 1186 898 1278 solitum,
951 1185 1151 1284 quod
1197 1185 1288 1260 ab
1337 1186 1674 1261 omnibus
1721 1188 1857 1262 fuit
1905 1188 2144 1263 minus
2179 1189 2549 1267 laudatum
2596 1196 2721 1291 (1).
2779 1202 2958 1273 Nam

275 1314 620 1388 ordinem
685 1317 1044 1401 nostrum,
1118 1310 1450 1387 videlicet
1515 1312 1796 1387 valisias
1859 1315 2373 1411 cardinalium,
2450 1328 2960 1417 precesserunt

277 1438 529 1535 plures
570 1436 934 1511 balestarii
980 1444 1051 1513 et
1093 1445 1382 1534 squatre
1428 1436 1751 1534 gentium
1791 1464 2165 1517 armorum
2207 1448 2279 1516 et
2310 1447 2775 1545 quamplures
2820 1449 2957 1523 alie

275 1573 448 1641 sunt
497 1565 816 1663 prelatos
867 1569 1034 1662 post
1086 1564 1510 1660 pontificem
1573 1565 1979 1662 equitantes
2037 1576 2286 1645 secute
2342 1594 2505 1647 cum
2558 1572 2830 1648 lanceis
2884 1581 2958 1649 et

275 1692 518 1789 plenis
551 1690 798 1765 armis.
833 1689 1290 1765 Gubernator
1319 1690 1535 1765 etiam
1568 1692 1780 1765 Urbis
1802 1716 1971 1766 cum
1994 1698 2627 1773 conservatoribus
2657 1707 2731 1773 et
2757 1703 2957 1799 capi-

273 1816 474 1890 tibus
503 1815 864 1912 aliquibus
891 1816 1302 1914 regionum,
1341 1816 1686 1915 barigello
1718 1825 1790 1892 et
1818 1818 2063 1893 multis
2093 1821 2461 1917 gentibuS‚
2490 1824 2851 1922 equitibus
2884 1832 2956 1901 et

275 1940 652 2039 peditibus
675 1941 752 2015 in
782 1940 1080 2015 diversis
1116 1942 1598 2040 positionibus
1637 1950 1711 2019 et
1741 1945 1922 2019 locis
1952 1969 2035 2021 ac
2069 1946 2327 2043 plateis
2357 1949 2681 2045 pontifici
2712 1959 2957 2048 prete-

271 2066 522 2141 reunti
577 2090 656 2139 se
705 2074 1240 2165 presentarunt.
1307 2069 1673 2145 Ordinavit
1729 2078 2117 2170 propterea
2166 2074 2523 2149 Sanctitas
2581 2100 2715 2151 sua
2759 2080 2954 2175 quod

273 2192 650 2291 capitanei
681 2193 1004 2268 Ecclesie
1046 2202 1118 2269 et
1154 2202 1364 2293 porte
1394 2196 1667 2293 palatii,
1702 2196 1895 2271 inter
1924 2198 2329 2273 cardinales
2374 2205 2448 2273 et
2480 2202 2951 2277 Sanctitatem

275 2342 492 2393 suam
525 2317 973 2412 incederent,
1009 2327 1080 2395 et
1119 2323 1272 2394 DD.
1325 2324 1752 2397 Sermonete
1799 2330 1873 2397 et
1914 2324 2217 2422 Corrigii
2260 2332 2333 2400 et
2377 2325 2582 2399 multi
2610 2326 2729 2399 alii
2775 2350 2950 2424 gen-

269 2447 454 2519 tium
503 2468 874 2521 armorum
921 2446 1436 2537 conductoreS,
1480 2455 1645 2546 post
1689 2448 2011 2525 medicos
2053 2455 2125 2523 et
2165 2456 2333 2523 ante
2377 2451 2695 2547 prelatos
2730 2452 2951 2525 assis-

267 2578 525 2647 tentes*
564 2572 1039 2646 sanctitatem
1111 2597 1316 2647 suam
1381 2582 1881 2671 sequerentur,
1931 2581 2143 2673 prout
2192 2582 2267 2651 et
2314 2576 2586 2650 factum
2636 2577 2774 2650 fuit
2822 2601 2953 2675 per

277 2704 511 2773 totam
539 2698 856 2795 plateam
895 2721 955 2770 s.
994 2698 1207 2791 Petri,
1243 2707 1315 2773 et
1356 2722 1586 2796 usque
1626 2699 1822 2775 circa
1853 2702 2150 2775 domum
2196 2705 2283 2775 D.
2326 2658 2949 2799 Episcopifflultess

273 2824 612 2899 mensis
650 2850 665 2895 :
699 2826 891 2921 quod
929 2847 1068 2921 ego
1102 2846 1519 2923 perversum
1557 2825 1886 2902 ordinem
1922 2850 2259 2909 cernens,
2296 2824 2442 2899 dixi
2474 2830 2599 2901 SS.
2632 2830 2719 2900 D.
2753 2830 2838 2903 N.
2876 2827 2950 2901 id

271 2973 740 3047 nequaquam
777 2949 1190 3039 convenire,
1233 2949 2066 3049 bonispersuasionibus
2098 2950 2473 3025 Sanctitati
2514 2974 2643 3025 sue
2674 2953 2947 3049 suppli-

270 3096 448 3149 cans
497 3076 698 3172 quod
740 3074 846 3147 eis
886 3074 1130 3149 locum
1169 3096 1418 3151 eorum
1471 3076 1626 3151 dari
1673 3084 2071 3174 pateretur,
2125 3098 2267 3173 que
2311 3075 2488 3149 mihi
2535 3074 2711 3148 dixit
2753 3075 2948 3171 quod

273 3226 404 3279 eos
432 3210 610 3279 ante
637 3201 1052 3299 capitaneos
1079 3201 1447 3300 predictos
1479 3210 1550 3277 et
1579 3208 1744 3301 post
1765 3225 2021 3276 omnes
2048 3201 2449 3277 cardinales
2480 3201 2941 3289 collocarem.

273 3329 652 3405 intellecto
685 3335 927 3405 tamen
967 3352 1012 3402 a
1039 3352 1158 3403 me
1189 3328 1386 3426 quod
1423 3328 1497 3401 id
1527 3334 1853 3404 RRmoS.
1902 3334 2055 3404 DD.
2106 3327 2508 3404 cardinales
2559 3328 2947 3428 plurimum

275 3454 586 3547 lederet,
641 3454 1006 3529 commisit
1068 3454 1246 3529 mihi
1306 3462 1387 3530 ut
1453 3454 1556 3529 eis
1608 3455 1853 3532 locum
1901 3454 2152 3531 darem
2202 3462 2371 3532 ante
2430 3476 2725 3531 crucem
2784 3460 2949 3552 post

277 3674 344 3713 en
377 3654 540 3727 1764,
571 3663 630 3715 et.
657 3676 766 3715 une
796 3662 950 3716 autre
978 3656 1328 3717 dissertation
1359 3656 1432 3716 du
1461 3664 1634 3717 meme
1664 3666 1859 3717 auteur
1886 3678 1981 3717 sur
2007 3656 2056 3717 le
2084 3664 2259 3717 meme
2288 3660 2432 3736 sujet
2456 3662 2627 3718 :Dell'
2645 3678 2828 3718 errore
2858 3658 2949 3719 che

275 3750 518 3819 miste
555 3748 690 3805 παῖ’
723 3748 1041 3807 attribuirsi
1085 3752 1134 3807 le
1173 3749 1390 3821 pitture
1428 3750 1486 3806 al
1519 3751 1688 3807 Sanco
1717 3748 2091 3823 Ευαηῃείἰεεα,
2143 3748 2199 3806 in
2240 3750 2481 3822 Firenze‚
2527 3752 2684 3823 1766,
2726 3749 2844 3807 in-8
2881 3752 2949 3809 de

277 3838 346 3893 25
377 3855 574 3913 pagoe.

343 3926 392 3985 1.
435 3928 902 3987 L’ambassadeur
925 3924 1108 3987 Valori
1137 3930 1364 3989 ecrivait
1389 3934 1422 3987 a
1446 3931 1500 3987 la
1527 3929 1835 4005 seigneurie
1864 3930 1931 3987 de
1961 3929 2221 3988 Florence
2254 3948 2269 3989 :

341 4042 370 4067 u
506 4014 640 4075 Hier
677 4018 905 4077 mattina
930 4014 1128 4078 Nostro
1171 4018 1409 4095 Signore
1447 4020 1743 4079 chavalcho
1781 4038 1817 4077 a
1852 4018 1913 4079 S.
1947 4018 2121 4078 Maria
2160 4022 2439 4096 maggiore
2470 4019 2607 4078 dove
2646 4016 2705 4079 fu
2740 4020 2791 4079 la
2831 4022 2945 4079 sta-

277 4104 420 4165 tione
449 4106 506 4163 in
537 4108 958 4167 Pontifiealibus
993 4128 1148 4167 come
1173 4115 1204 4167 e
1233 4117 1518 4180 consueto,
1555 4127 1646 4167 ma
1681 4128 1784 4169 con
1824 4110 2195 4186 grandissima
2231 4128 2448 4186 pompa.
2494 4112 2559 4169 Et
2596 4118 2793 4185 questa
2830 4130 2860 4169 e
2899 4111 2953 4168 la

277 4196 450 4271 prima
477 4198 645 4268 volta,
675 4199 768 4274 poi
797 4201 856 4257 fu
886 4207 1164 4269 coronate,
1197 4200 1298 4257 che
1325 4200 1453 4257 abbi
1481 4200 1835 4258 chavalchato
1864 4218 1963 4276 per
1991 4199 2185 4258 Roma.
2228 4201 2375 4258 Oltre
2405 4201 2457 4257 al
2493 4207 2757 4259 consueto
2800 4200 2949 4275 degli

277 4286 392 4343 altri
423 4284 722 4359 Pontefici,
751 4288 806 4346 la
833 4288 894 4347 S.
928 4286 1174 4347 Sanctita
1203 4290 1408 4347 havera
1427 4286 1642 4347 dinanzi
1666 4292 1736 4348 ad
1758 4309 1819 4347 se
1847 4296 1927 4346 tre
1958 4291 2193 4365 squadre
2224 4290 2278 4346 di
2307 4290 2497 4348 cavalli
2527 4290 2716 4365 leg-ieri
2746 4300 2949 4351 armate

277 4374 328 4431 di
367 4374 491 4434 tutti
531 4394 704 4447 anne,
747 4394 780 4435 e
815 4377 1162 4454 privigionati
1207 4380 1353 4437 della
1392 4380 1622 4455 guardia
1657 4380 1713 4436 in
1755 4378 2007 4437 corazina
2045 4397 2147 4436 con
2193 4380 2499 4456 corgierini,
2547 4378 2853 4457 partigiane
2896 4390 2951 4438 et

283 4464 686 4525 inbracciature
739 4467 796 4525 in
840 4470 1002 4526 modo
1048 4470 1148 4525 che
1203 4468 1258 4527 la
1303 4470 1478 4529 crocie
1523 4476 1680 4545 porta
1717 4469 1907 4551 ,avanti
1952 4488 1987 4527 a
2028 4488 2173 4544 pena
2218 4468 2265 4525 si
2309 4470 2534 4528 vedeva.
2588 4471 2801 4528 Drietro
2844 4469 2950 4526 alla

283 4556 340 4612 S.
371 4556 598 4614 Santita
633 4558 916 4615 andarono
953 4558 1060 4615 due
1098 4560 1333 4631 squadre
1363 4559 1416 4616 di
1445 4565 1608 4635 gente
1647 4559 1850 4616 d’arme
1878 4577 1981 4616 con
2018 4558 2191 4617 lancie
2228 4557 2436 4631 lungbe
2464 4563 2669 4616 armate
2706 4576 2859 4615 come
2888 4574 2949 4615 se

279 4645 580 4703 andassino
613 4664 649 4704 a
677 4646 1011 4705 combattere
1042 4663 1058 4704 τ
1087 4648 1190 4705 che
1224 4654 1420 4723 questo
1457 4646 1618 4705 etiam
1653 4654 1895 4723 tempore
1932 4648 2059 4705 belli
2088 4647 2125 4704 li
2154 4646 2274 4703 altri
2314 4646 2579 4703 Pontefici
2617 4646 2725 4703 mai
2765 4647 2949 4703 hanno

275 4744 538 4793 consueto
583 4736 720 4795 sare.
773 4738 878 4793 Per
923 4743 1062 4795 tutto
1109 4739 1286 4796 Roma
1321 4742 1352 4793 e
1390 4744 1514 4795 suto
1552 4738 1760 4812 parlato
1805 4737 1954 4795 assai
2001 4738 2057 4794 di
2101 4742 2297 4811 questo
2342 4736 2507 4793 modo
2555 4742 2611 4793 et
2655 4735 2949 4794 biasimato

277 4826 708 4897 generalmente,
739 4844 850 4884 non
879 4828 1110 4885 mancho
1139 4845 1236 4903 per
1263 4846 1446 4885 essere
1475 4827 1794 4886 inconsueto
1826 4833 1879 4886 et
1905 4845 2003 4902 per
2032 4844 2139 4883 non
2170 4824 2478 4882 convenirsi
2502 4825 2573 4881 ad
2604 4843 2713 4883 uno
2742 4827 2948 4885 Ponte-

279 4912 374 4971 fice
403 4914 668 4973 undando
697 4915 932 4973 maxime
961 4916 1032 4973 ad
1065 4935 1174 4973 una
1202 4914 1560 4975 devotione...

341 5036 372 5063 κ.
413 5014 610 5085 Rome,
645 5010 736 5071 die
767 5012 956 5072 ultimo
986 5014 1260 5086 februarii,
1295 5014 1432 5072 1492
1463 5014 1679 5087 (1493),
1711 5014 1850 5070 hora
1880 5031 1991 5071 xvi.

1055 5105 1063 5111 ”
1452 5147 1480 5177 «
1511 5124 1715 5181 Servus
1753 5122 2047 5180 Pmmrrus
2084 5120 2357 5181 Vinomcs
2396 5130 2534 5181 orat.
2582 5146 2611 5176 »

353 5242 644 5311 §.b-chiam
671 5245 915 5301 Florem.
945 5244 1156 5301 Lettcre
1184 5244 1302 5315 auli
1329 5240 1368 5299 8
1393 5243 1456 5299 αἱ
1485 5242 1725 5305 Pratum,
1767 5236 1899 5297 claS.
1934 5240 2005 5311 X,
2036 5240 2165 5300 dist..
2196 5242 2251 5311 6,
2284 5260 2339 5299 n.
2370 5243 2425 5311 9,
2457 5260 2507 5299 a.
2542 5258 2591 5299 c.
2622 5241 2774 5310 247.)
