3625 6059
649 573 760 626 596
1570 565 1921 622 JOHANNts
1970 564 2413 636 BURCHARD1‚
2831 567 3159 629 [Decembre
3196 571 3333 630 ¹⁴99]

654 721 850 795 tione
885 720 1139 817 jubilei
1188 727 1263 796 et
1305 726 1642 816 apertura
1684 726 1889 817 porte
1938 743 2156 795 auree
2198 719 2495 794 basilice
2540 746 2601 791 s.
2652 719 2841 793 Petri
2887 721 3073 792 mihi
3128 719 3323 794 vide-

654 853 854 918 retur
883 845 1321 932 faciendum,
1365 845 1707 941 respondi
1750 845 2125 919 Sanctitati
2166 868 2294 919 sue
2330 843 2506 917 mihi
2539 844 2759 918 videri
2796 848 2865 915 ut
2908 849 3325 914 murator-es

657 977 1026 1066 rupturam
1075 975 1282 1066 porte
1331 968 1752 1042 ordinarent
1791 971 1893 1044 ita
1938 977 2015 1043 ut
2060 969 2397 1043 facillime
2445 968 2794 1066 perforari
2836 977 3147 1063 possent
3196 987 3324 1062 pro

653 1093 972 1190 vesperis
1013 1095 1088 1166 in
1137 1095 1550 1168 sanctitatis
1593 1119 1720 1168 sue
1766 1097 2159 1192 presentia,
2196 1101 2268 1168 et
2310 1103 2609 1193 propter
2643 1092 2979 1190 pulveres
3022 1098 3095 1161 et
3134 1094 3323 1160 tem-

655 1241 814 1312 puS,
871 1217 1194 1290 futurum
1247 1220 1619 1292 Sanctitati
1670 1243 1798 1294 sue
1851 1219 2395 1294 incommodum
2447 1227 2663 1314 atque
2711 1217 2933 1290 etiam
2980 1213 3325 1286 cardina-

651 1341 840 1414 libus
897 1348 1279 1438 expectare
1343 1349 1616 1416 tantam
1678 1353 2100 1441 rupturam;
2166 1355 2551 1441 propterea
2600 1341 2777 1415 mihi
2834 1339 3067 1412 videri
3127 1336 3325 1434 quod

654 1465 1008 1540 Sanctitas
1061 1491 1192 1539 sua
1244 1467 1318 1538 in
1371 1468 1611 1564 vigilia
1656 1493 1787 1566 pro
1843 1469 2159 1565 vesperis
2209 1469 2298 1541 ad
2344 1468 2716 1541 basilicam
2769 1463 3317 1550 descendendo,

655 1612 819 1664 cum
854 1598 1095 1665 essent
1139 1598 1306 1665 ante
1335 1600 1620 1689 portam
1663 1616 1982 1682 auream,
2019 1593 2221 1666 daret
2251 1593 2477 1666 ictum
2507 1577 2767 1664 malleo
2798 1594 2865 1660 et
2906 1593 3321 1660 muratores

653 1720 1016 1812 rupturam
1075 1721 1726 1812 prosequerentur3
1788 1717 2078 1790 interim
2136 1715 2491 1789 Sanctitas
2554 1737 2685 1786 sua
2740 1711 3173 1810 precederet
3228 1711 3319 1782 ad

651 1838 874 1911 altare
929 1840 1200 1936 majuS,
1254 1839 1770 1915 inchoarentur
1818 1850 1891 1914 et
1934 1846 2550 1936 prosequerentur
2604 1861 2901 1935 vespere
2954 1860 3187 1933 usque
3228 1835 3321 1909 ad

655 1962 912 2052 finem3
958 1962 1218 2057 quibus
1262 1964 1512 2054 finitis,
1569 1966 1795 2040 exiret
1836 1972 2119 2061 portam
2161 1963 2473 2038 mediam
2514 1964 2839 2060 ejusdem
2878 1962 3207 2048 basilice,
3250 1968 3316 2034 et

652 2114 786 2188 per
821 2097 1103 2187 portam
1147 2113 1469 2178 auream,
1509 2090 1694 2163 facta
1721 2088 1919 2185 prius
1960 2088 2309 2177 oratione,
2352 2087 2627 2185 primus
2664 2085 2994 2176 intraret,
3044 2091 3119 2160 et
3158 2093 3315 2181 post

653 2240 816 2292 eum
852 2215 1280 2307 cardinaleS,
1319 2225 1390 2290 et
1421 2215 1568 2302 alii,
1615 2237 1783 2287 cum
1819 2213 1925 2284 vix
1963 2217 2209 2310 posset
2246 2220 2450 2310 porta
2480 2213 2660 2310 ipsa,
2700 2211 3025 2309 vesperis
3056 2211 3313 2284 durau-

655 2339 872 2429 tibus,
923 2341 1272 2436 perforari
1317 2349 1389 2414 et
1432 2339 1618 2412 bene
1658 2336 2021 2428 mundari,
2069 2343 2141 2411 et
2185 2337 2381 2434 quod
2424 2338 2785 2434 magistris
2830 2345 2905 2410 et
2946 2335 3309 2410 laborato-

655 2465 850 2539 ribus
891 2489 976 2538 ac
1020 2465 1598 2561 quibuscumque
1647 2463 1806 2535 aliis
1852 2463 1985 2535 suh
2023 2486 2213 2560 pena
2255 2461 2660 2535 amissionis
2710 2461 2846 2535 vite
2887 2483 3023 2532 seu
3065 2459 3309 2556 capitis

656 2589 1126 2663 truncationis
1167 2589 1495 2662 mandari
1540 2613 1630 2660 ne
1671 2589 1831 2683 quis
1860 2611 1991 2684 per
2022 2594 2307 2684 portam
2340 2588 2569 2681 ipsam
2605 2587 2904 2660 intraret
2942 2585 3061 2658 vel
3092 2585 3309 2659 exiret

655 2721 818 2786 ante
868 2714 1336 2787 Sanctitatem
1379 2737 1608 2802 suam,
1657 2711 1783 2784 sed
1824 2711 1942 2784 alii
1981 2712 2354 2808 perforent
2395 2711 2485 2784 ab
2522 2711 2743 2801 intuS,
2788 2710 2907 2784 alii
2950 2709 3046 2783 ab
3088 2714 3307 2794 extra,

654 2844 725 2911 et
752 2861 1010 2934 corpus
1041 2843 1248 2933 porte
1281 2837 1521 2934 palatii
1554 2837 1644 2909 ab
1676 2837 1867 2909 intra
1892 2835 2385 2910 laborantibus
2417 2843 2770 2934 preesset,
2805 2843 2876 2910 et
2906 2835 3313 2933 provideret

653 2983 745 3034 ne
777 2962 937 3056 quis
976 2962 1276 3034 intraret
1305 2961 1417 3034 vel
1457 2959 1712 3048 exiret,
1758 2967 1836 3032 ut
1871 2960 2255 3057 prefertur,
2305 2961 2499 3057 quod
2537 2961 2611 3033 in
2646 2961 2879 3058 vigilia
2910 2961 3247 3058 predicta
3276 2985 3315 3032 a

657 3087 960 3159 meridie
993 3109 1224 3182 usque
1269 3108 1413 3182 quo
1455 3085 1812 3160 Sanctitas
1854 3107 1983 3157 sua
2022 3092 2305 3181 portam
2347 3109 2639 3158 auream
2686 3085 3127 3176 intravisset,
3164 3085 3315 3184 pul-

657 3218 908 3282 sentur
938 3233 1192 3283 omnes
1236 3233 1586 3307 campane
1619 3210 1943 3282 omnium
1984 3208 2483 3300 ecclesiarum,
2520 3209 2988 3306 capellarum,
3026 3233 3317 3284 monas-

662 3334 1008 3406 teriorum
1061 3340 1135 3406 et
1189 3333 1516 3430 Capitolii
1569 3333 1804 3408 Urbis,
1866 3332 2377 3408 Ordinaveram
2426 3340 2498 3406 et
2547 3355 2633 3406 ex
2678 3332 3026 3434 psalterio
3084 3342 3315 3408 certos

656 3456 1044 3530 versiculos
1087 3458 1556 3554 collegeram,
1605 3468 1677 3532 et
1708 3467 1985 3533 certam
2026 3459 2431 3533 orationem
2463 3481 3016 3555 composueram
3058 3481 3315 3532 conve-

653 3582 974 3655 nientem
1026 3605 1160 3678 per
1207 3584 1678 3658 Sanctitatem
1723 3607 1928 3656 suam
1978 3590 2145 3658 ante
2192 3592 2607 3681 aperturam
2652 3591 2859 3681 porte
2902 3583 3305 3674 dicendam,

659 3729 800 3802 que
832 3706 1048 3780 etiam
1081 3708 1454 3782 Sanctitati
1489 3732 1616 3782 sue
1647 3708 1820 3805 legi,
1855 3708 2267 3805 hujusmodi
2298 3709 2565 3782 tenoris
2602 3736 2617 3780 :

815 3888 829 3902 .
889 3830 1046 3904 Hec
1074 3845 1172 3905 est
1203 3833 1349 3906 dies
1376 3857 1592 3930 qaam
1619 3835 1794 3932 fecit
1832 3833 2204 3924 Dominus,

815 4012 829 4027 .
887 3955 1319 4030 Eoeecltemzcs
1351 3971 1414 4030 et
1445 3958 1740 4030 letemur
1770 3958 1845 4029 ite
1878 3984 1983 4032 ea.

815 4137 829 4150 .
891 4079 1216 4154 Laudate
1242 4083 1662 4172 Dominam,
1700 4106 1937 4156 omnes
1972 4097 2238 4180 qetzte-r,

816 4259 830 4274 .
889 4205 1215 4281 Laudato
1244 4233 1430 4296 eum,
1468 4233 1706 4280 omlnes
1724 4209 2007 4304 populi.

755 4351 828 4417 y.
889 4331 956 4402 A
968 4333 1182 4430 fferte
1209 4334 1519 4406 Domino
1546 4334 1851 4430 {floriani
1882 4347 1949 4406 et
1976 4335 2346 4423 honorem,

753 4456 829 4546 ιζ’.
881 4457 944 4528 Α
961 4457 1197 4530 dorato
1224 4459 1618 4530 Dominum
1649 4459 1722 4530 in
1753 4461 1931 4531 atrio
1960 4472 2198 4531 stenelo
2228 4459 2413 4554 ejus,

760 4582 800 4668 JV
818 4637 832 4653 .
891 4581 1359 4678 iliaffltisicate
1385 4583 1781 4654 Dominum
1813 4607 2069 4672 meum,

755 4727 832 4794 ιι).
893 4705 966 4776 E
972 4717 998 4777 t
1024 4707 1416 4780 waltemus
1445 4731 1696 4779 nomen
1730 4707 1887 4803 ejus
1918 4708 1990 4779 in
2027 4707 2105 4778 id
2128 4707 2384 4802 ipsum.

757 4833 830 4922 5³,
889 4830 1184 4926 Aperite
1213 4833 1387 4904 milei
1400 4844 1648 4926 portas
1665 4833 1975 4927 justitie,

753 4958 832 5048 ιῇ.
887 4955 1268 5053 Infflvssas
1299 4959 1372 5029 in
1405 4982 1545 5046 ecla,
1583 4958 1959 5053 confitebor
1984 4957 2323 5030 Domino,

754 5085 829 5172 ᾗ).
888 5081 1046 5154 Hec
1063 5095 1276 5179 porta
1306 5083 1622 5172 Domini,

752 5209 830 5299 ἡ).
887 5205 1084 5276 Ιιιείὶ
1115 5204 1478 5278 intrabunt
1509 5207 1581 5278 in
1613 5231 1793 5279 eane.

752 3832 804 4351 ³-2-Z³*<2’-29*<2
