3625 6059
297 575 430 640 [Mal
449 576 610 636 »14991
981 573 1236 632 RERUM
1288 573 1744 634 URBANARUM
1793 574 1943 644 COM
1950 579 2001 634 M
2008 578 2097 634 EN
2104 579 2189 636 TA
2198 580 2297 636 Rll
2304 626 2317 640 .
2892 592 2998 650 533

293 727 632 802 Julianus
689 726 1141 818 CamerinuS,
1201 727 1506 802 servitor
1562 729 1749 800 Rmi.
1807 732 1895 803 D.
1951 729 2333 806 cardinalis
2388 757 2447 806 s.
2501 737 2779 812 Crucis,
2830 740 2991 816 Alia

302 855 559 927 omnia
588 853 971 926 observata
1008 858 1174 926 sunt
1196 876 1402 926 more
1437 852 1676 926 solito.

398 978 748 1069 Sabbato,
795 981 884 1050 25
935 977 1132 1071 maii,
1175 977 1419 1074 vigilia
1462 977 1916 1052 sanctissime
1961 979 2352 1074 TrinitatiS‚
2394 985 2757 1062 celebrate
2810 994 2977 1061 sunt

295 1127 602 1201 vespere
649 1101 1014 1176 solemnes
1070 1102 1146 1174 in
1200 1101 1477 1200 capella
1525 1101 1964 1199 supradicta,
2019 1107 2205 1202 Papa
2271 1117 2644 1204 presente,
2697 1112 2974 1208 absque

297 1227 1005 1305 commemoratione
1040 1229 1441 1320 dominice3
1478 1235 1550 1304 et
1595 1228 1949 1304 ordinavit
1986 1232 2114 1305 SS.
2155 1235 2239 1304 D.
2277 1236 2361 1305 N.
2400 1235 2594 1330 quod
2625 1235 2972 1335 deinceps

299 1353 676 1453 perpetuis
707 1352 964 1427 futuris
1007 1354 1450 1451 temporibus
1481 1353 2085 1429 commemoratio
2120 1355 2337 1454 hujus
2370 1359 2732 1436 dominice
2765 1363 2975 1436 omit·

297 1488 582 1556 teretur
623 1486 696 1552 et
736 1502 885 1553 non
923 1478 1160 1568 fieret,
1205 1503 1373 1552 cum
1426 1479 1690 1552 festum
1740 1479 1835 1552 sit
1885 1480 2149 1577 duplex
2192 1483 2451 1580 majus.
2504 1484 2688 1569 Quid
2727 1492 2972 1560 autem

298 1606 717 1681 faciendum
761 1604 852 1679 de
899 1605 1042 1678 hac
1088 1603 1452 1678 dominica
1497 1604 1776 1678 dicetur
1818 1605 1891 1677 in
1930 1605 2266 1678 rub‘riciis
2308 1606 2631 1682 breviarii
2665 1609 2754 1684 de
2789 1634 2971 1684 novo

298 1731 750 1805 ordinandis,
793 1735 871 1803 In
916 1729 1282 1804 dominica
1335 1729 1696 1826 sequenti,
1747 1730 1881 1803 fuit
1929 1730 2151 1806 missa
2198 1731 2543 1807 solemnis
2591 1735 2663 1807 in
2713 1736 2971 1811 eadem

297 1857 620 1955 capella,
669 1879 886 1952 quam
954 1853 1344 1930 celebravit
1404 1858 1649 1928 RmuS.
1711 1860 1796 1929 D.
1850 1855 2235 1930 cardinalis
2300 1860 2723 1953 Gurcensis,
2776 1866 2971 1958 Papa

297 1983 526 2056 etiam
587 1988 953 2078 presente.
1010 1983 1438 2054 Sermonem
1497 1979 1668 2054 fecit
1729 1980 1953 2054 frater
1996 1981 2334 2055 Nicolaus
2393 1982 2482 2055 de
2528 1989 2968 2060 Castromuri

296 2108 384 2180 de
451 2106 818 2204 Neapoli;
877 2105 1076 2203 prior
1131 2110 1528 2178 conventus
1588 2104 1862 2178 ordinis
1942 2106 2479 2202 predicatorum
2550 2111 2971 2209 Neapolita-

299 2256 589 2307 norum.
2012 2255 2017 2258 ·

399 2359 680 2433 Eadem
717 2359 862 2449 die,
898 2363 1147 2432 RmuS.
1199 2357 1582 2432 cardinalis
1629 2382 1686 2431 s.
1724 2357 2039 2454 Georgii,
2079 2360 2205 2432 SS.
2251 2363 2337 2432 D.
2385 2364 2469 2433 N.
2505 2385 2691 2458 pape
2736 2387 2975 2440 came-

309 2485 570 2572 rariuS‚
608 2484 972 2559 commisit
1005 2483 1181 2558 mihi
1226 2491 1302 2558 ut
1330 2484 1649 2557 facerem
1681 2483 1994 2558 intimari
2030 2509 2162 2582 per
2201 2485 2531 2560 cedulam
2563 2491 2971 2585 processio-

303 2635 468 2684 nem
505 2610 651 2684 diei
686 2610 1011 2707 corporis
1038 2608 1297 2682 Christi
1331 2609 1657 2706 proxime
1689 2609 1929 2702 futuri,
1961 2618 2177 2707 prout
2214 2613 2583 2710 superiore
2622 2639 2814 2690 anno
2840 2617 2971 2691 fuit

301 2737 794 2827 observatum,
833 2745 904 2810 et
935 2742 1011 2809 ut
1045 2736 1285 2809 socius
1325 2758 1531 2810 meus
1562 2736 1836 2810 faceret
1868 2736 2198 2812 distribui
2228 2739 2393 2812 loca
2423 2762 2555 2835 pro
2588 2740 2970 2815 cardinali-

300 2861 426 2934 bus
489 2861 588 2935 ad
646 2861 976 2936 ordinem
1025 2870 1099 2935 et
1140 2869 1473 2935 ornatum
1527 2861 1861 2959 ejusdem
1903 2863 2429 2960 processioniS,
2477 2865 2672 2961 quod
2730 2865 2967 2940 eidem

303 2989 506 3062 socio
556 3010 721 3061 meo
765 2987 1186 3084 significavi,
1241 2993 1316 3060 et
1362 2985 1500 3060 feci
1551 2987 1845 3061 cedulas
1895 3012 2071 3083 quas
2121 2992 2326 3062 Rma.
2379 2989 2791 3064 Dominatio
2836 3013 2970 3062 sua

301 3113 616 3210 sigillare
653 3113 822 3187 fecit
851 3119 924 3186 et
952 3137 1086 3210 per
1113 3135 1447 3186 cursores
1475 3112 1814 3203 intimari,
1850 3112 2066 3210 hujus
2092 3113 2409 3186 tenoris:

395 3242 510 3311 De
541 3238 885 3313 mandato
919 3240 1046 3313 SS.
1085 3243 1170 3312 D.
1203 3241 1288 3312 N.
1319 3261 1505 3336 pape
1536 3236 1923 3311 mandatur
1952 3236 2251 3333 singulis
2284 3237 2760 3336 infrascriptis
2793 3262 2967 3335 qua-

297 3371 509 3436 tenus
561 3363 694 3437 sub
737 3387 924 3460 pena
979 3387 1027 3436 x
1068 3363 1495 3436 ducatorum
1549 3361 1706 3436 auri
1752 3362 1844 3436 de
1895 3385 2187 3436 camera
2240 3385 2529 3436 camere
2572 3363 2965 3461 apostolice

298 3487 893 3564 irremissibiliter
925 3487 1514 3586 applicandorum
1545 3486 1861 3561 debeant
1900 3511 2030 3584 per
2067 3491 2291 3560 totam
2322 3494 2738 3584 presentem
2772 3489 2965 3562 diem

297 3637 518 3687 xxvm
545 3613 902 3710 presentis
932 3612 1203 3688 mensis
1232 3613 1434 3702 maii,
1471 3611 1756 3686 dedisse
1789 3613 1865 3685 in
1897 3611 2181 3709 scriptis
2214 3614 2421 3686 Rmo.
2452 3618 2537 3687 D.
2564 3615 2965 3689 camerario

301 3739 598 3813 nomina
619 3745 690 3822 et
707 3740 1146 3836 cognomina
1173 3741 1497 3814 omnium
1531 3743 1604 3811 et
1631 3735 2080 3833 singulorum
2116 3736 2519 3810 officiorum
2550 3739 2809 3833 quibus
2831 3738 2964 3835 ipsi

297 3867 622 3958 presunt,
651 3884 778 3935 seu
803 3884 1110 3957 quorum
1144 3861 1275 3958 ipsi
1312 3860 1660 3937 officiales
1688 3860 1801 3935 vel
1833 3860 2185 3958 capellani
2214 3861 2553 3951 existunt,
2582 3863 2743 3936 etin
2778 3887 2967 3938 mar-

297 3987 454 4082 gine
495 3992 883 4061 annotasse
932 3986 987 4059 si
1034 3987 1155 4082 qui
1202 4009 1458 4061 eorum
1503 3986 1926 4060 officialium
1968 3985 2108 4059 sint
2138 3985 2227 4058 ab
2263 3989 2449 4060 Urbe
2483 3987 2820 4064 absentes
2854 3992 2961 4066 vel

299 4108 589 4202 infirmi,
622 4118 693 4186 et
724 4111 1031 4186 aliorum
1064 4111 1474 4184 officiorum
1504 4110 1853 4184 officiales
1882 4109 1993 4184 vel
2022 4107 2282 4206 prelati
2320 4134 2335 4180 ε

394 4236 1026 4327 Rescribendario,

394 4362 781 4459 Capellano
806 4363 1278 4437 collectorum
1309 4359 1611 4458 plumbi,

394 4488 780 4585 Capellano
807 4489 1241 4586 scriptorum
1274 4495 1518 4560 sancte
1549 4487 1946 4582 penitentie
1979 4487 2403 4586 apostolice,

392 4613 775 4710 Capellano
805 4612 1412 4702 abbreviatorum,

389 4737 773 4835 Capellano
806 4736 1349 4810 sollicitatorum
1381 4735 1853 4833 epistolarum
1885 4736 2471 4834 apostolicarum,

389 4863 864 4937 Thesaurario
893 4861 1340 4935 notariorum
1373 4868 1556 4950 rote,

389 4989 698 5089 Syndico
727 4994 1281 5084 procuratorum
1314 4985 1951 5075 contradictarum,

400 5115 887 5213 Computatori
924 5123 1474 5212 procuratorum
1505 5115 2033 5212 penitentiarie.

409 5243 508 5314 De
571 5243 912 5316 mandato
974 5245 1098 5316 SS.
1150 5246 1236 5315 D.
1293 5245 1374 5316 N.
1430 5265 1650 5339 pape,
1702 5241 2084 5315 mandatur
2142 5239 2441 5338 singulis
2496 5235 2971 5333 infrascriptis
