3625 6059
801 540 906 595 332
1729 534 1758 589 J
1767 531 2080 588 OHANNIS
2131 530 2574 595 BUROEARDt,
3064 530 3297 591 [Janvier
3322 534 3433 597 1493]

804 693 1078 769 riorum
1127 697 1264 777 est,
1311 688 1653 785 suscepit,
1711 695 1783 761 et
1820 694 1987 783 post
2025 708 2279 761 omnes
2322 684 2499 758 alios
2541 684 3077 782 protonotarios
3106 684 3183 757 in
3222 686 3432 761 ultimo

802 816 965 889 loco
999 814 1128 888 sibi
1166 814 1409 887 debito
1437 813 1724 887 locavit.

906 941 1114 1013 Feria
1160 940 1433 1035 quinta,
1485 944 1524 1011 5
1569 938 1912 1036 januarii,
1971 937 2257 1009 fuerunt
2314 956 2611 1031 vespere
2666 934 3032 1009 solemnes
3084 934 3161 1007 in
3202 934 3435 1031 capella

807 1064 1156 1162 predicta,
1205 1068 1400 1160 Papa
1441 1071 1817 1160 presente3
1866 1061 2101 1159 vigilia
2144 1060 2279 1133 fuit
2320 1058 2747 1155 Epiphanie,
2802 1082 3105 1158 vespere
3146 1059 3433 1133 videlicet

807 1190 1132 1287 ejusdcm
1163 1187 1434 1262 mensis
1466 1187 1536 1260 in
1566 1187 1750 1261 festo
1781 1186 2207 1283 Epiphanie.
2244 1191 2495 1258 Rmus.
2526 1188 2612 1259 D.
2642 1186 3029 1259 cardinalis
3056 1211 3117 1259 s,
3156 1188 3435 1285 Dionysii

809 1312 1196 1386 celebravit
1225 1310 1522 1384 missam
1555 1310 1961 1385 solemnem
1992 1311 2062 1383 in
2097 1312 2353 1385 eadem
2384 1298 2688 1409 capella,
2724 1314 2921 1410 Papa
2950 1318 3289 1409 presente
3318 1314 3433 1407 qui,

807 1435 1032 1509 missa
1077 1435 1306 1524 finita,
1353 1435 1618 1508 creavit
1665 1435 1969 1509 militem
2018 1460 2074 1507 S.
2128 1436 2321 1508 Petri
2368 1436 2839 1533 magnificum
2881 1440 2969 1509 D.
3016 1435 3437 1511 Theodorum

812 1562 1052 1633 Bucca
1098 1559 1186 1634 de
1237 1538 1566 1657 Neapoli,
1623 1560 1972 1633 Romanie
2014 1560 2334 1633 nobilem
2382 1584 2397 1633 :
2450 1583 2865 1635 sermonem
2913 1560 3089 1634 fecit
3140 1559 3213 1632 in
3258 1560 3439 1632 missa

811 1690 1236 1783 procurator
1266 1685 1536 1758 ordinis
1567 1684 1777 1760 beate
1805 1685 2053 1759 Marie.

919 1809 1124 1883 Feria
1153 1810 1497 1899 secunda,
1534 1815 1575 1881 9
1607 1810 1950 1907 januarii,
1988 1809 2121 1883 fuit
2152 1808 2419 1883 factum
2450 1811 2961 1887 consistorium
2994 1810 3067 1882 in
3098 1834 3243 1906 quo
3272 1814 3344 1881 R.
3374 1813 3429 1881 P.

818 1940 905 2008 D.
940 1935 1382 2030 Augustinus
1413 1934 1501 2007 de
1533 1935 1877 2025 Guarino,
1920 1936 2401 2009 subdiaconus
2433 1936 2901 2034 apostolicuS,
2940 1941 3313 2031 promotus
3338 1934 3437 2005 suit

820 2060 912 2134 ad
951 2058 1332 2132 ecclesiam
1366 2058 1962 2140 Tricaricensem,
2000 2061 2203 2157 cujus
2236 2061 2620 2158 episcopus
2661 2085 2895 2157 nuper
2923 2060 3055 2133 fuit
3094 2084 3139 2135 a
3168 2060 3431 2155 quodam

815 2184 1238 2258 interfectus
1286 2208 1302 2256 ε
1349 2183 1605 2257 eadem
1655 2182 1769 2257 die
1819 2190 2071 2281 gentes
2115 2185 2528 2259 invaserunt
2570 2192 2889 2259 castrum
2934 2184 3298 2259 Bracciani
3336 2206 3436 2277 por

817 2332 1066 2383 muros
1107 2332 1274 2382 cum
1319 2308 1558 2399 scaliS,
1611 2314 1684 2381 et
1723 2308 2015 2382 fuerunt
2057 2308 2175 2383 alii
2220 2311 2427 2407 pauci
2474 2334 2562 2385 ex
2604 2310 2880 2385 eisdem
2922 2309 3256 2406 gentibus
3290 2307 3433 2379 inte-

819 2435 1107 2532 rempti,
1147 2442 1218 2508 et
1247 2433 1453 2508 multi
1495 2434 1870 2522 vulnerati,
1914 2441 1982 2507 et
2016 2435 2195 2508 nihil
2224 2436 2715 2533 profecerunt.

917 2560 1126 2631 Feria
1177 2559 1499 2632 secunda
1547 2560 1760 2656 hujus
1818 2560 2089 2633 mensis
2137 2559 2476 2655 januarii,
2534 2559 2726 2632 circa
2778 2557 3175 2633 secundam
3224 2558 3429 2630 horam

824 2684 1055 2759 noctis
1096 2685 1376 2781 peperit
1423 2684 1903 2757 illustrissima
1937 2684 2230 2757 domina
2274 2684 2562 2759 ducissa
2598 2686 3015 2776 Mediolani,
3058 2708 3239 2759 uxor
3278 2684 3433 2755 illus-

829 2809 1122 2883 trissimi
1160 2812 1245 2882 D.
1289 2808 1630 2882 Ludovici
1667 2809 1870 2882 ducis
1908 2809 2324 2901 Mediolani,
2360 2810 2506 2884 filia
2538 2809 3001 2885 illustrissimi
3033 2813 3117 2881 D.
3156 2805 3431 2881 Herculis

821 2935 1024 3007 ducis
1043 2934 1372 3009 Ferrarie
1399 2934 1760 3029 quoddam
1781 2942 2213 3025 monstrum,
2234 2958 2321 3009 ex
2348 2957 2493 3031 quo
2514 2941 2747 3032 partu,
2775 2936 2933 3032 ipsa
2946 2934 3257 3023 ducissa,
3284 2931 3433 3003 ciria

819 3061 1076 3133 horam
1120 3059 1504 3156 septimam
1549 3042 1877 3156 ejusdem
1921 3060 2154 3134 noctis
2193 3060 2334 3133 vita
2376 3061 2620 3132 functa
2659 3060 2817 3149 fuit,
2864 3067 2936 3134 et
2967 3058 3087 3133 die
3126 3052 3427 3152 sequenti.

822 3186 980 3281 ejus
1021 3184 1325 3257 cadaver
1370 3208 1459 3258 ex
1496 3191 1735 3258 castro
1774 3184 2101 3282 predicto
2142 3183 2547 3259 honorifice
2579 3189 2939 3283 portatum
2981 3183 3073 3257 ad
3104 3179 3429 3257 ecclesiam
3515 3284 3516 3289 Ἰ

821 3310 1244 3383 monasterii
1278 3310 1422 3383 sive
1464 3317 1863 3382 conventus
1903 3309 2103 3383 ducis
2142 3309 2364 3383 Marie
2406 3309 2494 3383 de
2528 3310 2790 3383 Gratiis
2830 3309 2903 3381 in
2942 3314 3153 3405 porta
3188 3301 3431 3383 Vercel-

822 3433 968 3506 lina
1013 3433 1562 3524 Mediolanensi,
1609 3440 1681 3507 et
1723 3433 1992 3509 ibidem
2026 3434 2423 3532 sepultum3
2470 3442 2873 3510 monstrum
2906 3456 3074 3507 vero
3116 3433 3187 3507 in
3224 3428 3431 3505 eodem

825 3566 1062 3635 castro
1099 3564 1460 3633 retentum
1494 3560 1626 3651 (1).

905 3785 953 3837 1.
999 3804 1027 3831 «
1059 3780 1220 3835 Anno
1251 3779 1453 3836 Christi
1491 3780 2025 3851 MCDLXXXXVII,
2058 3783 2275 3839 Beatrix
2315 3782 2561 3839 Herculis
2592 3784 2747 3838 ducis
2792 3780 3052 3839 Ferraria}
3082 3781 3190 3837 titia
3214 3796 3269 3834 ac
3296 3773 3429 3830 Ludo-

829 3870 931 3927 vici
963 3870 1175 3927 Sfortiae
1206 3868 1500 3927 Mediolani
1531 3871 1686 3926 ducis
1718 3889 1874 3939 uxor,
1898 3870 2003 3927 hoc
2030 3890 2194 3939 ann0‚
2218 3871 2376 3928 tertio
2407 3872 2635 3929 ianuarii
2664 3892 2731 3929 ex
2753 3874 2956 3930 infelici
2978 3880 3139 3947 partu
3158 3888 3299 3928 suum
3324 3866 3429 3919 diem

828 3961 1025 4017 clausit
1054 3966 1375 4029 extremum,
1407 3960 1625 4016 duobus
1655 3968 1784 4034 post
1820 3978 1881 4017 se
1918 3961 2063 4017 natis
2094 3961 2353 4017 masculis
2386 3961 2618 4031 relictis;
2651 3980 2773 4036 quoe
2814 3972 2931 4020 erat.
2958 3964 3017 4018 in
3052 3959 3259 4018 iuvenili
3292 3962 3429 4011 aetate·

827 4054 1064 4107 formosa
1101 4068 1164 4105 ac
1201 4048 1344 4123 nigri
1384 4050 1600 4120 coloriS,
1633 4068 1897 4105 novarum
1934 4049 2167 4107 vestium
2206 4050 2496 4121 inventrix,
2538 4052 2633 4107 diu
2678 4060 2953 4127 noctuque
2992 4059 3147 4109 stans
3182 4049 3231 4104 in
3264 4048 3431 4101 chunus

828 4160 892 4197 ac
929 4138 1141 4196 deliciis
1184 4155 1198 4195 z
1233 4157 1574 4213 summopere
1612 4158 1645 4195 a
1683 4139 1960 4195 Ludovico
1998 4139 2276 4196 colebatur
2304 4139 2430 4195 licet
2467 4140 2775 4197 Lucretiam
2806 4159 2873 4197 ex
2902 4140 3246 4199 Cribellorum
3280 4130 3429 4191 sanni-1

831 4230 886 4285 in
927 4228 1289 4286 concubinam
1325 4229 1656 4302 recepisset;
1695 4247 1819 4301 quoe
1872 4246 1959 4285 res
2002 4246 2331 4303 quamquam
2364 4229 2578 4287 viscera
2610 4231 2866 4305 coniugis
2894 4231 3283 4292 commovisset,
3320 4234 3433 4277 amur

835 4326 1015 4375 tamen
1045 4319 1115 4375 ab
1146 4337 1210 4375 ea
1242 4336 1352 4375 non
1382 4318 1718 4375 discedebat.
1755 4319 2031 4375 Habuerat
2068 4326 2123 4375 et
2159 4320 2491 4391 LudovicuS,
2518 4330 2645 4378 ante
2684 4340 2931 4391 uxorem,
2963 4321 3211 4377 Ceciliam
3236 4334 3320 4390 pm
3346 4328 3431 4362 vui*

833 4406 1157 4477 concubina,
1197 4425 1362 4480 quam
1399 4407 1722 4481 desponsari
1762 4405 1927 4463 iussit
1964 4407 2073 4464 tilio
2104 4409 2333 4465 Joannis
2374 4408 2519 4466 Petri
2554 4410 2888 4485 Bergamini.
2924 4411 3193 4485 Exequias
3222 4400 3431 4461 Beati-ivs

831 4498 944 4552 dux
969 4514 1090 4551 cum
1123 4496 1360 4553 maximo
1388 4496 1534 4553 fastu
1565 4504 1619 4553 et
1649 4496 1911 4569 impensis
1942 4497 1995 4551 in
2027 4497 2257 4553 ecclesia
2279 4506 2482 4555 sancta}
2512 4499 2697 4555 Marito
2730 4500 3037 4557 Gratiarum
3066 4496 3258 4556 ordinis
3284 4510 3361 4565 pra
3380 4486 3433 4538 di-

835 4593 1078 4643 catorum
1120 4586 1381 4643 celebrari
1419 4586 1603 4653 iussit,
1645 4592 1869 4658 eratque
1900 4587 2129 4643 ecclesia
2158 4588 2363 4661 repleta
2404 4588 2577 4645 cereis
2607 4589 2949 4647 ardentibuS.
2994 4589 3189 4646 Omnes
3224 4578 3371 4639 clerici
3394 4580 3433 4625 ··¹.

839 4676 881 4729 n
883 4684 1030 4732 atres
1060 4675 1228 4731 totius
1269 4674 1564 4731 Mediolani
1601 4674 1892 4730 comitatus
1924 4676 1992 4731 ad
2030 4695 2123 4733 eas
2154 4677 2416 4750 exequias
2447 4696 2585 4733 conv
2588 4685 2841 4747 enerant;
2875 4696 3066 4735 omnes
3106 4684 3317 4734 oratores
3352 4679 3387 4720 ιε,
3396 4684 3431 4716 ιι
3504 4670 3506 4700 1

837 4761 1006 4817 Italia}
1036 4763 1338 4862 principum
1365 4782 1527 4863 quam
1554 4772 1610 4821 et.
1635 4763 1915 4820 civitatum
1946 4763 2081 4820 inibi
2110 4766 2347 4823 suerunt.
2378 4764 2679 4838 Sepultura)
2708 4766 2951 4823 tradita
2938 4784 2993 4821 m
3025 4766 3203 4821 eadem
3230 4758 3349 4815 eccl·
3356 4752 3429 4803 1-1

840 4849 894 4903 in
943 4851 1152 4922 capella
1197 4853 1407 4923 maiori,
1448 4872 1547 4927 per
1587 4854 1809 4910 brachia
1850 4858 2087 4927 quatuor
2134 4870 2301 4926 supra
2346 4860 2562 4911 terram.
2596 4852 2747 4909 Vixit
2776 4854 3003 4910 Maurus
3035 4870 3131 4927 per
3162 4864 3337 4907 annum
3376 4852 3431 4892 υῚ

839 4936 1129 5011 religiosus
1157 4947 1309 4996 veste
1340 4940 1584 5013 lucubra,
1615 4950 1671 5001 et
1696 4944 1854 5017 quasi
1881 4943 1969 4999 bis
2009 4943 2064 4999 in
2101 4944 2445 5000 hebdomada
2480 4944 2897 5001 celebrabantur
2932 4942 3111 4999 officia
3146 4956 3233 5013 pro
3265 4938 3429 5021 mortua

837 5045 1006 5083 uxore
1035 5047 1133 5101 per
1159 5032 1786 5099 annu1n‚ieiunandoin
1818 5035 2005 5089 eadem
2037 5033 2123 5089 die
2155 5052 2261 5107 qua
2290 5040 2501 5090 mortua
2525 5040 2629 5103 est,
2662 5040 2717 5089 et
2736 5033 2893 5106 quasi
2919 5032 3061 5088 omni
3088 5030 3170 5085 die
3198 5042 3299 5081 cum
3326 5020 3404 5091 i}·-2

835 5116 1096 5175 fratribus
1145 5118 1482 5176 habitabat:
1525 5122 1782 5195 capellam
1830 5140 2107 5195 magnam,
2148 5122 2384 5179 claustia
2423 5124 2551 5192 duo,
2594 5130 2665 5192 et,
2708 5122 2842 5195 quid
2890 5128 2979 5177 est
3024 5116 3249 5176 omnium
3292 5120 3425 5164 rerum
3500 5130 3502 5157 ε

836 5206 1212 5281 praestantius,
1243 5207 1659 5281 pulcherrimam
1691 5211 1995 5269 sacristiam
2025 5210 2138 5268 {ieri
2168 5210 2349 5281 iussit,
2372 5211 2622 5284 gemmis·‚
2654 5228 2787 5268 auro
2816 5216 2873 5267 et
2900 5214 3125 5283 argento
3151 5223 3209 5263 ac
3236 5221 3313 5257 ι’·ιι
3292 5196 3426 5253 uhu·
3500 5168 3502 5264 1
