3625 6059
212 561 470 624 [octobre
502 562 647 624 ¹497]
892 557 1147 616 RERUM
1194 555 1673 617 URBANARUM.
1697 557 2223 620 COMMENTARH.
2787 570 2888 626 411

214 713 545 812 palmum
576 734 797 812 supra
824 734 1089 810 genua,
1120 734 1267 785 uno
1304 732 1483 809 paro
1544 711 1948 810 caligarum
1987 714 2374 790 ceraminis
2424 717 2890 816 grossissimi,

218 838 503 938 gabano
546 837 635 912 de
679 860 925 936 panno
968 837 1167 910 viridi
1214 837 1437 934 longo
1482 837 1575 911 ad
1624 844 1897 913 terram
1933 839 2045 914 vel
2084 840 2317 938 quasi,
2373 865 2626 940 grosso
2675 845 2897 919 etiam

218 964 589 1062 duplicato
630 969 703 1038 et
744 963 1013 1040 birreto
1054 963 1271 1061 duplo
1312 964 1477 1038 albo
1513 970 1585 1039 et
1619 987 1913 1061 grosso;
1955 971 2030 1040 et
2071 967 2237 1042 data
2267 968 2403 1043 sibi
2444 969 2898 1047 inmanibus

220 1092 451 1188 figura
500 1095 575 1164 et
620 1089 861 1187 imago
900 1087 1227 1165 crucifixi
1268 1088 1441 1163 satis
1483 1113 1777 1188 magna,
1821 1090 2020 1190 ligno
2047 1092 2277 1169 incisa
2315 1100 2387 1170 et
2418 1093 2612 1168 cruci
2651 1095 2892 1172 affixa.

220 1216 481 1312 Sicque
510 1214 840 1306 vestitus,
872 1214 1129 1290 ductus
1162 1212 1253 1288 de
1284 1237 1579 1290 camera
1610 1215 1686 1289 in
1720 1239 1864 1314 qua
1901 1242 2128 1316 usque
2164 1228 2338 1294 tunc
2369 1219 2710 1298 detentus
2735 1221 2901 1298 sue-

222 1347 331 1415 rat
362 1339 457 1414 ad
496 1339 749 1416 locum
788 1339 1155 1438 sepulture
1195 1339 1492 1414 Adriani
1537 1340 2028 1438 imperatoriS‚
2065 1345 2583 1422 Sammarocho
2621 1369 2902 1424 nuncu-

224 1474 469 1565 patum
496 1464 631 1560 (1),
666 1490 799 1565 pro
841 1466 1215 1563 perpetuis
1254 1467 1667 1541 carceribus
1698 1467 1835 1542 sibi
1876 1468 2338 1567 deputatum3
2371 1471 2445 1546 in
2475 1493 2620 1569 quo
2648 1479 2900 1571 parata

226 1593 353 1666 fuit
370 1591 513 1666 sibi
536 1591 803 1668 lectica
826 1613 918 1668 ex
936 1591 1224 1681 tabulis,
1250 1614 1458 1668 more
1480 1591 1694 1667 solito
1714 1594 2145 1693 composita,
2171 1620 2340 1671 cum
2367 1598 2664 1674 testeris
2689 1606 2905 1698 caput

232 1716 317 1791 ad
360 1716 799 1792 humiditate
853 1715 1041 1790 muri
1088 1719 1546 1814 precavente,
1604 1724 1679 1792 et
1718 1717 2032 1816 desuper
2066 1720 2344 1818 positus
2383 1721 2784 1819 paliaritius
2828 1729 2906 1799 et

236 1841 695 1918 maturatium
734 1863 901 1917 cum
944 1842 1229 1916 duobus
1264 1840 1595 1917 sclavinis
1636 1849 1711 1917 et
1750 1843 1996 1918 datum
2037 1843 2172 1918 sibi
2216 1844 2647 1940 breviarum,
2683 1848 2908 1922 biblia

238 1977 307 2044 et
345 1967 661 2067 epistole
710 1991 771 2041 s.
816 1964 1037 2042 Petri.
1076 1969 1261 2040 Item
1304 1987 1531 2039 unum
1569 1965 1795 2042 barile
1839 1989 2053 2065 aque,
2099 1973 2250 2043 tres
2298 1969 2625 2046 cachiate
2663 1971 2900 2070 panis,

240 2115 453 2167 unum
476 2091 742 2168 bocale
774 2089 919 2164 olei
934 2097 1007 2164 et
1032 2088 1334 2164 lucerna
1353 2111 1487 2188 pro
1507 2089 1783 2166 lumine
1804 2093 2336 2185 conservand03
2362 2094 2636 2172 ibidem
2666 2095 2904 2172 inclu-

244 2241 359 2293 sus
400 2216 647 2317 quoad
691 2215 945 2292 vixerit
982 2237 1529 2315 permansurus
1572 2209 2110 2294 Ordinatum'et
2145 2219 2569 2296 mandatum
2602 2220 2741 2295 suit
2776 2245 2910 2320 per

248 2343 367 2416 SS.
410 2345 495 2417 D.
532 2344 900 2431 nostrum,
944 2344 1027 2413 ut
1061 2337 1409 2432 intellexi,
1458 2335 1985 2438 quod.singulis
2016 2341 2271 2418 diebus
2306 2345 2418 2421 vel
2459 2347 2684 2421 tribus
2709 2346 2907 2422 idem

250 2467 553 2542 inclusus
582 2487 725 2565 per
752 2463 1227 2543 castellanum
1244 2463 1416 2539 dicti
1432 2464 1650 2538 castri
1678 2465 1826 2541 sive
1857 2467 2014 2566 ejus
2037 2467 2334 2545 nomine
2361 2470 2801 2562 visitaretur,
2837 2478 2912 2546 et

252 2591 443 2690 panis
496 2599 571 2678 et
626 2614 819 2689 aqua
862 2613 997 2690 pro
1032 2589 1225 2664 victu
1268 2595 1341 2666 et
1378 2589 1623 2667 oleum
1667 2615 1799 2690 pro
1847 2591 2118 2667 lumine
2162 2593 2302 2668 sibi
2343 2594 2905 2672 ministraretur.

260 2718 725 2816 Omnipotens
776 2721 971 2792 Deus
1018 2715 1217 2790 omni
1278 2715 1783 2792 misericordia
1836 2724 1911 2793 et
1955 2716 2222 2815 pietate
2265 2724 2483 2818 atque
2527 2719 2917 2798 clementia

260 2843 595 2941 inspirare
644 2841 991 2940 dignetur
1030 2840 1204 2916 huic
1252 2841 1715 2941 pauperrimo
1763 2839 2111 2916 derelicto
2144 2840 2417 2916 donum
2453 2843 2802 2941 patientie
2841 2851 2916 2920 et

268 2971 549 3066 gratiam
584 2969 1023 3062 concedere,
1058 2967 1322 3066 quibus
1346 2968 1577 3067 possit
1598 2967 1885 3042 salvare
1913 2965 2228 3041 animam
2261 2970 2503 3042 suam!

354 3096 682 3171 Relatum
714 3093 850 3168 fuit
878 3092 1375 3193 superioribus
1408 3091 1663 3167 diebus
1695 3094 1824 3167 SS.
1861 3095 1948 3166 D.
1975 3099 2306 3165 nostrum
2333 3091 2634 3190 singulis
2665 3091 2919 3166 diebus

270 3225 343 3295 R.
386 3225 468 3297 D.
508 3221 925 3296 Iohannem
972 3218 1376 3310 Maradum‚
1422 3219 1737 3294 electum
1775 3201 2218 3308 Tullensem,
2253 3225 2326 3291 et
2366 3220 2453 3293 D.
2491 3221 2786 3293 Petrum
2829 3219 2920 3294 da

274 3347 467 3438 Solis,
502 3345 1101 3424 archidiaconum
1128 3345 1221 3420 de
1252 3343 1557 3418 Bacchis
1600 3349 1675 3420 et
1712 3342 2066 3441 quosdam
2107 3342 2286 3418 alios
2333 3341 2722 3420 familiares
2753 3367 2922 3420 suos

277 3471 699 3549 domesticos
729 3471 819 3547 ad
851 3469 1261 3570 predictum
1295 3474 1383 3545 D.
1420 3469 1891 3544 Cusentinum
1920 3468 2452 3546 incarceratum
2483 3469 2578 3544 ad
2605 3477 2922 3546 castrum

278 3621 329 3673 s,
356 3600 599 3697 Angeli
620 3597 939 3689 misisse,
960 3597 1084 3695 qui
1112 3619 1359 3672 secum
1378 3596 1453 3671 in
1474 3595 1735 3670 tabulis
1756 3603 1830 3671 et
1852 3596 2162 3672 scalchis
2181 3595 2543 3690 luderent,
2566 3619 2653 3671 ac
2679 3596 2920 3694 ipsum

281 3723 847 3800 convenientibus
874 3721 1460 3823 persuasionibus
1491 3721 1914 3797 inducerent
1953 3722 2044 3795 ad
2083 3722 2578 3798 confitendum
2611 3745 2690 3798 se
2719 3723 2928 3820 plura

280 3847 501 3924 brevia
527 3851 689 3926 sine
716 3849 1083 3948 pontificis
1102 3851 1309 3947 jussu
1342 3843 1789 3946 expedivisse
1817 3851 1898 3922 ut
1924 3846 2252 3946 pontifex
2282 3847 2514 3945 perid
2543 3869 2622 3923 se
2654 3847 2742 3922 de
2769 3845 2926 3920 aliis

286 3995 399 4049 suo
434 3975 641 4075 jussu
692 3976 1047 4075 expeditis
1094 3996 1234 4072 que
1284 3995 1535 4072 regem
1566 3980 1641 4050 et
1682 3971 2010 4071 reginam
2055 3972 2564 4070 Hispaniarum
2601 3972 2926 4048 irxitave-

287 4107 425 4174 rant
452 4124 531 4178 ac
556 4103 620 4178 si
654 4103 859 4200 quasi
896 4101 1019 4176 illo
1049 4099 1279 4175 inscio
1316 4098 1653 4198 expedita
1681 4104 1956 4190 essent,
1989 4103 2408 4189 excusaret3
2449 4096 2647 4194 quod
2673 4097 2733 4170 si
2771 4096 2928 4194 ipse

292 4223 697 4301 cusentinus
743 4225 819 4300 id
863 4225 1168 4319 faceret,
1211 4225 1632 4324 pontificem
1680 4246 1849 4298 eum
1897 4221 2376 4297 exaltaturum
2416 4226 2492 4296 et
2532 4219 2930 4319 majoribus

294 4345 523 4424 officiis
550 4358 1182 4434 remuneraturum
1219 4376 1235 4425 ε
1275 4347 1699 4448 hujusmodi
1730 4345 2321 4446 persuasionibus
2359 4345 2720 4445 premissa
2757 4366 2934 4420 con-

294 4469 537 4550 fessum
566 4499 731 4552 esse
762 4482 858 4568 et,
892 4476 1349 4552 confessione
1374 4473 1700 4573 predicta
1728 4497 1862 4572 per
1889 4496 2058 4550 eum
2086 4472 2300 4564 facta,
2333 4475 2496 4548 DD..
2519 4470 2933 4546 Tullensem

299 4603 361 4671 et
380 4599 545 4676 alios
572 4603 937 4702 predictos
968 4603 1059 4678 ad
1090 4626 1256 4677 eum
1286 4624 1657 4700 nunquam
1694 4600 2023 4676 rediisse.

382 4727 777 4822 Dominica,
820 4735 912 4804 29
962 4729 1307 4822 octobris,
1352 4727 1549 4801 circa
1581 4726 1842 4801 horam
1890 4723 2250 4812 decimam
2291 4728 2652 4822 quartam,
2694 4717 2937 4817 fulgur

367 4986 412 5044 1.
449 4986 519 5045 Le
541 5007 667 5047 nom
695 4995 855 5048 exact
890 4994 978 5047 est
1004 4991 1117 5048 San
1145 4991 1407 5047 Mai-occe.
1448 4985 1769 5045 Benvenuto
1807 4983 2004 5043 Cellini
2031 4982 2182 5060 parls
2213 4983 2282 5040 de
2309 4989 2452 5041 cette
2483 4983 2827 5040 bruni-ssim
2853 4997 2941 5038 ca-

308 5086 453 5132 verna
470 5099 499 5129 «
522 5080 625 5150 (il)
652 5081 1003 5138 trabocchetto
1034 5081 1121 5138 del
1156 5079 1460 5143 Summam:
1497 5078 1607 5134 cosi
1642 5077 1912 5134 chiamato
1950 5093 2031 5132 un
2068 5076 2228 5146 luoqo
2263 5081 2576 5148 paventoso,
2603 5073 2648 5128 il
2680 5071 2839 5144 quale
2871 5087 2940 5128 ne

309 5157 367 5262 ha
390 5165 677 5235 inqhiottiti
700 5173 849 5228 assai
875 5172 985 5228 cosi
1014 5171 1149 5236 vivi,
1182 5169 1383 5242 perche
1416 5184 1659 5239 venqono
1693 5184 1729 5223 a
1756 5181 1976 5225 cassare
2010 5167 2074 5222 in
2099 5168 2188 5222 ne’
2213 5161 2561 5236 fundamenti
2590 5162 2679 5220 del
2709 5158 2940 5219 Castello

313 5251 399 5318 ΩΨ
418 5255 475 5310 in
496 5271 567 5313 tm
586 5275 805 5329 pezza.»
840 5261 971 5319 Vita
997 5261 1061 5317 di
1090 5261 1156 5322 Β.
1187 5257 1403 5325 Gellini,
1434 5258 1472 5318 l.
1506 5257 1575 5328 11,
1602 5256 1692 5314 ch.
1727 5273 1786 5314 ιι.
