3625 6059
675 532 746 591 46
1347 558 1354 569 ·
1582 527 1610 583 J
1618 516 1859 581 OHANN
1866 522 1931 580 IS
1982 522 2425 593 BURCHARDI,
3000 522 3166 583 [Mars
3196 524 3337 583 1493]

677 680 958 779 pedites
1011 686 1351 768 armatos,
1407 699 1714 773 quor-um
1766 700 2035 775 magna
2080 676 2289 785 copia
2334 673 2605 749 ibidem
2651 672 2869 769 longe
2912 671 3076 769 plus
3126 670 3341 745 solito

681 830 850 880 cum
875 804 1149 880 lanceis
1171 802 1435 902 longiS,
1467 803 1756 876 ensibus
1787 803 2028 893 nudis,
2062 800 2394 876 halestris
2427 805 2499 873 et
2528 797 2683 873 aliis
2714 820 3083 871 armorum
3116 818 3343 895 gene-

681 932 877 1007 ribus
906 928 1314 1016 incedebat,
1347 934 1558 1026 prout
1587 926 1754 1003 feci.
2768 938 2776 944 ’

787 1061 936 1131 Hoc
977 1078 1217 1145 mane,
1261 1055 1387 1127 SS.
1433 1056 1520 1126 D.
1557 1056 1642 1127 N.
1686 1052 1762 1125 in
1801 1058 2084 1129 secreto
2125 1052 2554 1127 consistorio
2586 1055 2671 1124 R.
2702 1050 2779 1124 in
2809 1050 3095 1127 Christo
3131 1053 3216 1123 P.
3251 1053 3339 1123 D.

687 1182 1082 1281 Baptistam
1140 1185 1386 1255 sancte
1443 1178 1670 1254 Marie
1720 1201 1907 1255 nove
1972 1178 2357 1253 diaconum
2414 1176 2856 1251 cardinalem
2923 1176 3013 1251 de
3066 1175 3349 1249 Ursinis

685 1307 1072 1404 vulgariter
1121 1311 1644 1401 nuncupatum,
1703 1304 1778 1377 in
1825 1306 2325 1405 presbyterum
2371 1302 2813 1378 cardinalem
2862 1302 3349 1401 pronunciare

683 1436 959 1525 volenS,
995 1456 1115 1508 me
1153 1433 1228 1506 in
1257 1430 1768 1508 consistorium
1795 1431 2035 1505 vocari
2064 1432 2257 1523 fecit,
2304 1437 2375 1505 et
2417 1429 2683 1505 ibidem
2720 1452 2841 1503 me
2880 1425 3353 1524 interrogavit

689 1585 779 1635 an
827 1559 1027 1657 prius
1078 1565 1272 1634 esset
1311 1557 1384 1631 in
1425 1556 1933 1655 presbyterum
1979 1556 2417 1631 ordinandus
2470 1562 2543 1631 et
2597 1554 2859 1629 deinde
2912 1552 3049 1628 sibi
3099 1553 3349 1627 titulus

691 1684 1196 1783 assignanduS,
1221 1684 1332 1757 vel
1351 1684 1552 1781 prius
1572 1679 2162 1781 pronunciandus
2188 1687 2260 1756 et
2286 1681 2490 1754 locus
2511 1681 2702 1755 inter
2715 1681 3179 1779 presbyteros
3200 1704 3355 1755 car-

691 1810 970 1884 dinales
1003 1809 1137 1883 sibi
1179 1808 1482 1903 danduS,
1529 1814 1601 1885 et
1638 1815 1895 1907 postea
1919 1807 2385 1883 ordinanduS.
2422 1806 2786 1905 Respondi
2818 1806 3191 1880 Sanctitati
3222 1830 3351 1881 sue

693 1938 929 2034 primo
973 1960 1134 2011 esse
1169 1935 1800 2033 pronunciandum
1839 1933 2029 2023 inter
2055 1932 2521 2033 presbyteros
2557 1932 2692 2007 sibi
2728 1932 2969 2007 locum
3011 1932 3357 2021 dandum,

698 2063 962 2138 deinde
993 2062 1474 2139 ordinandum
1511 2062 1584 2136 in
1622 2061 2152 2161 presbyterum.
2208 2065 2363 2148 Quo
2407 2060 2804 2149 intellectO,
2850 2060 3363 2134 consistorium

697 2187 904 2281 exivi,
941 2193 1011 2263 et
1058 2188 1412 2263 Sanctitas
1457 2211 1588 2261 sua
1629 2211 1719 2261 ex
1762 2194 1935 2263 tunc
1973 2185 2476 2285 pronunciavit
2513 2184 2876 2284 prefatum
2918 2186 3363 2261 cardinalem

697 2315 786 2389 de
829 2314 1103 2389 Ursinis
1135 2313 1321 2389 tituli
1363 2310 1782 2389 sanctorum
1826 2313 2174 2387 Johannis
2230 2318 2305 2387 et
2346 2312 2549 2387 Pauli
2600 2310 3135 2411 presbyterum,
3177 2318 3255 2387 et
3296 2310 3365 2387 ei

695 2438 898 2513 locus
929 2444 1093 2537 post
1120 2444 1411 2515 Rmum.
1445 2442 1530 2512 D.
1577 2438 2017 2513 cardinalem
2047 2438 2313 2513 Montis
2345 2437 2633 2535 Regalis
2664 2437 2873 2512 datus
2902 2437 3061 2511 fuit.

801 2568 955 2638 Hoc
992 2588 1235 2656 mane,
1283 2568 1406 2640 SS.
1458 2569 1546 2638 D.
1597 2568 1683 2639 N.
1739 2564 1832 2638 ad
1874 2564 2245 2639 basilicam
2285 2561 2497 2637 beate
2535 2560 2761 2636 Marie
2816 2561 3112 2659 majoris
3158 2559 3368 2658 equi-

701 2697 924 2782 tante,
989 2690 1172 2764 citra
1235 2689 1551 2787 plateam
1613 2688 2036 2777 Judeorum,
2112 2692 2464 2760 venerunt
2532 2691 2857 2759 oratores
2918 2683 3369 2759 marchionis

699 2792 1214 2890 Montisferrati
1259 2815 1730 2889 Sanctitatem
1784 2838 1991 2887 suam
2044 2814 2236 2887 inter
2290 2811 2469 2885 alios
2530 2815 2857 2883 oratores
2904 2808 3363 2898 honoraturi‚

700 2944 891 3018 inter
919 2952 1101 3038 q‘uos
1133 2947 1207 3015 et
1245 2949 1614 3015 oratorem
1655 2944 2057 3015 Senensem
2088 2943 2247 3013 orta
2292 2941 2403 3011 est
2448 2960 2663 3032 super
2690 2934 3159 3031 precedentia
3188 2958 3371 3008 con-

699 3070 952 3143 tentio·
986 3071 1142 3153 Qua
1166 3092 1302 3166 per
1344 3070 1470 3141 SS.
1517 3071 1602 3141 D.
1639 3068 1723 3141 N.
1761 3064 2159 3154 intellecta,
2202 3061 2565 3138 mandavit
2606 3061 2965 3135 Sanctitas
3004 3084 3139 3134 sua
3173 3060 3369 3157 quod

700 3215 848 3265 11011
895 3190 1417 3265 contenderent
1458 3192 1588 3265 sed
1626 3191 2156 3265 concordarent
2188 3189 2295 3262 vel
2336 3186 2786 3263 recederent.
2831 3189 2987 3271 Quo
3022 3185 3201 3282 ipsis
3241 3208 3377 3283 per

703 3316 986 3390 socium
1027 3340 1272 3389 meum
1319 3316 1750 3413 significato,
1789 3319 1876 3388 D.
1933 3316 2183 3390 Sacius
2232 3317 2689 3389 Benassanus
2736 3321 2980 3389 orator
3022 3312 3375 3390 Senensis

705 3441 1008 3515 recessit
1059 3446 1128 3515 et
1162 3440 1475 3515 dominis
1527 3445 1943 3517 Benvenuto
1990 3445 2062 3515 et
2101 3441 2461 3515 Ludovico
2504 3437 2911 3515 oratoribus
2954 3438 3374 3515 Montisfer-

704 3568 840 3641 rati
886 3566 1130 3641 locum
1173 3567 1397 3660 dedit,
1455 3568 1574 3665 qui
1630 3571 1712 3642 D.
1761 3567 2172 3665 Philippum
2224 3566 2598 3645 Valerium
2653 3571 3016 3640 oratorem
3066 3565 3373 3641 Floren-

707 3691 941 3767 tinum
981 3692 1303 3766 medium
1334 3691 1526 3766 inter
1562 3715 1641 3766 se
1679 3692 2115 3790 recipientes
2156 3714 2322 3765 cum
2366 3688 2523 3765 aliis
2564 3692 2973 3765 oratoribus
3000 3688 3209 3765 laicis
3242 3713 3375 3765 suo

709 3817 962 3893 ordine
995 3818 1444 3915 equitarunt3
1485 3818 1869 3916 episcopus
1899 3842 2067 3893 vero
2092 3815 2412 3892 Albanus
2444 3840 2696 3892 eorum
2723 3814 3001 3915 collega
3030 3816 3377 3915 equitavit

712 3942 904 4017 inter
948 3941 1268 4042 prelatos
1321 3942 1397 4016 in
1434 3941 1598 4016 1060
1647 3967 1805 4016 500.
1860 3943 2277 4041 cappellum
2309 3946 2500 4041 Pape
2543 3941 2852 4043 portavit
2885 3949 2970 4018 D.
3010 3946 3235 4018 Cesar
3284 3943 3373 4016 de

711 4067 1160 4144 Beccadellis
1193 4067 1530 4142 soldanus
1564 4094 1648 4143 ex
1683 4092 1975 4144 camera
2005 4072 2236 4167 Pape3
2274 4077 2344 4144 et
2374 4070 2515 4145 alia
2541 4094 2743 4147 more
2774 4072 3012 4147 solito.

810 4193 1193 4268 Dominica
1241 4193 1564 4269 secunda
1603 4194 2186 4292 quadragesime,
2227 4200 2267 4269 3
2306 4197 2574 4289 martii,
2619 4198 2701 4271 R.
2740 4198 2815 4271 in
2846 4195 3131 4272 Christo
3166 4200 3245 4273 P.
3284 4201 3369 4273 D.

593 4358 596 4363 ·
713 4317 1058 4411 Thomas,
1109 4320 1494 4418 episcopus
1551 4320 1913 4411 DolensiS,
1962 4321 2307 4395 assistens
2362 4326 2583 4420 Pape,
2638 4322 3022 4399 celebravit
3074 4321 3375 4399 missam

711 4442 1118 4518 solemnem
1167 4444 1241 4516 in
1294 4444 1569 4541 capella
1621 4452 1995 4537 consueta,
2056 4447 2247 4544 Papa
2296 4453 2663 4547 presente.
2720 4451 3152 4524 Sermonem
3208 4448 3379 4524 fecit

711 4576 1142 4667 procurator
1184 4569 1454 4644 ordinis
1503 4571 1891 4645 minorum.
1936 4570 2097 4645 Alia
2124 4574 2370 4648 omnia
2411 4597 2615 4649 more
2665 4570 2876 4649 solito
2918 4582 3083 4648 sunt
3123 4571 3377 4649 obser-

711 4702 894 4769 vata.
960 4696 1196 4771 Finita
1255 4697 1511 4789 missa,
1586 4700 1839 4771 Rmus.
1912 4700 1997 4770 D.
2054 4699 2587 4797 Neapolitanus
2647 4722 2831 4773 unus
2890 4708 3376 4783 ,executorum

710 4821 1129 4894 testamenti
1161 4822 1350 4896 bone
1383 4824 1738 4898 memorie
1778 4822 2159 4897 cardinalis
2198 4823 2591 4899 Aleriensis
2632 4825 2722 4900 de
2758 4825 3053 4924 speciali
3086 4823 3381 4902 licentia

719 4946 912 5042 Pape
944 4945 1307 5019 commisit
1345 4948 1521 5020 mihi
1563 4948 1758 5045 quod
1797 4949 2096 5047 singulis
2141 4952 2429 5025 RRmis.
2486 4954 2634 5026 DD.
2680 4950 3167 5027 cardinalibus
3212 4952 3381 5028 inti-

721 5092 998 5145 marem
1027 5069 1334 5166 qualiter
1361 5072 1478 5146 die
1513 5075 1823 5150 crastina
1862 5076 1935 5148 in
1971 5075 2269 5149 basilica
2310 5100 2368 5150 5.
2412 5078 2603 5152 Petri
2644 5084 3034 5176 agerentur
3072 5076 3379 5176 exequie

722 5195 867 5271 icti
927 5195 1317 5275 cardinalis
1369 5197 1786 5276 Aleriensis.
1831 5204 1991 5297 Ipse
2040 5204 2125 5274 D.
2173 5200 2555 5277 cardinalis
2608 5203 3123 5302 Neapolitanus
3165 5202 3381 5279 faciet
