3625 6059
266 531 408 591 [suin
437 534 588 595 1⁴97]
951 532 1206 593 RERUM
1252 532 1712 594 URBANARUM
1759 535 2288 601 COMMENTARU.
2837 544 2947 600 389

263 684 448 759 illius
479 684 632 761 diei
648 687 845 784 jovis
871 688 1169 763 omnino
1200 690 1595 765 rediturum
1627 717 1642 782 ;
1679 715 1825 789 quo
1852 691 2267 783 deficiente,
2300 694 2621 792 pontifex
2647 695 2943 770 omnino

263 812 748 888 contristatus
768 838 850 890 ac
876 816 1041 891 totis
1061 818 1458 892 visceribus
1479 826 1891 893 commotus
1917 819 2187 916 incepit
2208 820 2542 895 omnibus
2569 821 2944 895 conatibus

257 960 554 1011 causam
568 924 1003 1038 perquirere
1022 943 1215 1039 apud
1230 966 1732 1040 quoscunque,
1753 968 1887 1043 per
1902 944 2145 1042 plures
2162 968 2251 1019 ex
2274 944 2420 1018 suis
2444 946 2534 1019 ad
2551 948 2691 1021 hoc
2712 953 2942 1043 aptoS.

259 1064 452 1137 lnter
477 1063 912 1162 inquisitos,
944 1068 1239 1165 quidam
1269 1068 1620 1165 Georgius
1654 1070 1975 1171 SclavuS,
2004 1070 2122 1166 qui
2152 1069 2352 1167 ligna
2374 1071 2689 1146 habebat
2719 1096 2943 1169 prope

255 1188 534 1264 fontem
579 1214 814 1290 supra
857 1194 1314 1291 designatum
1345 1195 1419 1267 in
1449 1194 1724 1269 Tiberis
1771 1195 2011 1269 littore
2053 1220 2141 1268 ex
2186 1218 2371 1271 nave
2418 1204 2833 1286 exonerata,
2872 1206 2945 1273 et

257 1321 327 1388 ut
349 1315 476 1389 illa
505 1319 952 1410 custodiret,
989 1343 1080 1394 ne
1113 1321 1248 1393 sibi
1281 1321 1354 1393 in
1383 1326 1598 1393 nocte
1625 1344 1668 1393 a
1697 1320 2011 1417 quodam
2063 1319 2501 1413 furarentur,
2548 1323 2619 1395 in
2649 1321 2943 1396 navicu-

253 1438 393 1512 lam
439 1439 734 1517 ibidem
775 1444 848 1517 in
897 1443 1137 1519 Tiberi
1189 1451 1558 1520 natantem
1585 1470 1662 1519 se
1705 1445 1925 1543 quieti
1976 1447 2275 1523 dederat
2310 1473 2325 1521 :
2363 1448 2851 1545 interrogatus
2882 1450 2941 1521 si

255 1565 670 1663 quidquam
707 1569 1004 1647 vidisset
1035 1571 1104 1643 in
1141 1577 1352 1644 nocte
1398 1570 1740 1644 mercurii
1774 1578 1945 1645 tunc
1976 1571 2305 1669 proxime
2350 1572 2671 1670 preteriti
2698 1574 2773 1647 in
2806 1574 2943 1647 tlu-

259 1714 424 1767 men
467 1696 776 1793 projici,
833 1696 1440 1793 interrogantibus
1483 1695 1710 1769 fertur
1757 1696 1894 1770 tale
1936 1720 2368 1795 responsum
2412 1699 2698 1774 dedisse
2748 1700 2942 1796 quod

257 1824 470 1892 nocte
495 1818 660 1911 illa,
691 1820 851 1919 ipso
872 1822 1066 1919 ligna
1093 1844 1224 1895 sua
1242 1821 1699 1897 custodiente
1721 1830 1791 1895 et
1818 1823 1891 1895 in
1913 1822 2106 1896 dicta
2137 1824 2467 1897 navicula
2491 1826 2935 1921 quiescente,

257 1954 618 2021 venerant
647 1947 795 2022 duo
833 1948 1116 2046 pedites
1145 1969 1278 2045 per
1317 1948 1628 2023 viculum
1675 1948 2046 2023 sinistrum
2095 1948 2267 2022 dicti
2309 1949 2691 2047 hospitalis
2740 1950 2941 2023 Scla-

261 2090 514 2141 vorum
577 2077 651 2147 et
705 2074 936 2147 sancti
1007 2072 1428 2171 Hieronymi
1487 2072 1939 2169 contiguum,
2009 2071 2204 2147 circa
2264 2074 2521 2148 horam
2584 2075 2936 2171 quintam,

263 2217 488 2291 super
533 2198 732 2271 viam
779 2197 1144 2294 publicam
1192 2196 1386 2270 dicto
1435 2195 1712 2271 flumini
1763 2197 2209 2295 contiguam,
2258 2204 2331 2273 et
2380 2198 2554 2273 hinc
2599 2199 2794 2290 inde,
2848 2224 2939 2273 ne

265 2320 660 2419 quisquam
713 2323 956 2397 forsan
1015 2329 1211 2398 esset
1272 2323 1734 2413 transiturus,
1797 2323 2183 2418 diligenter
2236 2331 2769 2422 prospexerunt
2823 2346 2935 2409 ac,

265 2448 568 2523 nemine
624 2450 806 2541 viso,
862 2454 1444 2523 retrocesserunt
1500 2471 1632 2545 per
1691 2448 2030 2523 eumdem
2089 2447 2403 2522 viculum
2454 2473 2468 2521 :
2527 2448 2939 2523 intermisso

275 2572 568 2649 modico
604 2574 954 2671 temporis
985 2574 1385 2662 intervallo,
1415 2572 1558 2646 duo
1577 2573 1696 2646 alii
1716 2595 1847 2671 per
1866 2573 2204 2647 eumdem
2225 2573 2540 2647 viculum
2565 2574 2941 2649 exiverunt

278 2702 344 2767 et
369 2696 710 2775 fecerunt
749 2698 944 2774 idem
984 2698 1182 2795 quod
1231 2697 1439 2796 primi
1486 2698 1811 2772 fecerant
1852 2706 1949 2790 et,
1994 2699 2289 2773 nemine
2330 2707 2735 2797 comperto,
2771 2699 2939 2773 dato

279 2822 486 2898 sociis
527 2826 766 2923 signo,
805 2825 995 2899 venit
1029 2848 1216 2898 unus
1256 2829 1596 2921 equester
1625 2823 1695 2895 in
1729 2845 1917 2919 equo
1962 2822 2125 2896 albo
2159 2832 2353 2896 retro
2396 2846 2472 2897 se
2508 2824 2785 2898 habens
2818 2847 2940 2897 ca—

279 2945 492 3023 daver
544 2950 864 3024 hominis
917 2948 1270 3039 defuncti,
1336 2949 1540 3045 cujus
1604 2954 1820 3045 caput
1854 2946 1926 3019 in
1956 2946 2257 3020 brachio
2299 2948 2389 3021 ab
2432 2971 2576 3021 una
2614 2953 2687 3021 et
2717 2946 2939 3044 pedes

283 3072 366 3147 ab
393 3075 538 3149 alia
563 3082 770 3175 parte
801 3074 1333 3173 dependebant,
1384 3078 1609 3172 penes
1650 3072 1844 3169 quod
1890 3072 2198 3147 cadaver
2238 3071 2379 3147 duo
2420 3073 2695 3170 pedites
2726 3071 2938 3168 primi

285 3200 578 3293 predicti
613 3199 1083 3274 ambulabant
1113 3202 1283 3275 hinc
1327 3201 1521 3289 inde,
1569 3198 1877 3273 cadaver
1906 3200 2145 3296 ipsum
2176 3223 2268 3273 ne
2300 3197 2389 3273 de
2428 3221 2615 3295 equo
2648 3201 2942 3276 caderet

289 3326 718 3401 sustinentes
749 3332 1206 3400 recesserunt
1247 3333 1318 3399 et
1358 3323 1768 3420 equitarunt
1799 3346 2017 3420 supra
2046 3322 2291 3397 locum
2323 3346 2453 3419 per
2481 3345 2699 3419 quem
2728 3324 2941 3397 fimus

293 3449 376 3521 ad
393 3450 657 3525 flumen
675 3451 1078 3551 projicitur,
1111 3450 1443 3548 superius
1467 3446 1996 3545 specificatum,
2029 3470 2115 3521 ac
2138 3448 2330 3523 circa
2354 3447 2579 3523 finem
2606 3450 2936 3548 ejusdem

295 3570 424 3649 loci
456 3579 930 3651 constitutum
978 3598 1248 3672 equum
1293 3580 1662 3649 verterunt
1707 3580 1782 3648 ut
1830 3574 2133 3647 caudam
2176 3578 2487 3648 verteret
2530 3574 2835 3663 flumini,
2870 3582 2943 3649 et

304 3699 434 3774 duo
469 3701 587 3775 alii
625 3699 908 3798 pedites
955 3699 1260 3797 predicti
1309 3698 1613 3774 cadaver
1651 3698 2148 3788 observanteS,
2192 3699 2375 3773 alter
2414 3722 2544 3796 per
2582 3722 2841 3774 manus
2872 3708 2945 3776 et

305 3824 607 3917 brachia,
653 3826 835 3901 alter
874 3847 1046 3899 vero
1086 3848 1216 3923 per
1250 3824 1476 3923 pedes
1506 3830 1580 3898 et
1606 3847 1821 3900 crura
1862 3822 2168 3898 cadaver
2211 3824 2445 3922 ipsum
2478 3848 2567 3897 ex
2596 3847 2784 3921 equo
2816 3824 2943 3900 de·-

303 3958 650 4029 traxerunt
700 3958 774 4027 et
817 3950 906 4025 ad
949 3956 1230 4049 partem
1277 3951 1724 4025 sustulerunt
1769 3948 2089 4023 brachiis
2138 3954 2211 4021 et
2250 3946 2343 4021 ad
2384 3946 2655 4021 flumen
2704 3948 2942 4044 ipsum

306 4100 451 4153 cum
491 4080 690 4153 omni
721 4076 792 4151 vi
825 4082 898 4152 et
925 4076 1251 4176 potentia
1291 4077 1783 4173 projecerunt.
1830 4074 2300 4170 Interrogavit
2340 4096 2467 4147 eos
2498 4070 2795 4146 adstans
2830 4074 2945 4146 in-

309 4204 526 4280 sidens
573 4228 764 4302 equo
795 4204 853 4277 si
885 4202 1298 4290 decidisset,
1343 4200 1439 4273 illi
1483 4207 1725 4275 autem
1774 4198 2307 4297 responderunt
2350 4223 2367 4272 ε
2412 4229 2445 4267 «
2479 4199 2749 4299 Siynor
2776 4202 2841 4273 si
2872 4231 2937 4276 ».

309 4330 739 4428 Retrospexit
769 4337 944 4403 tunc
973 4327 1296 4402 insidens
1317 4326 1389 4399 in
1418 4349 1605 4423 equo
1628 4325 1700 4398 in
1728 4326 1996 4399 flumen
2026 4331 2096 4400 et
2118 4324 2545 4399 mantellum
2578 4326 2943 4424 introjecti

305 4455 453 4530 vidit
483 4463 856 4531 natantem
888 4477 1106 4551 supra
1140 4452 1440 4542 flumen,
1473 4461 1546 4526 et
1574 4451 2043 4547 interrogavit
2086 4450 2370 4547 pedites
2414 4451 2586 4548 quid
2619 4458 2811 4527 esset
2836 4450 2943 4524 ni-

311 4603 492 4675 grum
535 4588 796 4656 natans
838 4578 1032 4677 quod
1074 4578 1462 4652 videretur.
1521 4576 1626 4651 llli
1681 4576 2217 4675 responderunt
2271 4601 2285 4648 ε
2341 4577 2793 4667 mantellum,
2854 4578 2945 4651 ad

312 4708 480 4801 quod
505 4708 690 4782 alter
715 4705 992 4802 lapides
1021 4704 1327 4803 projecit
1357 4710 1436 4777 ut
1465 4710 1921 4800 mergeretur
1950 4703 2021 4775 in
2052 4701 2513 4801 profundum.
2540 4705 2698 4789 Quo
2720 4702 2939 4793 factu,

315 4833 632 4907 mantello
665 4853 933 4920 mers0,
981 4837 1443 4904 recesserunt
1471 4852 1726 4903 omnes
1757 4827 2101 4924 quinque,
2141 4850 2309 4901 nam
2343 4826 2622 4926 pedites
2652 4828 2771 4901 alii
2804 4828 2945 4902 duo

319 4958 421 5051 qui
451 4958 848 5033 secundum
889 4955 1278 5031 stratellam
1311 4954 1708 5053 predictam
1746 4953 2111 5027 exiverant
2146 4952 2669 5050 prospicientes
2700 4953 2757 5026 si
2787 4954 2945 5050 quis

323 5083 790 5175 pertransiret,
819 5104 896 5155 se
922 5081 1142 5178 equiti
1164 5080 1491 5178 predicto
1523 5086 1594 5154 et
1616 5075 1770 5151 aliis
1795 5076 2077 5151 duobus
2108 5080 2645 5154 associaverunt
2672 5102 2943 5175 eosque

333 5208 621 5285 comitati
667 5215 835 5283 sunt
867 5215 934 5284 et
965 5230 1095 5304 per
1135 5206 1352 5281 alium
1396 5203 1708 5280 viculum
1748 5204 1871 5301 qui
1904 5203 1995 5278 ad
2024 5204 2381 5302 hospitale
2430 5204 2657 5279 sancti
2698 5204 2943 5282 Jacobi
