3625 6059
308 574 419 641 [Mai
446 576 581 635 nat]
964 574 1215 632 RERUM
1264 575 1719 635 URBANARUM
1767 578 2294 637 COMMENTARH.
2858 590 2960 645 125

304 727 588 825 spatium
622 748 725 799 xu
766 726 1039 823 pedum
1078 752 1207 825 pro
1245 728 1696 829 longitudine
1728 732 1972 821 chori;
2009 739 2081 807 et
2112 733 2186 806 in
2226 735 2460 831 capite
2501 738 2660 835 ejus
2699 762 2947 813 versus

312 852 641 927 tribunam
690 860 849 926 erat
895 876 1239 927 ascensus
1288 862 1451 929 octo
1500 858 1852 953 graduum
1896 857 2292 931 altitudinis
2338 860 2549 933 unius
2587 863 2794 961 pedis
2836 866 2949 939 vel

313 980 507 1069 circa,
552 984 624 1053 et
672 978 1149 1075 longitudinis
1203 980 1471 1077 pedum
1528 980 1910 1057 duodecim
1967 982 2269 1079 quilibet
2317 985 2584 1081 gradus
2635 996 2824 1078 erat;
2881 996 2954 1065 et

316 1104 553 1178 ibidem
625 1110 783 1178 erat
854 1128 1074 1177 unum
1140 1104 1437 1201 planum
1510 1130 1856 1203 magnum
1934 1131 2023 1181 ex
2101 1109 2358 1183 tabulis
2431 1116 2947 1210 compositum,

314 1228 675 1303 latitudinis
730 1252 961 1325 usque
1008 1228 1101 1303 ad
1154 1229 1516 1304 tribunam
1564 1231 1834 1328 pedum
1880 1257 1972 1306 ιν
2023 1238 2094 1306 et
2144 1257 2276 1330 per
2323 1237 2563 1330 aliam,
2621 1239 2952 1315 videlicet

315 1353 861 1445 transversalem,
897 1353 1363 1450 longitudinis
1397 1356 1542 1429 sive
1572 1355 1968 1431 latitudinis
2010 1358 2276 1453 pedum
2304 1384 2566 1453 vam3
2611 1363 2684 1435 in
2726 1364 2950 1440 choro

312 1479 601 1576 predicto
644 1480 853 1576 juxta
897 1478 1192 1575 planum
1240 1504 1345 1553 x11
1396 1480 1664 1579 pedum
1712 1483 1802 1555 ab
1852 1488 2152 1578 utraque
2201 1495 2402 1582 parte
2446 1488 2618 1561 facti
2661 1490 2951 1563 suerunt

310 1604 543 1701 gradus
584 1628 683 1678 xv
726 1603 1123 1679 altitudinis
1148 1630 1197 1678 11
1226 1605 1498 1703 pedum
1529 1608 1832 1703 quilibet
1861 1631 1993 1705 per
2021 1608 2549 1705 longitudinem
2577 1612 2779 1687 chori
2814 1639 2947 1712 pro

308 1730 596 1805 locandis
654 1729 993 1827 gentibus
1061 1729 1152 1803 ad
1217 1731 1630 1805 videndum.
1706 1736 1937 1831 Supra
2003 1735 2377 1811 introitum
2447 1738 2592 1811 sive
2661 1746 2946 1835 portam

306 1854 599 1952 ejusdem
642 1854 874 1943 chori,
921 1854 1141 1927 etiam
1174 1858 1556 1953 compositi
1598 1864 1669 1931 et
1704 1859 1919 1933 locati
1960 1862 2250 1937 suerunt
2279 1864 2485 1938 multi
2519 1865 2810 1961 gradus,
2852 1864 2944 1939 ad

305 1984 673 2059 sedendum
704 2007 835 2081 pro
862 1983 1129 2057 visione
1162 1984 1335 2080 apti.
1369 1988 1447 2057 ln
1474 1985 1795 2081 quolibet
1824 1985 2057 2083 capite
2089 1987 2414 2082 corporis
2447 1986 2941 2061 transversalis

303 2109 607 2200 ecclesie,
654 2107 856 2205 quod
886 2115 995 2182 est
1026 2107 1216 2181 inter
1256 2110 1561 2183 chorum
1593 2116 1665 2182 et
1698 2110 2055 2183 tribunam
2093 2110 2494 2207 predictam
2534 2118 2739 2185 extra
2763 2112 2941 2186 illud

296 2235 561 2332 planum
593 2235 928 2333 superius
954 2233 1426 2330 descriptum,
1458 2234 1653 2331 quod
1679 2240 1786 2308 est
1817 2258 2034 2331 supra
2060 2234 2218 2307 illos
2245 2236 2512 2333 gradus
2539 2262 2612 2310 1x
2641 2260 2684 2309 a
2711 2238 2938 2311 tribus

294 2360 591 2455 partibus
635 2358 1021 2457 compositi
1069 2359 1358 2434 fuerunt
1403 2358 1675 2434 similes
1720 2358 1985 2457 gradus
2027 2383 2148 2449 xV,
2191 2360 2585 2433 altitudinis
2625 2362 2932 2435 duorum

294 2483 531 2580 pedum
559 2485 889 2582 quilibet.

376 2614 501 2683 Pro
531 2611 857 2685 locandis
898 2613 989 2685 ad
1026 2614 1415 2688 videndum
1454 2612 1527 2687 in
1567 2614 1781 2711 plano
1826 2614 2150 2712 predicto
2193 2614 2266 2685 in
2295 2608 2560 2707 angulo
2593 2608 2682 2681 ad
2713 2607 2932 2682 sinis-

294 2738 449 2805 tram
491 2736 931 2811 ascendente
982 2740 1427 2836 compositus
1475 2738 1606 2812 suit
1630 2740 2003 2813 thalamus
2044 2738 2284 2836 regius
2324 2734 2738 2832 quadratUS‚
2791 2757 2923 2831 per

289 2854 561 2953 longum
592 2863 665 2931 et
692 2858 923 2931 latum
962 2884 1055 2933 xx
1082 2861 1305 2958 pedes
1335 2861 1639 2950 habens,
1671 2867 1745 2933 et
1767 2863 1978 2960 juxta
2006 2884 2292 2935 murum
2324 2859 2396 2933 in
2427 2858 2660 2956 capite
2693 2858 2922 2949 chori,

291 2982 525 3077 regalis
556 2983 771 3057 sedes
804 2991 954 3059 tres
995 2986 1257 3082 gradus
1293 2986 1607 3075 habens3
1655 2992 1727 3059 et
1766 3010 2112 3060 ascensus
2143 2985 2234 3059 ad
2263 2984 2500 3081 ipsum
2532 2982 2928 3056 thalamum

288 3114 421 3179 erat
454 3108 651 3182 circa
690 3108 1019 3183 medium
1062 3110 1152 3183 ad
1192 3110 1555 3185 sinistram
1594 3110 2056 3184 ascendentis
2101 3110 2192 3183 ad
2233 3108 2622 3195 tribunam,
2668 3113 2742 3181 et
2771 3115 2929 3181 erat

288 3232 611 3327 graduum
652 3260 807 3327 sex,
853 3236 1249 3311 altitudinis
1290 3236 1503 3310 unius
1541 3234 1746 3334 pedis
1786 3234 2116 3332 quilibet3
2157 3234 2231 3306 in
2262 3232 2594 3330 opposito
2629 3231 2924 3305 thalami

287 3356 365 3429 ad
403 3360 733 3435 eamdem
781 3384 1081 3435 manum
1122 3362 1195 3435 in
1245 3361 1507 3458 angulo
1540 3361 1709 3435 dicti
1754 3360 1951 3458 plani
1997 3360 2204 3457 juxta
2247 3358 2636 3448 tribunam,
2673 3364 2922 3455 parata

291 3489 425 3556 erat
460 3492 529 3558 et
559 3486 823 3560 tabulis
868 3487 1145 3561 elevata
1172 3487 1449 3585 capella
1477 3486 1569 3560 ad
1599 3484 2052 3560 vestiendum
2082 3506 2358 3581 regem,
2395 3506 2526 3556 suo
2559 3490 2915 3580 tempore,

286 3607 571 3683 vestibus
608 3610 977 3708 regalibus
1033 3636 1049 3685 ε
1106 3612 1193 3685 ab
1244 3611 1385 3685 alia
1425 3620 1628 3709 parte
1672 3610 1970 3684 thalami
2015 3610 2090 3681 in
2139 3608 2406 3706 angulo
2455 3608 2548 3681 ad
2585 3607 2916 3681 dextram

286 3728 529 3807 dictum
572 3734 873 3831 planum
928 3736 1394 3828 ascendente,
1450 3737 1523 3809 in
1573 3735 1832 3810 eodem
1878 3735 2092 3832 plano
2141 3739 2296 3808 erat
2339 3734 2538 3807 locus
2588 3733 2918 3807 eminens

281 3879 393 3953 pro
428 3860 867 3951 cantoribuS,
916 3860 1382 3958 longitudinis
1412 3861 1678 3959 pedum
1708 3884 1868 3933 xuu
1915 3866 1984 3935 et
2030 3858 2426 3934 latitudinis
2472 3858 2742 3955 pedum
2785 3881 2912 3946 xn,

290 3982 657 4059 altitudinis
696 3988 965 4084 pedum
1004 4012 1050 4060 x
1090 3990 1202 4062 vel
1241 3988 1456 4062 circa.
1503 3991 1605 4063 De
1644 3988 1860 4085 plano
1905 3985 2229 4084 predicto
2271 3982 2524 4081 majori
2566 3980 2916 4055 ascende-

280 4104 459 4183 batur
492 4134 630 4210 per
668 4113 987 4209 quinque
1030 4114 1297 4210 gradus
1338 4114 1430 4189 ad
1468 4114 1761 4211 planum
1810 4112 2120 4200 tribune,
2173 4108 2366 4205 quod
2414 4114 2657 4179 tamen
2696 4105 2913 4178 etiam

272 4230 381 4307 suit
420 4246 627 4312 extra
685 4238 917 4334 ipsam
964 4224 1329 4313 tribunam
1382 4238 1801 4335 ampliatum
1851 4260 1982 4333 pro
2043 4235 2444 4331 capacitate
2499 4231 2828 4306 locorum
2893 4256 2906 4301 ε

270 4361 441 4455 quod
486 4362 787 4460 planum
841 4362 1125 4439 tribune
1174 4371 1327 4438 erat
1373 4362 1839 4461 longitudinis
1889 4384 2032 4434 Lxu
2081 4358 2348 4457 pedum
2401 4362 2473 4431 et
2518 4355 2914 4429 latitudinis

270 4508 475 4583 usque
529 4489 623 4561 ad
676 4488 941 4586 gradus
993 4488 1237 4562 altaris
1288 4488 1557 4587 pedum
1608 4512 1727 4561 xvi
1773 4511 1940 4561 cum
1994 4484 2316 4574 dimidio,
2376 4507 2502 4555 seu
2545 4482 2783 4578 juxta;
2843 4487 2914 4551 et

262 4612 467 4687 altare
500 4613 743 4687 adhuc
776 4612 1191 4688 continebat
1229 4614 1455 4711 pedes
1484 4638 1575 4685 xx
1607 4613 1717 4687 vel
1748 4613 1943 4685 circa
1980 4636 1995 4683 :
2034 4616 2197 4707 post
2223 4608 2453 4681 dictos
2483 4627 2658 4679 xvni
2689 4602 2911 4701 pedes

260 4736 685 4835 incipiebant
734 4744 885 4812 tres
930 4739 1195 4836 gradus
1216 4739 1512 4830 ,altat-ia,
1551 4762 1856 4835 quorum
1886 4737 2136 4810 tertius
2167 4734 2462 4832 planum
2494 4727 2910 4803 continebat

256 4860 641 4937 latitudinis
677 4863 943 4961 pedum
983 4874 1295 4960 quatuor
1321 4888 1487 4937 cum
1532 4862 1856 4952 dimidio,
1899 4866 1970 4934 et
2006 4858 2476 4956 longitudinis
2521 4855 2788 4954 pedum
2816 4879 2912 4928 xv

258 5008 402 5059 cum
432 4988 767 5080 dimidio,
804 4995 878 5062 et
914 5012 1139 5087 prope
1180 4990 1519 5063 eumdem
1558 4993 1714 5063 erat
1752 4986 1972 5060 etiam
2015 4984 2237 5057 altare
2277 4983 2600 5081 ligneum
2639 4978 2909 5052 ibidem

256 5115 751 5211 compositum,
803 5121 875 5187 et
910 5114 1303 5189 latitudinis
1345 5114 1611 5212 pedum
1642 5112 1860 5185 trium
1893 5134 2058 5183 cum
2103 5108 2438 5197 dimidio;
2484 5113 2638 5179 erat
2687 5104 2904 5189 etiam

254 5239 469 5333 posita
508 5241 581 5313 in
626 5239 849 5336 plano
892 5239 1102 5337 primi
1153 5239 1417 5337 gradus
1460 5262 1806 5314 ascensus
1851 5235 2096 5310 altaris
2133 5233 2466 5339 predella
2511 5228 2904 5305 altitudinis
