3625 6059
695 588 803 644 452
1578 580 1931 636 JOHANNIS
1980 572 2421 645 BURCHARDt‚
3028 580 3201 644 [Ax-rit
3232 584 3358 645 ηπ]

698 737 1056 834 plateam:
1093 734 1417 807 ordinate
1451 731 1936 806 ascenderunt
1965 731 2371 804 ordinatum
2404 727 2751 826 pulpitum
2779 756 2795 817 3
2832 728 3358 806 descenderunt

703 860 918 933 etiam
951 861 1040 933 de
1069 857 1335 956 pala'tio
1369 858 1520 929 DD.
1559 855 1979 946 Florentini,
2006 861 2079 929 et
2108 878 2358 928 eorum
2392 853 2743 951 pulpitum
2776 853 2921 927 siv'e
2950 864 3357 952 suggestum

699 982 1181 1058 ascenderunt
1207 1006 1224 1053 τ
1253 980 1515 1077 quibus
1547 979 2116 1071 considentibuS,
2146 978 2454 1054 surrexit
2485 979 2703 1051 frater
2725 980 3153 1056 Franciscus
3186 986 3361 1059 ordi-

702 1109 814 1182 nis
846 1108 1235 1196 minorum,
1270 1112 1340 1180 et
1371 1104 1580 1179 dictis
1613 1105 1922 1179 dominis
1955 1106 2244 1180 brevem
2272 1103 2672 1179 orationem
2706 1106 2959 1181 habuit
2989 1132 3123 1206 per
3152 1134 3357 1207 quam

705 1234 1077 1309 asserebat
1106 1256 1184 1307 se
1216 1232 1360 1305 illic
1399 1254 1561 1305 esse
1595 1237 1670 1303 ut
1699 1231 2219 1329 experientiam
2257 1230 2570 1305 oblatam
2606 1230 2695 1304 de
2728 1254 2805 1305 se
2844 1230 3145 1323 faceret,
3178 1234 3361 1308 scili-

702 1358 874 1433 licet
921 1382 998 1433 se
1048 1359 1138 1432 ab
1187 1358 1352 1455 igne
1401 1358 1899 1431 'crematurum
1949 1378 2112 1428 cum
2163 1355 2387 1428 homo
2430 1360 2771 1452 peccator
2818 1364 3050 1445 esset;
3090 1360 3359 1457 suppli-

704 1486 916 1557 cabat
959 1483 1178 1559 etiam
1227 1482 1560 1555 dominos
1608 1481 1974 1579 predictos
2023 1486 2103 1554 ut
2150 1479 2283 1553 sibi
2326 1478 2843 1576 pollicerentur
2881 1481 3097 1577 quod,
3148 1506 3240 1556 eo
3278 1482 3359 1556 ab

708 1610 874 1707 igne
907 1615 1257 1699 crematO,
1285 1606 1510 1682 frater
1541 1606 1962 1680 Dominicus
1989 1605 2403 1679 nullatenus
2432 1604 2616 1678 liber
2644 1616 3067 1681 censeretur
3094 1614 3173 1680 et
3200 1632 3361 1681 cau·

708 1758 864 1808 sam
895 1734 1224 1823 evicisse,
1261 1731 1388 1807 sed
1420 1733 1616 1829 quod
1643 1740 1714 1806 et
1744 1732 1899 1829 ipse
1930 1732 2019 1805 de
2050 1754 2359 1829 persona
2390 1732 2617 1803 suain
2643 1731 2809 1828 igne
2840 1731 3109 1805 faceret
3147 1758 3378 1829 expe-2

710 1861 1120 1947 rimentum‚
1165 1857 1311 1955 qui,
1359 1859 1415 1931 si
1469 1880 1634 1932 eum
1683 1879 1831 1930 non
1879 1856 2185 1947 lederet,
2228 1855 2624 1930 haberetur
2669 1879 2797 1953 pro
2849 1856 3153 1945 victore,
3194 1856 3357 1930 alias

707 2007 879 2057 non.
920 1982 1238 2069 Domini,
1268 1981 1520 2056 habito
1553 1982 1739 2056 inte'r
1769 2006 1849 2057 se
1880 1982 2207 2073 consilio,
2243 1981 2967 2081 promiserunt'fratri
3010 2006 3089 2056 se
3136 1982 3358 2057 sactu-

702 2131 820 2181 ros
864 2109 1055 2204 quod
1103 2106 1351 2204 petiit;
1402 2114 1474 2181 et
1521 2108 1687 2204 quia
1727 2107 1920 2205 apud
1967 2108 2245 2204 aliquos
2294 2106 2607 2203 suspicio
2656 2108 2823 2181 erat'
2858 2106 3117 2182 fratres
3174 2107 3357 2203 ipsos

703 2232 1221 2330 experientiam
1270 2233 1358 2306 de
1413 2255 1491 2306 se
1545 2232 1892 2324 facturOS,
1938 2255 2066 2308 seu
2119 2256 2373 2308 eorum
2426 2234 2760 2323 alterum,
2808 2231 2993 2306 forte
3048 2231 3354 2329 aliquam

705 2358 1279 2455 conjurationem
1325 2380 1454 2432 seu
1503 2357 2071 2432 incantationem
2118 2358 2308 2455 apud
2354 2382 2431 2431 se
2477 2356 2585 2431 vel
2630 2357 2703 2429 in
2744 2380 2974 2454 cappa
3011 2380 3141 2431 seu
3194 2358 3356 2430 alias

706 2482 1006 2575 habere,
1044 2508 1182 2580 que
1231 2484 1426 2580 ipsos
1461 2492 1504 2557 a'
1545 2483 1802 2557 virtute
1846 2482 2032 2580 ignis
2072 2481 2314 2556 illesos
2353 2484 2847 2578 preservaret3
2892 2480 3171 2555 domini
3202 2506 3357 2579 pre-

706 2608 874 2683 dicti
916 2608 1244 2683 fecerunt
1279 2609 1457 2683 duas
1496 2621 1761 2706 cappas
1805 2631 2027 2682 novas
2067 2631 2228 2682 cum
2269 2604 2761 2704 correquisitis
2802 2630 2979 2702 quas
3020 2606 3357 2681 fratribus

705 2734 1046 2833 predictis
1087 2736 1464 2827 miserunt,
1493 2735 1813 2810 volentes
1855 2735 2048 2832 quod
2087 2734 2226 2808 illis
2261 2756 2440 2830 quas
2482 2755 2730 2806 secum
2770 2732 3163 2809 attulerant
3208 2758 3357 2831 spo-

699 2861 1049 2936 liarentur
1091 2866 1164 2935 et
1203 2861 1317 2937 his
1363 2860 1564 2934 novis
1609 2860 2101 2934 induerentur.
2142 2863 2385 2933 Frater
2434 2860 2885 2948 FranciscuS,
2922 2858 3202 2933 ordinis
3228 2860 3353 2931 mi-

699 3006 985 3075 norum,
1035 3007 1182 3059 non
1229 2982 1462 3059 solum
1512 2983 1913 3079 acceptavit
1969 2981 2389 3055 mandatum
2447 2982 2805 3055 dictorum
2865 2982 3349 3071 dominorum,

700 3107 846 3180 imo
877 3107 1253 3183 seobtulit
1284 3109 1438 3185 sine
1471 3131 1697 3205 cappa
1730 3117 1804 3180 ut
1836 3107 2075 3181 minor
2104 3106 2418 3204 suspicio
2447 3106 2841 3183 haberetur
2870 3114 2939 3183 et
2978 3133 3055 3182 se
3092 3110 3351 3183 nudum

697 3229 942 3325 ignem
973 3230 1432 3305 intraturum.
1461 3235 1709 3305 Frater
1739 3231 2159 3305 Dominicus
2190 3254 2321 3327 per
2344 3232 2562 3305 verba
2590 3240 2665 3306 et
2688 3232 3133 3331 subterfugia
3160 3258 3353 3310 recu-

701 3350 877 3425 savit
921 3366 1012 3427 se·
1039 3377 1342 3451 cappam
1376 3380 1579 3429 suam
1624 3366 1907 3431 mutare
1938 3356 2050 3429 vel
2083 3356 2495 3445 dimittere3
2533 3356 2725 3459 quod
2758 3359 3085 3450 audienS,
3126 3360 3351 3437 dictus

701 3478 926 3552 frater
955 3479 1378 3553 Franciscus
1411 3481 1689 3577 rogavit
1729 3504 1985 3556 omnes
2018 3489 2093 3556 ut
2132 3492 2349 3579 su‘per
2382 3480 2801 3558 dimissione
2842 3508 3066 3582 cappe
3114 3487 3353 3584 hujus-

703 3603 896 3677 modi
949 3628 1115 3677 cum
1165 3604 1358 3679 dicto
1407 3605 1625 3679 fratre
1677 3606 2057 3681 Dominico
2107 3631 2250 3681 non
2304 3608 2831 3683 contenderent
2878 3612 3006 3685 sed
3053 3635 3347 3710 cappam

703 3727 832 3802 sibi
863 3728 1306 3805 dimitterent
1331 3754 1546 3827 quam
1574 3730 1811 3821 vellet,
1846 3731 2011 3827 quia
2034 3740 2225 3807 esset
2259 3732 2346 3806 de
2379 3756 2618 3829 panno
2650 3736 2721 3807 et
2752 3732 2905 3805 sine
2937 3731 3163 3807 dubio
3194 3756 3349 3809 cum

699 3875 786 3927 eo
831 3854 1382 3931 combureretur
1425 3880 1441 3929 ε
1488 3864 2017 3933 consenserunt
2057 3858 2299 3953 itaque
2343 3858 2433 3932 de
2472 3881 2830 3932 consensu
2872 3857 3178 3954 predicti
3226 3858 3351 3930 sra-

700 3978 824 4052 tris
863 3978 1226 4053 minorum
1273 3983 1464 4078 quod
1508 3984 1732 4056 frater
1771 3982 2193 4056 Dominicus
2237 4006 2443 4057 suam
2484 4006 2785 4081 cappam
2830 3983 3203 4073 retineret,
3238 3982 3347 4079 qui

697 4106 872 4180 dixit
918 4110 994 4179 s'e
1041 4132 1409 4203 nunquam
1459 4108 1889 4182 intraturum
1940 4107 2181 4205 ignem
2232 4107 2367 4181 nisi
2423 4131 2587 4182 cum
2634 4107 2951 4204 imagine
2996 4108 3343 4197 crucifixi,

697 4252 917 4324 supra
954 4251 1098 4325 quo
1129 4246 1292 4304 cum
1330 4229 1499 4303 dicti
1534 4229 1806 4303 domini
1842 4253 1918 4303 se
1950 4230 2440 4319 consulerent,
2472 4232 2840 4329 subjunxit
2871 4234 3093 4308 frater
3134 4237 3349 4307 Fran-

697 4353 930 4427 ciscus
977 4361 1048 4428 et
1093 4354 1396 4429 eosdem
1437 4356 1769 4429 dominos
1821 4356 2093 4453 rogavit
2143 4364 2217 4431 ut
2266 4357 2483 4431 etiam
2527 4357 2943 4457 hujusmodi
2976 4359 3110 4456 ipsi
3156 4358 3347 4433 fratri

699 4476 1078 4551 Dominico
1123 4478 1661 4574 permitterent;
1711 4502 1851 4574 que
1906 4503 2069 4553 cum
2112 4488 2305 4553 esset
2352 4479 2593 4579 lignea
2638 4506 2803 4557 eum
2854 4485 2945 4557 ab
2992 4484 3163 4582 igne
3212 4508 3348 4558 non

694 4603 1141 4691 defenderet,
1188 4604 1316 4678 sed
1364 4627 1528 4677 cum
1577 4627 1665 4677 eo
1716 4604 1956 4700 potius
2008 4600 2577 4680 combureretur.
2639 4608 2797 4685 Fuit
2850 4616 3240 4707 propterea
3284 4613 3349 4682 et

693 4728 836 4803 hoc
863 4728 1054 4804 idem
1085 4729 1283 4804 fratri
1317 4727 1694 4803 Dominico
1727 4750 2193 4819 concessum;
2232 4729 2360 4803 sed
2390 4755 2555 4804 cum
2590 4733 2721 4831 ipsi
2754 4734 2927 4808 satis
2954 4757 3103 4809 non
3132 4742 3344 4814 esset.

694 4854 822 4929 sed
863 4855 1206 4929 continuo
1245 4853 1490 4950 ignem
1533 4853 1852 4942 timeret,
1896 4850 2133 4925 adhuc
2178 4852 2467 4927 tertium
2498 4855 2703 4951 petiit
2744 4856 2937 4952 quod
2974 4858 3349 4955 permitte-

691 4987 888 5052 retur
949 5003 1114 5052 cum
1172 5002 1476 5076 corpore
1529 4978 1789 5053 Christi
1850 4978 2095 5074 ignem
2144 4978 2468 5071 introire,
2518 4980 2837 5077 alioquin
2895 5004 3345 5079 nequaquam

689 5109 877 5176 esset
908 5101 1320 5201 hujusmodi
1355 5103 1755 5199 periculum
1784 5102 1874 5177 de
1901 5125 1979 5176 se
2008 5102 2323 5177 facturus
2354 5128 2368 5176 ε
2402 5106 2593 5201 quod
2626 5128 2788 5177 cum
2818 5104 3133 5182 dominis
3162 5107 3346 5183 vide-

687 5236 886 5301 retur
931 5228 1342 5303 nullatenus
1383 5227 1939 5319 admittendum,
1974 5227 2401 5303 dissolutum
2445 5237 2555 5305 est
2596 5230 3095 5329 spectaculum
3136 5238 3207 5307 et
3236 5254 3341 5304 re·
