3625 6059
655 534 727 589 56
1143 474 1148 481 α
1565 522 1918 581 ,ΙΟΗΑΝΝῙΞ
1966 522 2413 593 BURCHARDI,
2990 522 3151 587 [Mars
3184 524 3327 586 usa]

661 684 980 758 sacerdos
1019 705 1352 779 maynus,
1395 679 1454 751 si
1485 683 1682 752 recte
1715 678 2045 770 memini,
2080 678 2227 751 sive
2273 676 2369 751 Te
2395 675 2621 752 Deum
2650 674 3029 751 laudamus
3058 675 3329 752 decan-

663 809 1010 899 tantibus,
1043 807 1246 881 ,venit
1285 805 1377 880 ad
1423 803 1650 879 altare
1689 803 1953 901 majus,
2000 802 2123 877 ubi
2167 803 2354 877 facta
2392 803 2749 891 oratione,
2800 801 3104 877 dimisso
3160 827 3333 902 cap-

663 937 958 1036 pucino,
1012 939 1298 1009 retenta
1351 930 1562 1023 stola,
1618 929 1900 1027 accepit
1954 928 2263 1027 pluviale
2312 928 2559 1003 album
2599 936 2668 1003 et
2707 952 2876 1001 cum
2914 928 3331 1005 celebrante

665 1059 836 1135 fecit
878 1057 1440 1144 consessionem,
1485 1054 1746 1129 deinde
1797 1053 2123 1127 ascendit
2172 1053 2460 1127 solium.
2515 1052 2931 1128 Cardinales
2976 1063 3333 1155 venerunt

661 1186 754 1261 ad
807 1182 1312 1271 reverentiam,
1375 1186 1450 1257 et
1501 1179 1653 1253 alia
1704 1178 1952 1253 omnia
2006 1178 2389 1253 observata
2444 1186 2610 1253 sunt
2674 1202 2877 1255 more
2942 1188 3326 1256 consueto.

658 1312 952 1385 Missam
1017 1308 1407 1383 celebravit
1466 1310 1552 1380 R.
1626 1305 1700 1377 in
1768 1304 2056 1379 Christo
2116 1307 2195 1378 P.
2262 1307 2347 1377 D.
2414 1305 2880 1403 Raymundus
2940 1306 3333 1405 episcopus

663 1430 993 1506 Dolensis
1027 1429 1126 1529 (in
1154 1428 1428 1525 vulgari
1459 1427 1546 1501 de
1586 1428 2039 1527 Bonavoglia)
2074 1430 2148 1502 in
2188 1429 2423 1503 insula
2454 1430 2783 1505 Sardinia
2821 1459 2836 1504 ε
2874 1431 3055 1505 dixit
3088 1430 3335 1522 Gloria

661 1560 736 1630 in
774 1556 1086 1645 excelsi&
1135 1556 1306 1629 Paa-
1353 1554 1566 1643 vobiS,
1620 1576 1840 1629 unam
1894 1555 2295 1629 orationem
2353 1560 2659 1646 tantum,
2714 1556 3195 1653 prefationem
3246 1559 3335 1632 de

656 1683 870 1757 beata
909 1680 1210 1778 virgine,
1260 1685 1329 1754 et
1380 1678 1520 1752 alia
1566 1688 1780 1777 prout
1830 1679 1903 1753 in
1953 1678 2319 1753 ordinario
2376 1704 2389 1751 :
2454 1679 2715 1753 solium
2770 1684 2963 1779 Pape
3010 1684 3333 1780 positum

659 1807 791 1880 suit
827 1806 1123 1880 omnino
1154 1810 1322 1879 ante
1349 1804 1777 1879 memoriam
1809 1810 1883 1879 et
1916 1803 2355 1901 sepulturam
2388 1808 2577 1882 bone
2605 1812 2912 1885 memori
2946 1811 3335 1886 cardinalis

663 1931 1165 2006 Tirasonensis
1197 1936 1270 2003 et
1291 1929 1548 2003 habuit
1581 1928 1765 2003 duos
1796 1929 2061 2025 gradus
2098 1937 2376 2006 tantum
2417 1961 2431 2005 τ
2469 1934 2789 2033 episcopi
2818 1943 2891 2011 et
2924 1936 3332 2035 presbyteri

664 2056 1066 2131 cardinales
1110 2056 1452 2131 sederunt
1507 2054 1600 2129 ad
1655 2056 1814 2151 ejus
1874 2053 2273 2147 dexteram,
2330 2066 2400 2131 et
2454 2046 2737 2133 diaconi
2796 2060 3199 2135 cardinales
3256 2064 3329 2136 in

666 2181 1076 2279 oppositum
1117 2202 1397 2270 eorum,
1425 2180 1632 2277 Juxta
1666 2202 1981 2270 murum,
2025 2181 2115 2254 ad
2154 2181 2516 2257 sinistram
2562 2184 2881 2283 episcopi
2922 2186 3330 2289 assistentis

667 2312 740 2379 et
779 2304 978 2403 prior
1017 2304 1605 2403 presbyterorum
1649 2303 1718 2377 in
1763 2287 2079 2379 scabello
2125 2330 2255 2380 suo
2306 2316 2660 2383 consueto
2700 2310 2891 2384 inter
2938 2314 3207 2409 Papam
3254 2320 3323 2387 et

665 2431 936 2519 altare3
991 2436 1316 2505 oratores
1372 2427 1533 2503 laici
1588 2428 1660 2501 in
1713 2451 2013 2503 scamno
2072 2432 2524 2507 transversali
2577 2434 2786 2531 juxta
2836 2435 3239 2509 cancellum
3285 2460 3327 2514 a

667 2578 964 2629 scamno
1035 2555 1626 2653 presbyterorum
1688 2563 1760 2629 et
1833 2556 2340 2654 episcoporum
2402 2556 2877 2631 cardinalium
2938 2582 3169 2656 usque
3236 2560 3322 2633 ad

665 2682 932 2754 ostium
968 2680 1059 2754 ab
1091 2680 1230 2754 alia
1259 2686 1462 2777 parte
1500 2705 1516 2753 ε
1554 2679 1743 2753 inter
1771 2679 2037 2753 ostium
2068 2686 2139 2754 et
2182 2702 2558 2755 scamnum
2591 2681 3065 2757 diaconorum
3094 2684 3327 2757 cardi·

665 2806 938 2879 nalium
976 2805 1108 2879 ruit
1161 2805 1396 2879 simile
1435 2828 1812 2879 scamnum
1853 2804 2197 2901 positum,
2238 2804 2313 2878 in
2358 2829 2501 2901 quo
2539 2807 2781 2881 nullus
2816 2808 3028 2898 sedit,
3078 2809 3207 2883 sed
3234 2809 3325 2883 ab

666 2934 870 3005 extra
915 2929 1186 3005 ibidem
1231 2936 1587 3005 steterunt
1629 2930 1969 3003 mulieres
2015 2929 2089 3002 in
2118 2953 2421 3005 numero
2456 2932 2780 3029 copioso,
2820 2956 2961 3030 que
2990 2934 3319 3030 perinde,

663 3062 908 3131 amoto
945 3057 1142 3131 omni
1184 3055 1584 3149 obstacuIO,
1624 3062 2017 3154 potueruut
2044 3055 2286 3132 videre
2334 3055 2755 3153 pontificem
2795 3065 2867 3132 et
2907 3058 3149 3133 omnia
3188 3082 3323 3155 que

664 3194 734 3266 in
769 3180 1048 3277 capella
1089 3180 1389 3256 fiebant.
1437 3182 1871 3279 Capitaneus
1912 3179 2263 3268 Ecclesia,
2321 3180 2462 3255 dux
2514 3182 2716 3270 Sore,
2756 3189 2829 3254 et
2855 3184 2937 3255 D.
2988 3181 3327 3257 Jofredus

663 3328 891 3402 nepos
955 3309 1178 3402 Pape,
1248 3313 1541 3380 senator
1602 3306 1842 3393 Urbis,
1914 3305 2145 3379 Guido
2202 3329 2450 3380 comes
2512 3312 2761 3381 sancte
2810 3306 3045 3395 Flore,
3099 3308 3329 3382 Julius

666 3431 992 3523 UrsinuS,
1024 3431 1244 3506 frater
1283 3430 1668 3504 cardinalis
1702 3429 1966 3519 Ursini,
2018 3438 2090 3504 et
2132 3429 2427 3528 quidam
2459 3430 2637 3505 alius
2668 3431 2844 3506 baro
2877 3432 3223 3507 sederunt
3256 3433 3328 3505 in

664 3555 1002 3652 gradibus
1051 3555 1237 3647 solii,
1288 3555 1405 3630 alii
1451 3556 1762 3630 barones
1801 3580 2110 3653 quorum
2152 3556 2392 3630 adhuc
2440 3556 2641 3630 multi
2694 3563 2923 3646 erant,
2972 3563 3330 3633 steterunt

664 3702 829 3753 cum
857 3679 1104 3775 paucis
1137 3679 1493 3754 scutiferis
1524 3683 1716 3775 Pape
1741 3679 1933 3754 intra
1966 3704 1982 3752 :
2011 3681 2219 3777 juxta
2248 3682 2513 3754 ostium
2546 3681 2845 3756 cancelli
2876 3682 3326 3771 subdiaconi,

665 3809 986 3877 oratores
1029 3809 1102 3877 et
1146 3802 1388 3876 clerici
1432 3826 1718 3879 camere
1767 3829 1782 3879 :
1829 3805 2117 3901 acolyti,
2162 3804 2584 3880 cubicularii
2626 3815 2700 3880 et
2745 3807 3067 3882 advocati
3116 3808 3329 3883 sede-

663 3932 826 4001 runt
859 3928 1146 4001 interra
1189 3950 1391 4001 more
1443 3934 1822 4004 consueto.
1881 3929 2143 4004 Prelati
2189 3954 2358 4005 vero
2408 3939 2733 4007 oratores
2782 3942 2857 4008 et
2900 3934 3019 4009 alii
3072 3934 3327 4031 prelati

665 4052 1007 4126 sederunt
1037 4054 1111 4125 in
1149 4053 1440 4129 sedibus
1472 4056 1547 4128 iu
1578 4056 1803 4131 choro
1836 4057 2139 4131 fratrum
2168 4058 2242 4131 in
2276 4082 2531 4133 eorum
2562 4060 2809 4157 cappis
2840 4061 3013 4136 satis
3045 4060 3330 4135 incom-

661 4177 903 4251 mode.
970 4179 1231 4251 Habuit
1275 4188 1662 4278 propterea
1709 4206 1999 4259 mecum
2032 4183 2237 4280 plura
2265 4183 2485 4259 verba
2524 4185 2909 4283 episcopus
2954 4186 3327 4276 PacensiS,

664 4307 904 4375 orator
953 4302 1144 4397 regis
1196 4306 1564 4401 Hispanie,
1618 4310 1742 4405 qui
1793 4309 1867 4382 in
1921 4310 2147 4383 choro
2206 4312 2400 4405 Pape
2468 4332 2635 4382 cum
2698 4309 3130 4405 quibusdam
3182 4312 3331 4385 suis

663 4426 960 4524 collegis
1005 4428 1410 4503 oratoribus
1446 4432 1744 4526 prelatis
1787 4434 2041 4509 sedere
2082 4432 2303 4510 voluit
2348 4436 2418 4509 in
2468 4438 2608 4511 alio
2640 4461 2937 4514 scamno
2968 4444 3333 4513 transver-

664 4552 791 4625 sali
817 4554 1023 4649 juxta
1051 4555 1395 4630 diaconos
1426 4556 1830 4630 cardinales
1859 4558 2121 4654 posito,
2156 4560 2522 4658 Respondi
2555 4561 2627 4636 id
2658 4560 2816 4635 fieri
2850 4586 2995 4637 non
3028 4562 3325 4649 debere,

663 4675 856 4770 quod
887 4680 1018 4775 ipsi
1051 4680 1142 4753 ab
1173 4678 1330 4753 aliis
1359 4680 1656 4778 prelatis
1683 4689 2129 4779 separentur.

759 4804 994 4878 Finita
1031 4808 1254 4880 missa
1295 4813 1368 4881 et
1411 4806 1680 4898 officio,
1729 4807 1923 4881 idem
1962 4810 2299 4885 Pacensis
2330 4810 2489 4886 illos
2517 4812 2605 4885 de
2635 4814 3045 4889 temeritate
3095 4816 3332 4889 incul-

659 4928 884 5026 pavit,
960 4952 1292 5004 asserens
1364 4933 1561 5028 ipsos
1627 4933 1967 5009 debuisse
2040 4934 2414 5009 ordinasse
2487 4938 2681 5034 quod
2742 4940 3001 5036 prelati
3072 4962 3331 5017 omnes

658 5053 899 5128 locum
953 5053 1376 5127 habuissent
1427 5057 1498 5128 in
1553 5058 1778 5133 choro
1834 5084 1997 5133 cum
2046 5059 2413 5157 pontifice,
2466 5072 2684 5157 prout
2732 5088 2922 5138 anno
2964 5061 3331 5162 superiori

659 5180 1332 5253 MCCCCLXXXXII
1365 5179 1598 5255 fuerat
1639 5183 2121 5276 observatum,
2166 5184 2238 5257 in
2276 5209 2417 5282 quo
2448 5187 2621 5262 satis
2664 5188 2925 5263 bonam
2972 5190 3329 5263 rationem
