3625 6059
258 573 501 638 [Janvier
524 573 671 633 1499]
935 567 1189 626 RERUM
1235 566 1695 627 URBANARUM
1741 567 2269 635 COMMENTARII.
2829 580 2937 636 505

258 726 377 801 cui
412 723 903 800 interfuerunt
940 722 1193 797 RRmi.
1234 727 1388 798 DD.
1431 721 1837 798 cardinales
1887 748 1948 799 s.
1987 725 2340 826 Dionysii,
2383 753 2444 802 S.
2489 732 2768 825 Crucis,
2804 735 2938 808 Se-

259 849 539 941 nensis,
600 848 1043 925 camerarius
1100 855 1175 923 et
1226 847 1571 940 Medicas,
1632 855 1877 925 orator
1937 848 2240 926 dominii
2296 857 2774 950 Venetorum,
2835 883 2932 933 xx

260 973 587 1072 episcopi
629 974 741 1048 vel
787 973 983 1047 circa
1027 980 1099 1046 et
1151 980 1297 1048 tres
1338 972 1810 1071 protonotarii
1859 975 2134 1051 familie
2186 978 2350 1052 Rmi
2408 984 2496 1054 D.
2552 982 2936 1058 cardinalis

262 1097 729 1174 Alexandrini
758 1105 834 1173 et
875 1097 1254 1190 columne,
1298 1097 1423 1195 qui
1462 1104 1707 1174 tamen
1746 1121 1894 1174 non
1936 1101 2305 1193 sederunt,
2341 1127 2510 1178 cum
2551 1107 2698 1179 non
2743 1117 2937 1184 esset

260 1225 467 1300 locus
497 1246 630 1320 pro
660 1223 767 1297 eis
798 1222 931 1298 sed
956 1230 1239 1296 tantum
1268 1246 1403 1319 pro
1440 1222 1761 1320 prelatis.
1800 1223 2038 1300 Finita
2065 1225 2314 1320 missa,
2353 1230 2676 1328 Raphael
2709 1235 2938 1307 Bran-

264 1349 553 1423 dolinus
585 1351 843 1438 CecuS‚
878 1348 953 1422 in
982 1369 1239 1446 cappa,
1272 1367 1477 1421 more
1506 1347 1810 1444 capelle,
1842 1348 1914 1421 in
1945 1348 2222 1448 pulpito
2251 1350 2397 1426 fixo
2423 1353 2732 1430 ecclesie
2767 1379 2938 1454 pre-

264 1474 451 1550 dicte
498 1471 676 1549 fecit
710 1495 1154 1549 sermonem.
1198 1474 1357 1558 Quo
1394 1470 1629 1563 finite,
1676 1472 2056 1548 celebrans
2100 1472 2405 1551 absolvit
2445 1500 2650 1554 more
2695 1483 2932 1559 solito.

265 1597 765 1674 cardinalibus
808 1598 978 1674 data
1020 1605 1189 1672 sunt
1230 1596 1595 1670 intorticia
1638 1603 1948 1693 quatuor
1991 1598 2371 1692 librarum,
2423 1603 2723 1700 prelatis
2769 1631 2941 1682 can-

267 1723 426 1798 dele
467 1723 687 1798 unius
728 1720 939 1814 libre,
992 1720 1424 1797 caudatariis
1470 1721 1952 1796 servientibus
1995 1730 2305 1819 quatuor
2351 1727 2760 1824 unciarum,
2814 1735 2936 1830 qui

268 1845 775 1938 interfuerunt,
811 1851 881 1922 et
910 1844 1301 1943 capellanis
1333 1844 1520 1920 Rmi.
1560 1850 1647 1920 D.
1682 1846 2147 1923 Alexandrini
2179 1871 2268 1923 ac
2295 1852 2544 1948 paucis
2569 1853 2729 1928 aliis
2761 1879 2940 1932 can-

269 1970 425 2046 dele
456 1972 704 2046 medie
732 1971 943 2061 libre,
993 1995 1125 2068 pro
1166 1971 1569 2046 elevatione
1610 1973 2044 2049 sacramenti
2083 1996 2211 2047 sex
2239 1973 2602 2052 intorticia
2630 2003 2770 2076 que
2801 2004 2940 2080 ego

272 2096 537 2194 recepi,
562 2098 774 2194 juxta
800 2096 1149 2172 feretrum
1178 2097 1253 2170 in
1282 2096 1607 2193 quolibet
1634 2097 1864 2173 latere
1890 2098 2256 2174 intorticia
2275 2124 2469 2192 111113
2507 2104 2699 2179 etad
2723 2115 2944 2206 caput

274 2228 583 2318 quatuor
632 2243 901 2320 magna
950 2219 1385 2300 candelabra
1434 2220 1749 2320 depicta,
1808 2245 1952 2320 que
1997 2246 2132 2321 per
2181 2224 2834 2304 confraternitates·
2864 2231 2940 2303 in

276 2347 597 2444 exequiis
640 2354 715 2423 et
754 2346 1127 2422 funeribus
1169 2346 1440 2444 portari
1484 2346 1721 2423 solent
1755 2370 1922 2422 cum
1957 2348 2362 2442 intorticiis,
2412 2359 2485 2427 et
2525 2352 2820 2428 tandem
2849 2355 2942 2428 ad

206 2461 211 2468 ’
274 2470 516 2567 pedes,
573 2476 821 2568 preter
856 2468 1487 2561 consuetudinem,
1528 2470 1767 2568 posita
1819 2471 2110 2550 suerunt
2147 2474 2241 2549 ob
2287 2475 2656 2552 defectum
2707 2479 2941 2554 caval-

277 2595 617 2671 lettorum
656 2594 1087 2671 lateralium.
1128 2594 1317 2670 Satis
1351 2603 1595 2670 tamen
1627 2597 2024 2673 ornabatur
2051 2597 2436 2692 feretrum3
2471 2602 2712 2700 ipsum
2741 2605 2940 2702 posi-

280 2727 421 2795 tum
473 2719 611 2796 fuit
664 2720 737 2793 in
790 2718 1035 2794 medio
1091 2718 1402 2794 ecclesie
1451 2719 1645 2796 inter
1686 2719 1935 2796 tertias
1979 2730 2055 2798 et
2099 2729 2390 2821 quartas
2429 2727 2802 2804 columnas
2849 2729 2942 2804 ab

279 2848 469 2922 altari
514 2846 1039 2946 computande,
1091 2846 1309 2945 pallio
1356 2842 1689 2920 brochati
1736 2845 1892 2920 auri
1941 2857 2368 2946 coopertum
2416 2874 2585 2926 cum
2631 2861 2944 2949 quatuor

281 2974 489 3048 armis
541 2971 901 3064 defuncti,
956 2971 1157 3062 hinc,
1216 2970 1413 3058 inde,
1466 2969 1557 3045 ad
1604 2976 1820 3068 caput
1865 2978 1940 3048 et
1986 2973 2214 3070 pedes
2267 2974 2470 3049 sutiS.
2527 2977 2942 3053 Cardinales

283 3099 615 3176 sederunt
644 3099 721 3172 in
756 3120 1055 3174 scamno
1090 3096 1459 3172 eminente
1477 3095 1689 3194 juxta
1716 3096 2090 3177 colomnas
2127 3098 2366 3196 posito
2407 3122 2450 3174 a
2487 3105 2696 3198 parte
2725 3123 2944 3177 evan-

286 3225 441 3320 gelii
468 3224 743 3300 altaris.
780 3227 861 3298 ln
890 3221 1031 3298 alio
1062 3220 1424 3312 similiter,
1460 3220 1537 3294 in
1566 3221 1904 3319 opposito
1933 3221 2152 3316 illius,
2197 3245 2418 3299 nemo
2449 3224 2664 3318 sedit,
2707 3225 2942 3300 sedin

287 3351 665 3450 conjuncto
707 3348 839 3440 illi,
888 3371 1034 3422 non
1068 3347 1350 3422 habens
1394 3345 1820 3439 scabellum,
1867 3347 2053 3423 sedit
2091 3355 2338 3427 orator
2376 3354 2825 3427 Venetorum
2868 3359 2945 3427 et

287 3474 355 3546 in
386 3475 611 3550 tribus
650 3473 897 3549 filariis
934 3495 1401 3548 scamnorum
1442 3479 1610 3548 ante
1642 3473 1822 3548 illud
1849 3473 1923 3548 in
1953 3498 2098 3573 quo
2139 3484 2384 3552 orator
2413 3477 2713 3554 sedebat
2739 3477 2942 3576 posi-

291 3606 537 3694 torum,
590 3600 940 3676 sederunt
987 3597 1307 3696 episcopi
1355 3605 1429 3674 et
1480 3600 1958 3697 protonotarii
2009 3601 2343 3700 predicti.
2405 3603 2764 3702 Pulpitum
2805 3625 2940 3700 pro

290 3732 555 3800 oratore
588 3725 828 3800 stabat
857 3725 927 3798 in
957 3724 1122 3800 loco
1153 3745 1322 3811 suo;
1354 3729 1555 3798 retro
1585 3721 1779 3799 dicta
1819 3745 2116 3798 scamna
2143 3726 2630 3822 prelatorum;
2663 3725 2940 3824 potuis-

292 3856 437 3925 sent
484 3851 655 3949 poni
713 3850 855 3926 alia
906 3850 1001 3926 ad
1046 3849 1351 3946 longum
1394 3849 1603 3946 juxta
1652 3847 2028 3923 columnas
2081 3849 2502 3925 continuata
2547 3873 2716 3925 cum
2767 3873 2940 3948 pos-

294 3973 535 4049 teriore
596 3995 899 4048 scamno
955 3971 1398 4071 prelatorum
1454 3993 1705 4044 versus
1766 3970 2034 4044 ostium
2093 3971 2403 4048 ecclesie
2461 3995 2592 4070 pro
2649 3971 2940 4047 familiis

293 4095 741 4202 Alexandrini
772 4105 845 4173 et
882 4097 1234 4173 Columne
1264 4103 1337 4172 et
1366 4095 1675 4170 aliorum
1718 4095 2220 4187 cardinalium,
2269 4097 2330 4172 si
2368 4097 2773 4187 venissent;
2809 4096 2942 4172 sed

295 4243 427 4296 non
460 4223 753 4300 fuerunt
788 4223 1025 4321 posita
1052 4244 1185 4320 per
1212 4221 1841 4298 inadvertentiam.
1876 4220 2038 4296 Alia
2087 4222 2334 4296 omnia
2359 4220 2742 4297 observata
2771 4228 2940 4296 sunt

296 4367 481 4423 more
510 4349 745 4424 solito.
780 4353 863 4422 In
890 4347 1393 4423 decantatione
1422 4345 1867 4445 responsorii
1904 4353 2072 4446 post
2099 4344 2400 4422 missam
2429 4353 2504 4422 et
2541 4345 2938 4422 absolutio-

296 4492 473 4565 nem,
506 4474 989 4550 intersuerunt
1030 4471 1291 4549 fratres
1318 4472 1855 4570 predicatorum
1901 4495 2120 4570 supra
2155 4471 2576 4561 Minervam,
2620 4471 2933 4561 Araceli,

298 4592 377 4668 de
418 4599 713 4695 Populo,
765 4621 1136 4674 servorum
1173 4596 1265 4671 de
1306 4621 1366 4670 s.
1412 4597 1755 4673 Marcello
1796 4604 1870 4672 et
1907 4596 2468 4688 carmelitarum,
2513 4597 2636 4692 qui
2680 4618 2936 4671 omnes

296 4715 683 4798 habuerunt
726 4722 1093 4814 candelaS,
1134 4719 1466 4796 videlicet
1496 4721 1796 4817 quilibet
1836 4743 2090 4797 eorum
2129 4744 2348 4795 unam
2383 4743 2483 4794 xv
2519 4721 2634 4796 vel
2662 4745 2762 4796 xx
2803 4742 2937 4818 pro

301 4838 487 4937 libra,
521 4854 593 4921 et
618 4852 929 4946 quatuor
954 4869 1236 4944 parvas».

390 4969 715 5063 Sabbato,
760 4979 803 5047 5
847 4973 1122 5048 mensis
1153 4972 1495 5071 januarii,
1540 4971 1834 5046 fuerunt
1871 4991 2172 5069 vespere
2213 4970 2509 5068 papales
2543 4969 2622 5045 in
2660 4969 2939 5068 capella

305 5093 556 5190 majore
580 5103 955 5189 consueta,
980 5100 1177 5194 Papa
1203 5102 1539 5194 presente
1560 5122 1577 5187 3
1608 5103 1679 5171 et
1706 5095 2075 5171 dominica
2103 5102 2484 5194 sequente,
2509 5100 2554 5169 6
2575 5093 2932 5194 ejusdem,

305 5235 431 5307 que
466 5218 593 5294 suit
633 5222 897 5297 festum
943 5222 1341 5319 Epiphanie
1391 5220 1709 5311 Domini,
1753 5224 2006 5296 Rmus.
2054 5225 2141 5298 D.
2186 5219 2573 5298 cardinalis
2612 5223 2940 5296 Recana-
