<?xml version="1.0" encoding="UTF-8"?>
<!DOCTYPE html PUBLIC "-//W3C//DTD XHTML 1.0 Transitional//EN"
    "http://www.w3.org/TR/xhtml1/DTD/xhtml1-transitional.dtd">
<html xmlns="http://www.w3.org/1999/xhtml" xml:lang="en" lang="en">
 <head>
  <title>
</title>
<meta http-equiv="Content-Type" content="text/html;charset=utf-8" />
  <meta name='ocr-system' content='tesseract 3.04.00' />
  <meta name='ocr-capabilities' content='ocr_page ocr_carea ocr_par ocr_line ocrx_word'/>
</head>
<body>
  <div class='ocr_page' id='page_1' title='image "./johannisburchar00unkngoog_0465.png"; bbox 0 0 3625 6059; ppageno 0'>
   <div class='ocr_carea' id='block_1_1' title="bbox 244 555 2915 628">
    <p class='ocr_par' dir='ltr' id='par_1_1' title="bbox 244 555 2915 628">
     <span class='ocr_line' id='line_1_1' title="bbox 244 555 2915 628; baseline 0.002 -14"><span class='ocrx_word' id='word_1_1' title='bbox 244 561 425 628; x_wconf 74' lang='lat' dir='ltr'>[Avrst</span> <span class='ocrx_word' id='word_1_2' title='bbox 450 563 591 624; x_wconf 72' lang='grc'><strong>1498]</strong></span> <span class='ocrx_word' id='word_1_3' title='bbox 905 556 1157 615; x_wconf 82' lang='lat' dir='ltr'>RERUM</span> <span class='ocrx_word' id='word_1_4' title='bbox 1199 555 1655 616; x_wconf 73' lang='lat' dir='ltr'><strong>URBANARUM</strong></span> <span class='ocrx_word' id='word_1_5' title='bbox 1705 557 2102 616; x_wconf 69' lang='lat' dir='ltr'>COMMENTA</span> <span class='ocrx_word' id='word_1_6' title='bbox 2113 559 2182 614; x_wconf 62' lang='lat'>131</span> <span class='ocrx_word' id='word_1_7' title='bbox 2195 561 2233 617; x_wconf 89' lang='lat' dir='ltr'>I.</span> <span class='ocrx_word' id='word_1_8' title='bbox 2811 567 2915 621; x_wconf 69' lang='lat'>1253</span> 
     </span>
    </p>
   </div>
   <div class='ocr_carea' id='block_1_2' title="bbox 236 715 2996 4939">
    <p class='ocr_par' dir='ltr' id='par_1_2' title="bbox 236 715 2912 2319">
     <span class='ocr_line' id='line_1_2' title="bbox 246 715 2912 818; baseline -0.002 -21"><span class='ocrx_word' id='word_1_9' title='bbox 246 725 372 798; x_wconf 89' lang='lat' dir='ltr'>diit</span> <span class='ocrx_word' id='word_1_10' title='bbox 402 720 708 818; x_wconf 80' lang='lat' dir='ltr'>quisque</span> <span class='ocrx_word' id='word_1_11' title='bbox 740 716 1037 792; x_wconf 92' lang='lat' dir='ltr'>domum</span> <span class='ocrx_word' id='word_1_12' title='bbox 1067 723 1141 791; x_wconf 88' lang='lat' dir='ltr'>et</span> <span class='ocrx_word' id='word_1_13' title='bbox 1178 715 1632 790; x_wconf 81' lang='lat' dir='ltr'><strong>mansionem</strong></span> <span class='ocrx_word' id='word_1_14' title='bbox 1662 736 1894 787; x_wconf 87' lang='lat' dir='ltr'>suam.</span> <span class='ocrx_word' id='word_1_15' title='bbox 1933 716 2192 787; x_wconf 88' lang='lat' dir='ltr'>Factus</span> <span class='ocrx_word' id='word_1_16' title='bbox 2225 717 2333 788; x_wconf 86' lang='lat' dir='ltr'>est</span> <span class='ocrx_word' id='word_1_17' title='bbox 2364 739 2468 810; x_wconf 39' lang='lat' dir='ltr'>ex,</span> <span class='ocrx_word' id='word_1_18' title='bbox 2492 715 2634 792; x_wconf 89' lang='lat' dir='ltr'>hoc</span> <span class='ocrx_word' id='word_1_19' title='bbox 2667 742 2912 792; x_wconf 89' lang='lat' dir='ltr'>rumor</span> 
     </span>
     <span class='ocr_line' id='line_1_3' title="bbox 242 838 2906 942; baseline -0.001 -22"><span class='ocrx_word' id='word_1_20' title='bbox 242 847 313 920; x_wconf 89' lang='lat' dir='ltr'>in</span> <span class='ocrx_word' id='word_1_21' title='bbox 356 842 653 942; x_wconf 92' lang='lat' dir='ltr'>populo,</span> <span class='ocrx_word' id='word_1_22' title='bbox 703 847 775 916; x_wconf 90' lang='lat' dir='ltr'>et</span> <span class='ocrx_word' id='word_1_23' title='bbox 806 846 1063 916; x_wconf 85' lang='lat' dir='ltr'>contra</span> <span class='ocrx_word' id='word_1_24' title='bbox 1102 841 1399 914; x_wconf 88' lang='lat' dir='ltr'>fratrem</span> <span class='ocrx_word' id='word_1_25' title='bbox 1431 838 1954 936; x_wconf 82' lang='lat' dir='ltr'>Hieronymum</span> <span class='ocrx_word' id='word_1_26' title='bbox 1991 862 2138 911; x_wconf 89' lang='lat' dir='ltr'>non</span> <span class='ocrx_word' id='word_1_27' title='bbox 2183 840 2472 916; x_wconf 89' lang='lat' dir='ltr'>modica</span> <span class='ocrx_word' id='word_1_28' title='bbox 2509 842 2906 942; x_wconf 80' lang='lat' dir='ltr'>indignatio</span> 
     </span>
     <span class='ocr_line' id='line_1_4' title="bbox 242 962 2902 1068; baseline -0.001 -22"><span class='ocrx_word' id='word_1_29' title='bbox 242 979 311 1046; x_wconf 89' lang='lat' dir='ltr'>et</span> <span class='ocrx_word' id='word_1_30' title='bbox 342 968 654 1067; x_wconf 92' lang='lat' dir='ltr'>suspicio</span> <span class='ocrx_word' id='word_1_31' title='bbox 696 973 891 1057; x_wconf 84' lang='lat' dir='ltr'>nata,</span> <span class='ocrx_word' id='word_1_32' title='bbox 926 966 1111 1041; x_wconf 89' lang='lat' dir='ltr'>adeo</span> <span class='ocrx_word' id='word_1_33' title='bbox 1156 965 1352 1060; x_wconf 91' lang='lat' dir='ltr'>quod</span> <span class='ocrx_word' id='word_1_34' title='bbox 1391 964 1505 1038; x_wconf 93' lang='lat' dir='ltr'>die</span> <span class='ocrx_word' id='word_1_35' title='bbox 1546 962 1745 1052; x_wconf 89' lang='lat' dir='ltr'>lune,</span> <span class='ocrx_word' id='word_1_36' title='bbox 1780 969 1826 1035; x_wconf 83' lang='lat'>9</span> <span class='ocrx_word' id='word_1_37' title='bbox 1855 964 2071 1062; x_wconf 89' lang='lat' dir='ltr'>hujus</span> <span class='ocrx_word' id='word_1_38' title='bbox 2104 967 2402 1056; x_wconf 74' lang='lat' dir='ltr'>mensi8‚</span> <span class='ocrx_word' id='word_1_39' title='bbox 2438 969 2512 1040; x_wconf 91' lang='lat' dir='ltr'>in</span> <span class='ocrx_word' id='word_1_40' title='bbox 2543 991 2736 1058; x_wconf 72' lang='lat' dir='ltr'>seno,</span> <span class='ocrx_word' id='word_1_41' title='bbox 2769 993 2902 1068; x_wconf 90' lang='lat' dir='ltr'>po-</span> 
     </span>
     <span class='ocr_line' id='line_1_5' title="bbox 242 1088 2894 1196; baseline -0 -27"><span class='ocrx_word' id='word_1_42' title='bbox 242 1096 447 1196; x_wconf 86' lang='lat' dir='ltr'>pulus</span> <span class='ocrx_word' id='word_1_43' title='bbox 497 1115 763 1190; x_wconf 89' lang='lat' dir='ltr'>magno</span> <span class='ocrx_word' id='word_1_44' title='bbox 810 1115 976 1165; x_wconf 89' lang='lat' dir='ltr'>cum</span> <span class='ocrx_word' id='word_1_45' title='bbox 1018 1091 1292 1187; x_wconf 86' lang='lat' dir='ltr'>impetu</span> <span class='ocrx_word' id='word_1_46' title='bbox 1346 1097 1417 1164; x_wconf 90' lang='lat' dir='ltr'>et</span> <span class='ocrx_word' id='word_1_47' title='bbox 1462 1088 1923 1164; x_wconf 82' lang='lat' dir='ltr'>vehementia</span> <span class='ocrx_word' id='word_1_48' title='bbox 1968 1089 2170 1162; x_wconf 88' lang='lat' dir='ltr'>irruit</span> <span class='ocrx_word' id='word_1_49' title='bbox 2221 1092 2312 1166; x_wconf 92' lang='lat' dir='ltr'>ad</span> <span class='ocrx_word' id='word_1_50' title='bbox 2360 1101 2792 1167; x_wconf 85' lang='lat' dir='ltr'>conventum</span> <span class='ocrx_word' id='word_1_51' title='bbox 2835 1120 2894 1168; x_wconf 86' lang='lat' dir='ltr'>S.</span> 
     </span>
     <span class='ocr_line' id='line_1_6' title="bbox 242 1215 2900 1314; baseline -0 -20"><span class='ocrx_word' id='word_1_52' title='bbox 242 1221 459 1294; x_wconf 80' lang='lat' dir='ltr'>Marci</span> <span class='ocrx_word' id='word_1_53' title='bbox 520 1219 593 1292; x_wconf 94' lang='lat' dir='ltr'>in</span> <span class='ocrx_word' id='word_1_54' title='bbox 645 1240 787 1314; x_wconf 91' lang='lat' dir='ltr'>quo</span> <span class='ocrx_word' id='word_1_55' title='bbox 838 1216 1071 1288; x_wconf 84' lang='lat' dir='ltr'>dictus</span> <span class='ocrx_word' id='word_1_56' title='bbox 1119 1215 1340 1288; x_wconf 85' lang='lat' dir='ltr'>frater</span> <span class='ocrx_word' id='word_1_57' title='bbox 1404 1215 1886 1312; x_wconf 83' lang='lat' dir='ltr'>Hieronymus</span> <span class='ocrx_word' id='word_1_58' title='bbox 1945 1216 2332 1308; x_wconf 76' lang='lat' dir='ltr'>residebat,</span> <span class='ocrx_word' id='word_1_59' title='bbox 2382 1243 2598 1314; x_wconf 90' lang='lat' dir='ltr'>quem</span> <span class='ocrx_word' id='word_1_60' title='bbox 2643 1219 2900 1293; x_wconf 83' lang='lat' dir='ltr'>fratres</span> 
     </span>
     <span class='ocr_line' id='line_1_7' title="bbox 242 1340 2899 1442; baseline 0 -24"><span class='ocrx_word' id='word_1_61' title='bbox 242 1345 567 1442; x_wconf 78' lang='lat' dir='ltr'>ejusdem</span> <span class='ocrx_word' id='word_1_62' title='bbox 596 1343 783 1418; x_wconf 89' lang='lat' dir='ltr'>bene</span> <span class='ocrx_word' id='word_1_63' title='bbox 812 1341 1226 1415; x_wconf 79' lang='lat' dir='ltr'>clauserant</span> <span class='ocrx_word' id='word_1_64' title='bbox 1260 1347 1331 1414; x_wconf 90' lang='lat' dir='ltr'>et</span> <span class='ocrx_word' id='word_1_65' title='bbox 1362 1340 1433 1412; x_wconf 90' lang='lat' dir='ltr'>in</span> <span class='ocrx_word' id='word_1_66' title='bbox 1466 1363 1554 1414; x_wconf 93' lang='lat' dir='ltr'>eo</span> <span class='ocrx_word' id='word_1_67' title='bbox 1589 1341 2004 1414; x_wconf 89' lang='lat' dir='ltr'>bombardis</span> <span class='ocrx_word' id='word_1_68' title='bbox 2045 1347 2116 1416; x_wconf 93' lang='lat' dir='ltr'>et</span> <span class='ocrx_word' id='word_1_69' title='bbox 2153 1341 2314 1416; x_wconf 88' lang='lat' dir='ltr'>aliis</span> <span class='ocrx_word' id='word_1_70' title='bbox 2344 1343 2705 1418; x_wconf 86' lang='lat' dir='ltr'>offensivis</span> <span class='ocrx_word' id='word_1_71' title='bbox 2736 1369 2899 1418; x_wconf 91' lang='lat' dir='ltr'>mu-</span> 
     </span>
     <span class='ocr_line' id='line_1_8' title="bbox 243 1466 2897 1564; baseline 0.001 -21"><span class='ocrx_word' id='word_1_72' title='bbox 243 1471 365 1544; x_wconf 83' lang='lat' dir='ltr'>niti</span> <span class='ocrx_word' id='word_1_73' title='bbox 412 1475 645 1556; x_wconf 87' lang='lat' dir='ltr'>erant,</span> <span class='ocrx_word' id='word_1_74' title='bbox 692 1489 832 1564; x_wconf 89' lang='lat' dir='ltr'>que</span> <span class='ocrx_word' id='word_1_75' title='bbox 882 1467 957 1539; x_wconf 91' lang='lat' dir='ltr'>in</span> <span class='ocrx_word' id='word_1_76' title='bbox 1004 1466 1351 1564; x_wconf 90' lang='lat' dir='ltr'>populum</span> <span class='ocrx_word' id='word_1_77' title='bbox 1400 1474 1806 1557; x_wconf 80' lang='lat' dir='ltr'>traxerunt3</span> <span class='ocrx_word' id='word_1_78' title='bbox 1856 1468 1977 1563; x_wconf 90' lang='lat' dir='ltr'>qui</span> <span class='ocrx_word' id='word_1_79' title='bbox 2027 1469 2319 1543; x_wconf 90' lang='lat' dir='ltr'>tandem</span> <span class='ocrx_word' id='word_1_80' title='bbox 2362 1475 2794 1544; x_wconf 86' lang='lat' dir='ltr'>conventum</span> <span class='ocrx_word' id='word_1_81' title='bbox 2835 1473 2897 1545; x_wconf 86' lang='lat' dir='ltr'>vi</span> 
     </span>
     <span class='ocr_line' id='line_1_9' title="bbox 240 1591 2893 1688; baseline 0 -20"><span class='ocrx_word' id='word_1_82' title='bbox 240 1595 546 1685; x_wconf 86' lang='lat' dir='ltr'>intravit,</span> <span class='ocrx_word' id='word_1_83' title='bbox 600 1592 999 1667; x_wconf 85' lang='lat' dir='ltr'>intersectis</span> <span class='ocrx_word' id='word_1_84' title='bbox 1050 1591 1369 1688; x_wconf 90' lang='lat' dir='ltr'>quinque</span> <span class='ocrx_word' id='word_1_85' title='bbox 1420 1614 1509 1665; x_wconf 85' lang='lat' dir='ltr'>ex</span> <span class='ocrx_word' id='word_1_86' title='bbox 1556 1591 1741 1679; x_wconf 81' lang='lat' dir='ltr'>suiS‚</span> <span class='ocrx_word' id='word_1_87' title='bbox 1786 1593 2014 1665; x_wconf 88' lang='lat' dir='ltr'>tribus</span> <span class='ocrx_word' id='word_1_88' title='bbox 2067 1599 2308 1667; x_wconf 86' lang='lat' dir='ltr'>autem</span> <span class='ocrx_word' id='word_1_89' title='bbox 2350 1617 2438 1668; x_wconf 84' lang='lat' dir='ltr'>ex</span> <span class='ocrx_word' id='word_1_90' title='bbox 2489 1595 2893 1686; x_wconf 78' lang='lat' dir='ltr'>monachiS,</span> 
     </span>
     <span class='ocr_line' id='line_1_10' title="bbox 244 1715 2902 1816; baseline 0.002 -23"><span class='ocrx_word' id='word_1_91' title='bbox 244 1719 549 1816; x_wconf 87' lang='lat' dir='ltr'>quodam</span> <span class='ocrx_word' id='word_1_92' title='bbox 575 1719 799 1793; x_wconf 85' lang='lat' dir='ltr'>fratre</span> <span class='ocrx_word' id='word_1_93' title='bbox 828 1715 1161 1813; x_wconf 83' lang='lat' dir='ltr'>professo</span> <span class='ocrx_word' id='word_1_94' title='bbox 1192 1716 1462 1790; x_wconf 87' lang='lat' dir='ltr'>ordinis</span> <span class='ocrx_word' id='word_1_95' title='bbox 1487 1717 2050 1813; x_wconf 76' lang='lat' dir='ltr'>predicatorum,</span> <span class='ocrx_word' id='word_1_96' title='bbox 2081 1741 2428 1815; x_wconf 81' lang='lat' dir='ltr'>germano</span> <span class='ocrx_word' id='word_1_97' title='bbox 2461 1719 2630 1793; x_wconf 87' lang='lat' dir='ltr'>dicti</span> <span class='ocrx_word' id='word_1_98' title='bbox 2660 1719 2902 1798; x_wconf 79' lang='lat' dir='ltr'>fratris</span> 
     </span>
     <span class='ocr_line' id='line_1_11' title="bbox 236 1833 2897 1944; baseline 0.001 -26"><span class='ocrx_word' id='word_1_99' title='bbox 236 1833 687 1942; x_wconf 76' lang='lat' dir='ltr'>Hieronymi,</span> <span class='ocrx_word' id='word_1_100' title='bbox 742 1851 817 1917; x_wconf 90' lang='lat' dir='ltr'>et</span> <span class='ocrx_word' id='word_1_101' title='bbox 858 1841 1143 1916; x_wconf 90' lang='lat' dir='ltr'>duobus</span> <span class='ocrx_word' id='word_1_102' title='bbox 1185 1841 1368 1916; x_wconf 82' lang='lat' dir='ltr'>aliis,</span> <span class='ocrx_word' id='word_1_103' title='bbox 1415 1842 1878 1939; x_wconf 87' lang='lat' dir='ltr'>Captivarunt</span> <span class='ocrx_word' id='word_1_104' title='bbox 1915 1843 2211 1917; x_wconf 83' lang='lat' dir='ltr'>fratrem</span> <span class='ocrx_word' id='word_1_105' title='bbox 2261 1845 2782 1944; x_wconf 79' lang='lat' dir='ltr'>Hieronymum</span> <span class='ocrx_word' id='word_1_106' title='bbox 2826 1853 2897 1922; x_wconf 89' lang='lat' dir='ltr'>et</span> 
     </span>
     <span class='ocr_line' id='line_1_12' title="bbox 244 1967 2901 2056; baseline 0.001 -14"><span class='ocrx_word' id='word_1_107' title='bbox 244 1971 415 2044; x_wconf 89' lang='lat' dir='ltr'>duos</span> <span class='ocrx_word' id='word_1_108' title='bbox 451 1968 635 2043; x_wconf 88' lang='lat' dir='ltr'>alios</span> <span class='ocrx_word' id='word_1_109' title='bbox 672 1967 930 2042; x_wconf 79' lang='lat' dir='ltr'>fratres</span> <span class='ocrx_word' id='word_1_110' title='bbox 969 1991 1285 2056; x_wconf 86' lang='lat' dir='ltr'>cume0,</span> <span class='ocrx_word' id='word_1_111' title='bbox 1326 1967 1661 2042; x_wconf 87' lang='lat' dir='ltr'>videlicet</span> <span class='ocrx_word' id='word_1_112' title='bbox 1694 1967 1992 2042; x_wconf 84' lang='lat' dir='ltr'>fratrem</span> <span class='ocrx_word' id='word_1_113' title='bbox 2036 1968 2493 2043; x_wconf 87' lang='lat' dir='ltr'>Dominicum</span> <span class='ocrx_word' id='word_1_114' title='bbox 2523 1969 2616 2044; x_wconf 91' lang='lat' dir='ltr'>de</span> <span class='ocrx_word' id='word_1_115' title='bbox 2648 1971 2901 2046; x_wconf 83' lang='lat' dir='ltr'>Pescia</span> 
     </span>
     <span class='ocr_line' id='line_1_13' title="bbox 243 2091 2898 2194; baseline 0 -26"><span class='ocrx_word' id='word_1_116' title='bbox 243 2104 307 2169; x_wconf 83' lang='lat' dir='ltr'>et</span> <span class='ocrx_word' id='word_1_117' title='bbox 347 2095 651 2170; x_wconf 84' lang='lat' dir='ltr'>fratrem</span> <span class='ocrx_word' id='word_1_118' title='bbox 693 2092 1269 2192; x_wconf 83' lang='lat' dir='ltr'>Sylvestrumde</span> <span class='ocrx_word' id='word_1_119' title='bbox 1320 2091 1679 2166; x_wconf 86' lang='lat' dir='ltr'>Florentia</span> <span class='ocrx_word' id='word_1_120' title='bbox 1722 2099 1793 2167; x_wconf 85' lang='lat' dir='ltr'>et</span> <span class='ocrx_word' id='word_1_121' title='bbox 1843 2116 1968 2168; x_wconf 90' lang='lat' dir='ltr'>eos</span> <span class='ocrx_word' id='word_1_122' title='bbox 2019 2094 2376 2170; x_wconf 83' lang='lat' dir='ltr'>duxerunt</span> <span class='ocrx_word' id='word_1_123' title='bbox 2419 2095 2513 2169; x_wconf 88' lang='lat' dir='ltr'>ad</span> <span class='ocrx_word' id='word_1_124' title='bbox 2553 2097 2898 2194; x_wconf 84' lang='lat' dir='ltr'>palatium</span> 
     </span>
     <span class='ocr_line' id='line_1_14' title="bbox 246 2216 2487 2319; baseline 0 -25"><span class='ocrx_word' id='word_1_125' title='bbox 246 2225 385 2296; x_wconf 88' lang='lat' dir='ltr'>DD.</span> <span class='ocrx_word' id='word_1_126' title='bbox 423 2219 1008 2294; x_wconf 88' lang='lat' dir='ltr'>Florentinorum</span> <span class='ocrx_word' id='word_1_127' title='bbox 1040 2223 1111 2292; x_wconf 89' lang='lat' dir='ltr'>et</span> <span class='ocrx_word' id='word_1_128' title='bbox 1138 2216 1411 2291; x_wconf 89' lang='lat' dir='ltr'>ibidem</span> <span class='ocrx_word' id='word_1_129' title='bbox 1441 2217 1854 2292; x_wconf 85' lang='lat' dir='ltr'>carceribus</span> <span class='ocrx_word' id='word_1_130' title='bbox 1885 2219 2334 2294; x_wconf 89' lang='lat' dir='ltr'>intruserunt</span> <span class='ocrx_word' id='word_1_131' title='bbox 2365 2221 2487 2319; x_wconf 82' lang='lat'>(1).</span> 
     </span>
    </p>

    <p class='ocr_par' dir='ltr' id='par_1_3' title="bbox 244 2342 2901 3941">
     <span class='ocr_line' id='line_1_15' title="bbox 333 2342 2896 2441; baseline 0.001 -23"><span class='ocrx_word' id='word_1_132' title='bbox 333 2345 660 2418; x_wconf 78' lang='lat' dir='ltr'>Accurrit</span> <span class='ocrx_word' id='word_1_133' title='bbox 700 2342 961 2418; x_wconf 89' lang='lat' dir='ltr'>deinde</span> <span class='ocrx_word' id='word_1_134' title='bbox 1001 2342 1311 2441; x_wconf 89' lang='lat' dir='ltr'>populus</span> <span class='ocrx_word' id='word_1_135' title='bbox 1351 2344 1442 2416; x_wconf 86' lang='lat' dir='ltr'>ad</span> <span class='ocrx_word' id='word_1_136' title='bbox 1475 2343 1731 2418; x_wconf 89' lang='lat' dir='ltr'>domos</span> <span class='ocrx_word' id='word_1_137' title='bbox 1772 2343 2134 2418; x_wconf 87' lang='lat' dir='ltr'>Francisci</span> <span class='ocrx_word' id='word_1_138' title='bbox 2177 2343 2266 2418; x_wconf 89' lang='lat' dir='ltr'>de</span> <span class='ocrx_word' id='word_1_139' title='bbox 2313 2346 2554 2422; x_wconf 86' lang='lat' dir='ltr'>Valori</span> <span class='ocrx_word' id='word_1_140' title='bbox 2595 2355 2669 2422; x_wconf 84' lang='lat' dir='ltr'>et</span> <span class='ocrx_word' id='word_1_141' title='bbox 2700 2348 2896 2422; x_wconf 86' lang='lat' dir='ltr'>Pauli</span> 
     </span>
     <span class='ocr_line' id='line_1_16' title="bbox 244 2468 2901 2570; baseline 0.002 -26"><span class='ocrx_word' id='word_1_142' title='bbox 244 2470 517 2546; x_wconf 74' lang='lat' dir='ltr'>Antonii</span> <span class='ocrx_word' id='word_1_143' title='bbox 570 2468 931 2560; x_wconf 84' lang='lat' dir='ltr'>Soderini‚</span> <span class='ocrx_word' id='word_1_144' title='bbox 977 2468 1217 2542; x_wconf 86' lang='lat' dir='ltr'>fratris</span> <span class='ocrx_word' id='word_1_145' title='bbox 1265 2472 1349 2541; x_wconf 87' lang='lat' dir='ltr'>D.</span> <span class='ocrx_word' id='word_1_146' title='bbox 1401 2469 1721 2566; x_wconf 89' lang='lat' dir='ltr'>episcopi</span> <span class='ocrx_word' id='word_1_147' title='bbox 1760 2468 2202 2561; x_wconf 83' lang='lat' dir='ltr'>Volterrani,</span> <span class='ocrx_word' id='word_1_148' title='bbox 2247 2471 2369 2566; x_wconf 89' lang='lat' dir='ltr'>qui</span> <span class='ocrx_word' id='word_1_149' title='bbox 2407 2471 2901 2570; x_wconf 82' lang='lat' dir='ltr'>principaliter</span> 
     </span>
     <span class='ocr_line' id='line_1_17' title="bbox 246 2591 2899 2694; baseline 0.002 -26"><span class='ocrx_word' id='word_1_150' title='bbox 246 2595 421 2670; x_wconf 84' lang='lat' dir='ltr'>dicto</span> <span class='ocrx_word' id='word_1_151' title='bbox 470 2593 675 2669; x_wconf 82' lang='lat' dir='ltr'>fratri</span> <span class='ocrx_word' id='word_1_152' title='bbox 724 2594 1163 2692; x_wconf 71' lang='lat' dir='ltr'>Hieronymo</span> <span class='ocrx_word' id='word_1_153' title='bbox 1213 2591 1549 2668; x_wconf 85' lang='lat' dir='ltr'>favebant</span> <span class='ocrx_word' id='word_1_154' title='bbox 1591 2601 1663 2666; x_wconf 81' lang='lat' dir='ltr'>et</span> <span class='ocrx_word' id='word_1_155' title='bbox 1711 2593 1946 2690; x_wconf 87' lang='lat' dir='ltr'>ipsum</span> <span class='ocrx_word' id='word_1_156' title='bbox 1995 2594 2418 2687; x_wconf 79' lang='lat' dir='ltr'>tuebantur3</span> <span class='ocrx_word' id='word_1_157' title='bbox 2473 2603 2545 2670; x_wconf 91' lang='lat' dir='ltr'>et</span> <span class='ocrx_word' id='word_1_158' title='bbox 2585 2596 2899 2694; x_wconf 89' lang='lat' dir='ltr'>primum</span> 
     </span>
     <span class='ocr_line' id='line_1_18' title="bbox 247 2716 2898 2814; baseline 0.001 -22"><span class='ocrx_word' id='word_1_159' title='bbox 247 2720 327 2794; x_wconf 87' lang='lat' dir='ltr'>ad</span> <span class='ocrx_word' id='word_1_160' title='bbox 370 2721 669 2796; x_wconf 91' lang='lat' dir='ltr'>domum</span> <span class='ocrx_word' id='word_1_161' title='bbox 720 2718 890 2794; x_wconf 86' lang='lat' dir='ltr'>dicti</span> <span class='ocrx_word' id='word_1_162' title='bbox 934 2717 1299 2792; x_wconf 78' lang='lat' dir='ltr'>Francisci</span> <span class='ocrx_word' id='word_1_163' title='bbox 1342 2717 1432 2791; x_wconf 90' lang='lat' dir='ltr'>de</span> <span class='ocrx_word' id='word_1_164' title='bbox 1483 2716 1726 2792; x_wconf 83' lang='lat' dir='ltr'>Valori</span> <span class='ocrx_word' id='word_1_165' title='bbox 1766 2726 2268 2813; x_wconf 86' lang='lat' dir='ltr'>perrexerunt,</span> <span class='ocrx_word' id='word_1_166' title='bbox 2321 2741 2539 2814; x_wconf 90' lang='lat' dir='ltr'>quem</span> <span class='ocrx_word' id='word_1_167' title='bbox 2588 2744 2754 2794; x_wconf 89' lang='lat' dir='ltr'>cum</span> <span class='ocrx_word' id='word_1_168' title='bbox 2802 2721 2898 2796; x_wconf 91' lang='lat' dir='ltr'>ibi</span> 
     </span>
     <span class='ocr_line' id='line_1_19' title="bbox 252 2839 2900 2943; baseline 0.001 -27"><span class='ocrx_word' id='word_1_169' title='bbox 252 2869 380 2918; x_wconf 88' lang='lat' dir='ltr'>non</span> <span class='ocrx_word' id='word_1_170' title='bbox 416 2845 889 2943; x_wconf 87' lang='lat' dir='ltr'>reperissent,</span> <span class='ocrx_word' id='word_1_171' title='bbox 932 2867 1177 2916; x_wconf 86' lang='lat' dir='ltr'>versus</span> <span class='ocrx_word' id='word_1_172' title='bbox 1205 2842 1551 2941; x_wconf 86' lang='lat' dir='ltr'>palatium</span> <span class='ocrx_word' id='word_1_173' title='bbox 1592 2839 1951 2936; x_wconf 87' lang='lat' dir='ltr'>dictorum</span> <span class='ocrx_word' id='word_1_174' title='bbox 1983 2843 2443 2915; x_wconf 90' lang='lat' dir='ltr'>dominorum</span> <span class='ocrx_word' id='word_1_175' title='bbox 2477 2844 2780 2936; x_wconf 87' lang='lat' dir='ltr'>iverunt,</span> <span class='ocrx_word' id='word_1_176' title='bbox 2825 2846 2900 2918; x_wconf 90' lang='lat' dir='ltr'>in</span> 
     </span>
     <span class='ocr_line' id='line_1_20' title="bbox 250 2965 2897 3067; baseline 0 -25"><span class='ocrx_word' id='word_1_177' title='bbox 250 2993 534 3066; x_wconf 90' lang='lat' dir='ltr'>quorum</span> <span class='ocrx_word' id='word_1_178' title='bbox 580 2969 845 3067; x_wconf 88' lang='lat' dir='ltr'>platea,</span> <span class='ocrx_word' id='word_1_179' title='bbox 883 2967 993 3043; x_wconf 89' lang='lat' dir='ltr'>vel</span> <span class='ocrx_word' id='word_1_180' title='bbox 1029 2968 1247 3058; x_wconf 90' lang='lat' dir='ltr'>circa,</span> <span class='ocrx_word' id='word_1_181' title='bbox 1297 2989 1461 3042; x_wconf 91' lang='lat' dir='ltr'>eum</span> <span class='ocrx_word' id='word_1_182' title='bbox 1505 2972 1872 3063; x_wconf 88' lang='lat' dir='ltr'>repertum</span> <span class='ocrx_word' id='word_1_183' title='bbox 1910 2965 2432 3040; x_wconf 83' lang='lat' dir='ltr'>interfecerunt</span> <span class='ocrx_word' id='word_1_184' title='bbox 2469 2969 2897 3046; x_wconf 88' lang='lat' dir='ltr'>crudeliter-</span> 
     </span>
     <span class='ocr_line' id='line_1_21' title="bbox 249 3089 2900 3190; baseline -0.001 -21"><span class='ocrx_word' id='word_1_185' title='bbox 249 3117 371 3190; x_wconf 84' lang='lat' dir='ltr'>que</span> <span class='ocrx_word' id='word_1_186' title='bbox 408 3101 808 3170; x_wconf 82' lang='lat' dir='ltr'>traxerunt.</span> <span class='ocrx_word' id='word_1_187' title='bbox 872 3095 1063 3168; x_wconf 87' lang='lat' dir='ltr'>Uxor</span> <span class='ocrx_word' id='word_1_188' title='bbox 1102 3094 1286 3190; x_wconf 80' lang='lat' dir='ltr'>ejuS‚</span> <span class='ocrx_word' id='word_1_189' title='bbox 1334 3115 1474 3188; x_wconf 91' lang='lat' dir='ltr'>que</span> <span class='ocrx_word' id='word_1_190' title='bbox 1515 3091 1811 3166; x_wconf 90' lang='lat' dir='ltr'>domum</span> <span class='ocrx_word' id='word_1_191' title='bbox 1854 3089 2242 3164; x_wconf 83' lang='lat' dir='ltr'>defendere</span> <span class='ocrx_word' id='word_1_192' title='bbox 2290 3093 2712 3182; x_wconf 89' lang='lat' dir='ltr'>conabatur,</span> <span class='ocrx_word' id='word_1_193' title='bbox 2768 3094 2900 3167; x_wconf 84' lang='lat' dir='ltr'>fuit</span> 
     </span>
     <span class='ocr_line' id='line_1_22' title="bbox 251 3213 2899 3314; baseline 0 -22"><span class='ocrx_word' id='word_1_194' title='bbox 251 3220 567 3295; x_wconf 85' lang='lat' dir='ltr'>similiter</span> <span class='ocrx_word' id='word_1_195' title='bbox 617 3220 885 3309; x_wconf 89' lang='lat' dir='ltr'>occisa,</span> <span class='ocrx_word' id='word_1_196' title='bbox 939 3224 1013 3294; x_wconf 92' lang='lat' dir='ltr'>et</span> <span class='ocrx_word' id='word_1_197' title='bbox 1061 3221 1433 3314; x_wconf 85' lang='lat' dir='ltr'>exportata</span> <span class='ocrx_word' id='word_1_198' title='bbox 1484 3214 1729 3289; x_wconf 87' lang='lat' dir='ltr'>omnia</span> <span class='ocrx_word' id='word_1_199' title='bbox 1773 3213 1967 3288; x_wconf 90' lang='lat' dir='ltr'>bona</span> <span class='ocrx_word' id='word_1_200' title='bbox 2015 3237 2171 3304; x_wconf 89' lang='lat' dir='ltr'>sua,</span> <span class='ocrx_word' id='word_1_201' title='bbox 2223 3221 2300 3288; x_wconf 88' lang='lat' dir='ltr'>et</span> <span class='ocrx_word' id='word_1_202' title='bbox 2345 3215 2541 3311; x_wconf 90' lang='lat' dir='ltr'>quod</span> <span class='ocrx_word' id='word_1_203' title='bbox 2592 3217 2899 3314; x_wconf 90' lang='lat' dir='ltr'>quisque</span> 
     </span>
     <span class='ocr_line' id='line_1_23' title="bbox 250 3340 2897 3443; baseline 0.001 -30"><span class='ocrx_word' id='word_1_204' title='bbox 250 3342 495 3418; x_wconf 89' lang='lat' dir='ltr'>habere</span> <span class='ocrx_word' id='word_1_205' title='bbox 534 3344 802 3443; x_wconf 83' lang='lat' dir='ltr'>potuit,</span> <span class='ocrx_word' id='word_1_206' title='bbox 846 3343 981 3418; x_wconf 87' lang='lat' dir='ltr'>sibi</span> <span class='ocrx_word' id='word_1_207' title='bbox 1023 3340 1421 3438; x_wconf 88' lang='lat' dir='ltr'>acquisivit.</span> <span class='ocrx_word' id='word_1_208' title='bbox 1470 3344 2008 3414; x_wconf 75' lang='lat' dir='ltr'>concurrerunt</span> <span class='ocrx_word' id='word_1_209' title='bbox 2048 3340 2216 3414; x_wconf 93' lang='lat' dir='ltr'>inde</span> <span class='ocrx_word' id='word_1_210' title='bbox 2258 3340 2349 3414; x_wconf 88' lang='lat' dir='ltr'>ad</span> <span class='ocrx_word' id='word_1_211' title='bbox 2390 3342 2688 3416; x_wconf 91' lang='lat' dir='ltr'>domum</span> <span class='ocrx_word' id='word_1_212' title='bbox 2727 3343 2897 3418; x_wconf 89' lang='lat' dir='ltr'>dicti</span> 
     </span>
     <span class='ocr_line' id='line_1_24' title="bbox 254 3465 2900 3564; baseline 0.001 -26"><span class='ocrx_word' id='word_1_213' title='bbox 254 3469 589 3560; x_wconf 89' lang='lat' dir='ltr'>Soderini‚</span> <span class='ocrx_word' id='word_1_214' title='bbox 635 3468 756 3542; x_wconf 90' lang='lat' dir='ltr'>ubi</span> <span class='ocrx_word' id='word_1_215' title='bbox 798 3468 1131 3544; x_wconf 87' lang='lat' dir='ltr'>similiter</span> <span class='ocrx_word' id='word_1_216' title='bbox 1178 3467 1417 3540; x_wconf 80' lang='lat' dir='ltr'>facere</span> <span class='ocrx_word' id='word_1_217' title='bbox 1466 3473 1900 3554; x_wconf 81' lang='lat' dir='ltr'>statuerant;</span> <span class='ocrx_word' id='word_1_218' title='bbox 1955 3465 2083 3537; x_wconf 92' lang='lat' dir='ltr'>sed</span> <span class='ocrx_word' id='word_1_219' title='bbox 2129 3465 2544 3540; x_wconf 91' lang='lat' dir='ltr'>Dominium</span> <span class='ocrx_word' id='word_1_220' title='bbox 2593 3467 2900 3564; x_wconf 87' lang='lat' dir='ltr'>providit</span> 
     </span>
     <span class='ocr_line' id='line_1_25' title="bbox 256 3590 2898 3691; baseline 0 -27"><span class='ocrx_word' id='word_1_221' title='bbox 256 3601 635 3688; x_wconf 88' lang='lat' dir='ltr'>opportune</span> <span class='ocrx_word' id='word_1_222' title='bbox 678 3600 753 3669; x_wconf 87' lang='lat' dir='ltr'>et</span> <span class='ocrx_word' id='word_1_223' title='bbox 787 3615 919 3691; x_wconf 89' lang='lat' dir='ltr'>per</span> <span class='ocrx_word' id='word_1_224' title='bbox 971 3599 1224 3688; x_wconf 81' lang='lat' dir='ltr'>gentes</span> <span class='ocrx_word' id='word_1_225' title='bbox 1275 3615 1441 3666; x_wconf 88' lang='lat' dir='ltr'>suas</span> <span class='ocrx_word' id='word_1_226' title='bbox 1492 3591 1846 3663; x_wconf 87' lang='lat' dir='ltr'>succurrit</span> <span class='ocrx_word' id='word_1_227' title='bbox 1891 3590 2084 3664; x_wconf 89' lang='lat' dir='ltr'>dicto</span> <span class='ocrx_word' id='word_1_228' title='bbox 2135 3590 2489 3679; x_wconf 84' lang='lat' dir='ltr'>Soderino</span> <span class='ocrx_word' id='word_1_229' title='bbox 2535 3599 2608 3666; x_wconf 90' lang='lat' dir='ltr'>et</span> <span class='ocrx_word' id='word_1_230' title='bbox 2655 3592 2898 3666; x_wconf 90' lang='lat' dir='ltr'>domui</span> 
     </span>
     <span class='ocr_line' id='line_1_26' title="bbox 258 3715 2899 3816; baseline 0.003 -30"><span class='ocrx_word' id='word_1_231' title='bbox 258 3739 393 3809; x_wconf 91' lang='lat' dir='ltr'>sue,</span> <span class='ocrx_word' id='word_1_232' title='bbox 426 3718 691 3816; x_wconf 91' lang='lat' dir='ltr'>populo</span> <span class='ocrx_word' id='word_1_233' title='bbox 722 3724 965 3796; x_wconf 85' lang='lat' dir='ltr'>autem</span> <span class='ocrx_word' id='word_1_234' title='bbox 1008 3718 1183 3792; x_wconf 76' lang='lat' dir='ltr'>fecit</span> <span class='ocrx_word' id='word_1_235' title='bbox 1214 3717 1345 3792; x_wconf 91' lang='lat' dir='ltr'>sub</span> <span class='ocrx_word' id='word_1_236' title='bbox 1377 3716 1585 3792; x_wconf 91' lang='lat' dir='ltr'>bonis</span> <span class='ocrx_word' id='word_1_237' title='bbox 1617 3715 1850 3790; x_wconf 85' lang='lat' dir='ltr'>modis</span> <span class='ocrx_word' id='word_1_238' title='bbox 1883 3723 1955 3788; x_wconf 89' lang='lat' dir='ltr'>et</span> <span class='ocrx_word' id='word_1_239' title='bbox 1984 3717 2192 3811; x_wconf 90' lang='lat' dir='ltr'>penis</span> <span class='ocrx_word' id='word_1_240' title='bbox 2224 3717 2534 3791; x_wconf 89' lang='lat' dir='ltr'>inhiberi</span> <span class='ocrx_word' id='word_1_241' title='bbox 2577 3723 2654 3791; x_wconf 91' lang='lat' dir='ltr'>ut</span> <span class='ocrx_word' id='word_1_242' title='bbox 2694 3741 2899 3794; x_wconf 90' lang='lat' dir='ltr'>rece-</span> 
     </span>
     <span class='ocr_line' id='line_1_27' title="bbox 262 3841 1167 3941; baseline 0.003 -28"><span class='ocrx_word' id='word_1_243' title='bbox 262 3841 467 3934; x_wconf 87' lang='lat' dir='ltr'>deret,</span> <span class='ocrx_word' id='word_1_244' title='bbox 502 3843 697 3941; x_wconf 92' lang='lat' dir='ltr'>quod</span> <span class='ocrx_word' id='word_1_245' title='bbox 728 3849 801 3917; x_wconf 83' lang='lat' dir='ltr'>et</span> <span class='ocrx_word' id='word_1_246' title='bbox 830 3841 1004 3915; x_wconf 89' lang='lat' dir='ltr'>fecit</span> <span class='ocrx_word' id='word_1_247' title='bbox 1040 3843 1167 3938; x_wconf 81' lang='lat'><strong>(2).</strong></span> 
     </span>
    </p>

    <p class='ocr_par' dir='ltr' id='par_1_4' title="bbox 257 3966 2996 4939">
     <span class='ocr_line' id='line_1_28' title="bbox 342 3966 2896 4066; baseline 0.001 -28"><span class='ocrx_word' id='word_1_248' title='bbox 342 3969 477 4042; x_wconf 89' lang='lat' dir='ltr'>Hec</span> <span class='ocrx_word' id='word_1_249' title='bbox 531 3967 821 4044; x_wconf 84' lang='lat' dir='ltr'>fuerunt</span> <span class='ocrx_word' id='word_1_250' title='bbox 878 3967 1205 4065; x_wconf 85' lang='lat' dir='ltr'>pontifici</span> <span class='ocrx_word' id='word_1_251' title='bbox 1264 3991 1393 4066; x_wconf 92' lang='lat' dir='ltr'>per</span> <span class='ocrx_word' id='word_1_252' title='bbox 1449 3972 1813 4042; x_wconf 87' lang='lat' dir='ltr'>oratorem</span> <span class='ocrx_word' id='word_1_253' title='bbox 1879 3967 2462 4042; x_wconf 88' lang='lat' dir='ltr'>Florentinorum</span> <span class='ocrx_word' id='word_1_254' title='bbox 2529 3966 2644 4041; x_wconf 91' lang='lat' dir='ltr'>die</span> <span class='ocrx_word' id='word_1_255' title='bbox 2709 3967 2896 4065; x_wconf 87' lang='lat' dir='ltr'>jovis</span> 
     </span>
     <span class='ocr_line' id='line_1_29' title="bbox 262 4091 2898 4191; baseline 0.002 -31"><span class='ocrx_word' id='word_1_256' title='bbox 262 4098 507 4184; x_wconf 81' lang='lat' dir='ltr'>sanctO,</span> <span class='ocrx_word' id='word_1_257' title='bbox 550 4095 628 4168; x_wconf 89' lang='lat' dir='ltr'>in</span> <span class='ocrx_word' id='word_1_258' title='bbox 668 4116 909 4185; x_wconf 87' lang='lat' dir='ltr'>mane,</span> <span class='ocrx_word' id='word_1_259' title='bbox 964 4093 1394 4191; x_wconf 84' lang='lat' dir='ltr'>significata,</span> <span class='ocrx_word' id='word_1_260' title='bbox 1428 4099 1501 4168; x_wconf 88' lang='lat' dir='ltr'>et</span> <span class='ocrx_word' id='word_1_261' title='bbox 1544 4093 1610 4166; x_wconf 87' lang='lat' dir='ltr'>ei</span> <span class='ocrx_word' id='word_1_262' title='bbox 1650 4092 2130 4190; x_wconf 86' lang='lat' dir='ltr'>supplicatum</span> <span class='ocrx_word' id='word_1_263' title='bbox 2171 4097 2251 4164; x_wconf 92' lang='lat' dir='ltr'>ut</span> <span class='ocrx_word' id='word_1_264' title='bbox 2290 4091 2707 4188; x_wconf 85' lang='lat' dir='ltr'>dignaretur</span> <span class='ocrx_word' id='word_1_265' title='bbox 2734 4091 2898 4165; x_wconf 89' lang='lat' dir='ltr'>bul-</span> 
     </span>
     <span class='ocr_line' id='line_1_30' title="bbox 262 4213 2896 4318; baseline 0.002 -32"><span class='ocrx_word' id='word_1_266' title='bbox 262 4213 383 4288; x_wconf 86' lang='lat' dir='ltr'>lam</span> <span class='ocrx_word' id='word_1_267' title='bbox 418 4219 885 4298; x_wconf 87' lang='lat' dir='ltr'>absolutionis</span> <span class='ocrx_word' id='word_1_268' title='bbox 930 4243 1059 4318; x_wconf 90' lang='lat' dir='ltr'>pro</span> <span class='ocrx_word' id='word_1_269' title='bbox 1102 4219 1371 4317; x_wconf 91' lang='lat' dir='ltr'>populo</span> <span class='ocrx_word' id='word_1_270' title='bbox 1415 4219 1834 4294; x_wconf 89' lang='lat' dir='ltr'>Florentino</span> <span class='ocrx_word' id='word_1_271' title='bbox 1875 4219 2196 4316; x_wconf 86' lang='lat' dir='ltr'>expediri</span> <span class='ocrx_word' id='word_1_272' title='bbox 2240 4217 2584 4292; x_wconf 87' lang='lat' dir='ltr'>mandare</span> <span class='ocrx_word' id='word_1_273' title='bbox 2629 4240 2762 4314; x_wconf 90' lang='lat' dir='ltr'>pro</span> <span class='ocrx_word' id='word_1_274' title='bbox 2807 4241 2896 4291; x_wconf 93' lang='lat' dir='ltr'>eo</span> 
     </span>
     <span class='ocr_line' id='line_1_31' title="bbox 257 4338 2894 4450; baseline -0.002 -32"><span class='ocrx_word' id='word_1_275' title='bbox 257 4338 389 4433; x_wconf 80' lang='lat' dir='ltr'>jam</span> <span class='ocrx_word' id='word_1_276' title='bbox 418 4347 1072 4444; x_wconf 82' lang='lat' dir='ltr'>excommunicato,</span> <span class='ocrx_word' id='word_1_277' title='bbox 1109 4343 1302 4442; x_wconf 84' lang='lat' dir='ltr'>quod</span> <span class='ocrx_word' id='word_1_278' title='bbox 1332 4368 1587 4450; x_wconf 80' lang='lat' dir='ltr'>manus</span> <span class='ocrx_word' id='word_1_279' title='bbox 1623 4345 2022 4419; x_wconf 88' lang='lat' dir='ltr'>violentas</span> <span class='ocrx_word' id='word_1_280' title='bbox 2006 4370 2076 4418; x_wconf 79' lang='lat' dir='ltr'>in</span> <span class='ocrx_word' id='word_1_281' title='bbox 2108 4349 2542 4418; x_wconf 87' lang='lat' dir='ltr'>conventum</span> <span class='ocrx_word' id='word_1_282' title='bbox 2575 4366 2634 4415; x_wconf 78' lang='lat' dir='ltr'>s,</span> <span class='ocrx_word' id='word_1_283' title='bbox 2671 4341 2894 4416; x_wconf 90' lang='lat' dir='ltr'>Marci</span> 
     </span>
     <span class='ocr_line' id='line_1_32' title="bbox 264 4443 2996 4569; baseline 0.002 -35"><span class='ocrx_word' id='word_1_284' title='bbox 264 4466 417 4539; x_wconf 89' lang='lat' dir='ltr'>etin</span> <span class='ocrx_word' id='word_1_285' title='bbox 448 4467 754 4545; x_wconf 78' lang='lat' dir='ltr'>fratres</span> <span class='ocrx_word' id='word_1_286' title='bbox 736 4494 935 4569; x_wconf 84' lang='lat' dir='ltr'>ipsos</span> <span class='ocrx_word' id='word_1_287' title='bbox 976 4495 1059 4545; x_wconf 87' lang='lat' dir='ltr'>ac</span> <span class='ocrx_word' id='word_1_288' title='bbox 1098 4470 1278 4544; x_wconf 87' lang='lat' dir='ltr'>alios</span> <span class='ocrx_word' id='word_1_289' title='bbox 1319 4443 1709 4568; x_wconf 82' lang='lat' dir='ltr'>injecisset,</span> <span class='ocrx_word' id='word_1_290' title='bbox 1745 4470 2096 4566; x_wconf 89' lang='lat' dir='ltr'>quosdam</span> <span class='ocrx_word' id='word_1_291' title='bbox 2136 4467 2640 4558; x_wconf 84' lang='lat' dir='ltr'>interfecisset,</span> <span class='ocrx_word' id='word_1_292' title='bbox 2677 4467 2898 4540; x_wconf 89' lang='lat' dir='ltr'>etiam</span> <span class='ocrx_word' id='word_1_293' title='bbox 2991 4563 2996 4568; x_wconf 11' lang='grc' dir='ltr'>ἰ</span> 
     </span>
     <span class='ocr_line' id='line_1_33' title="bbox 264 4589 2897 4692; baseline 0.001 -31"><span class='ocrx_word' id='word_1_294' title='bbox 264 4592 693 4692; x_wconf 72' lang='lat' dir='ltr'>presbyieros</span> <span class='ocrx_word' id='word_1_295' title='bbox 730 4603 804 4671; x_wconf 88' lang='lat' dir='ltr'>et</span> <span class='ocrx_word' id='word_1_296' title='bbox 836 4596 1014 4671; x_wconf 88' lang='lat' dir='ltr'>alios</span> <span class='ocrx_word' id='word_1_297' title='bbox 1057 4596 1367 4692; x_wconf 87' lang='lat' dir='ltr'>graviter</span> <span class='ocrx_word' id='word_1_298' title='bbox 1394 4595 1679 4670; x_wconf 87' lang='lat' dir='ltr'>lesisset</span> <span class='ocrx_word' id='word_1_299' title='bbox 1723 4620 1739 4667; x_wconf 92' lang='lat'>:</span> <span class='ocrx_word' id='word_1_300' title='bbox 1777 4598 1905 4668; x_wconf 90' lang='lat' dir='ltr'>SS.</span> <span class='ocrx_word' id='word_1_301' title='bbox 1959 4599 2046 4668; x_wconf 92' lang='lat' dir='ltr'>D.</span> <span class='ocrx_word' id='word_1_302' title='bbox 2093 4601 2342 4668; x_wconf 88' lang='lat' dir='ltr'>noster</span> <span class='ocrx_word' id='word_1_303' title='bbox 2380 4591 2622 4666; x_wconf 91' lang='lat' dir='ltr'>statim</span> <span class='ocrx_word' id='word_1_304' title='bbox 2663 4589 2897 4664; x_wconf 86' lang='lat' dir='ltr'>vocari</span> 
     </span>
     <span class='ocr_line' id='line_1_34' title="bbox 269 4712 2898 4816; baseline 0 -30"><span class='ocrx_word' id='word_1_305' title='bbox 269 4717 597 4793; x_wconf 87' lang='lat' dir='ltr'>mandavit</span> <span class='ocrx_word' id='word_1_306' title='bbox 636 4720 1112 4797; x_wconf 83' lang='lat' dir='ltr'>secretarium</span> <span class='ocrx_word' id='word_1_307' title='bbox 1156 4741 1365 4793; x_wconf 90' lang='lat' dir='ltr'>suum</span> <span class='ocrx_word' id='word_1_308' title='bbox 1406 4725 1477 4791; x_wconf 89' lang='lat' dir='ltr'>et</span> <span class='ocrx_word' id='word_1_309' title='bbox 1512 4719 1577 4793; x_wconf 92' lang='lat' dir='ltr'>ei</span> <span class='ocrx_word' id='word_1_310' title='bbox 1612 4717 2032 4816; x_wconf 83' lang='lat' dir='ltr'>hujusmodi</span> <span class='ocrx_word' id='word_1_311' title='bbox 2070 4716 2342 4802; x_wconf 85' lang='lat' dir='ltr'>bullam</span> <span class='ocrx_word' id='word_1_312' title='bbox 2378 4714 2701 4812; x_wconf 85' lang='lat' dir='ltr'>expediri</span> <span class='ocrx_word' id='word_1_313' title='bbox 2743 4712 2898 4787; x_wconf 89' lang='lat' dir='ltr'>sine</span> 
     </span>
     <span class='ocr_line' id='line_1_35' title="bbox 270 4838 2898 4939; baseline -0.001 -28"><span class='ocrx_word' id='word_1_314' title='bbox 270 4860 447 4915; x_wconf 88' lang='lat' dir='ltr'>mora</span> <span class='ocrx_word' id='word_1_315' title='bbox 484 4845 967 4927; x_wconf 84' lang='lat' dir='ltr'>mandandam</span> <span class='ocrx_word' id='word_1_316' title='bbox 1016 4843 1405 4931; x_wconf 86' lang='lat' dir='ltr'>commisit,</span> <span class='ocrx_word' id='word_1_317' title='bbox 1455 4866 1594 4939; x_wconf 89' lang='lat' dir='ltr'>que</span> <span class='ocrx_word' id='word_1_318' title='bbox 1646 4843 1903 4918; x_wconf 87' lang='lat' dir='ltr'>eadem</span> <span class='ocrx_word' id='word_1_319' title='bbox 1949 4841 2092 4929; x_wconf 90' lang='lat' dir='ltr'>die,</span> <span class='ocrx_word' id='word_1_320' title='bbox 2146 4863 2287 4935; x_wconf 88' lang='lat' dir='ltr'>que</span> <span class='ocrx_word' id='word_1_321' title='bbox 2343 4838 2478 4912; x_wconf 83' lang='lat' dir='ltr'>fuit</span> <span class='ocrx_word' id='word_1_322' title='bbox 2539 4844 2624 4912; x_wconf 80' lang='lat'>12</span> <span class='ocrx_word' id='word_1_323' title='bbox 2678 4838 2898 4935; x_wconf 89' lang='lat' dir='ltr'>hujus</span> 
     </span>
    </p>
   </div>
   <div class='ocr_carea' id='block_1_3' title="bbox 274 5061 2885 5322">
    <p class='ocr_par' dir='ltr' id='par_1_5' title="bbox 274 5061 2885 5322">
     <span class='ocr_line' id='line_1_36' title="bbox 328 5061 2885 5144; baseline -0.001 -24"><span class='ocrx_word' id='word_1_324' title='bbox 328 5065 371 5119; x_wconf 85' lang='grc'>1.</span> <span class='ocrx_word' id='word_1_325' title='bbox 408 5065 539 5141; x_wconf 78' lang='lat' dir='ltr'>Voy.</span> <span class='ocrx_word' id='word_1_326' title='bbox 574 5069 775 5140; x_wconf 63' lang='lat' dir='ltr'>villari,</span> <span class='ocrx_word' id='word_1_327' title='bbox 808 5077 847 5128; x_wconf 83' lang='lat' dir='ltr'>t.</span> <span class='ocrx_word' id='word_1_328' title='bbox 891 5070 961 5140; x_wconf 90' lang='lat'>11,</span> <span class='ocrx_word' id='word_1_329' title='bbox 994 5071 1151 5144; x_wconf 83' lang='lat' dir='ltr'>ehap.</span> <span class='ocrx_word' id='word_1_330' title='bbox 1185 5086 1297 5141; x_wconf 77' lang='lat' dir='ltr'>viu,</span> <span class='ocrx_word' id='word_1_331' title='bbox 1326 5087 1381 5144; x_wconf 88' lang='lat' dir='ltr'>p.</span> <span class='ocrx_word' id='word_1_332' title='bbox 1414 5068 1550 5139; x_wconf 88' lang='lat'><strong>135;</strong></span> <span class='ocrx_word' id='word_1_333' title='bbox 1585 5069 1815 5138; x_wconf 82' lang='lat' dir='ltr'>Sanuto,</span> <span class='ocrx_word' id='word_1_334' title='bbox 1849 5073 1887 5137; x_wconf 90' lang='lat' dir='ltr'>t,</span> <span class='ocrx_word' id='word_1_335' title='bbox 1927 5070 1964 5123; x_wconf 90' lang='lat'>1.</span> <span class='ocrx_word' id='word_1_336' title='bbox 1998 5067 2097 5124; x_wconf 63' lang='lat' dir='ltr'>cal.</span> <span class='ocrx_word' id='word_1_337' title='bbox 2132 5067 2268 5128; x_wconf 82' lang='lat'><strong>031:</strong></span> <span class='ocrx_word' id='word_1_338' title='bbox 2293 5066 2355 5122; x_wconf 87' lang='grc' dir='ltr'>Ρ.</span> <span class='ocrx_word' id='word_1_339' title='bbox 2387 5065 2654 5133; x_wconf 80' lang='lat' dir='ltr'>Deltinus,</span> <span class='ocrx_word' id='word_1_340' title='bbox 2686 5063 2778 5120; x_wconf 86' lang='lat' dir='ltr'>liv.</span> <span class='ocrx_word' id='word_1_341' title='bbox 2816 5061 2885 5131; x_wconf 89' lang='lat' dir='ltr'>V,</span> 
     </span>
     <span class='ocr_line' id='line_1_37' title="bbox 274 5151 960 5222; baseline 0.023 -20"><span class='ocrx_word' id='word_1_342' title='bbox 274 5151 413 5222; x_wconf 80' lang='lat' dir='ltr'>epist.</span> <span class='ocrx_word' id='word_1_343' title='bbox 444 5155 609 5213; x_wconf 79' lang='lat' dir='ltr'>LVIII</span> <span class='ocrx_word' id='word_1_344' title='bbox 638 5165 691 5215; x_wconf 83' lang='lat' dir='ltr'>et</span> <span class='ocrx_word' id='word_1_345' title='bbox 718 5159 960 5218; x_wconf 86' lang='lat' dir='ltr'>LXXIII.</span> 
     </span>
     <span class='ocr_line' id='line_1_38' title="bbox 332 5243 2058 5322; baseline 0.006 -27"><span class='ocrx_word' id='word_1_346' title='bbox 332 5243 381 5297; x_wconf 81' lang='lat'>2.</span> <span class='ocrx_word' id='word_1_347' title='bbox 420 5244 549 5320; x_wconf 76' lang='lat' dir='ltr'>Voy.</span> <span class='ocrx_word' id='word_1_348' title='bbox 582 5248 787 5321; x_wconf 89' lang='lat' dir='ltr'>Villari,</span> <span class='ocrx_word' id='word_1_349' title='bbox 819 5253 965 5310; x_wconf 63' lang='lat' dir='ltr'>Scor}</span> <span class='ocrx_word' id='word_1_350' title='bbox 996 5253 1059 5307; x_wconf 75' lang='lat' dir='ltr'>di</span> <span class='ocrx_word' id='word_1_351' title='bbox 1086 5253 1375 5322; x_wconf 53' lang='lat' dir='ltr'>Surenam</span> <span class='ocrx_word' id='word_1_352' title='bbox 1404 5255 1445 5306; x_wconf 81' lang='lat' dir='ltr'>t.</span> <span class='ocrx_word' id='word_1_353' title='bbox 1479 5249 1549 5319; x_wconf 89' lang='lat' dir='ltr'>II,</span> <span class='ocrx_word' id='word_1_354' title='bbox 1580 5249 1666 5307; x_wconf 87' lang='lat' dir='ltr'>eh.</span> <span class='ocrx_word' id='word_1_355' title='bbox 1700 5267 1812 5316; x_wconf 82' lang='lat' dir='ltr'>vm,</span> <span class='ocrx_word' id='word_1_356' title='bbox 1848 5266 1903 5321; x_wconf 86' lang='lat' dir='ltr'>p.</span> <span class='ocrx_word' id='word_1_357' title='bbox 1938 5249 2058 5305; x_wconf 79' lang='lat'><strong>135.</strong></span> 
     </span>
    </p>
   </div>
  </div>
 </body>
</html>
