3625 6059
699 540 772 595 28
1611 530 1640 585 J
1646 530 1788 588 OHA
1797 528 1963 586 NNIS
2015 527 2457 601 BURCHARDI,
2878 535 3197 601 [Decembre
3230 539 3389 601 1⁴92]

697 696 934 793 ipsum
963 697 1168 767 extra
1191 689 1588 788 periculum
1619 711 1809 778 esse,
1847 710 1932 762 ac
1962 688 2311 765 rusticum
2342 688 2745 785 predictum
2774 689 3049 765 visione
3082 691 3371 767 diaboli

701 818 845 921 (qui
877 825 1052 893 ante.
1071 840 1166 891 xx
1191 838 1422 891 annos
1457 816 1589 889 sub
1619 814 1861 912 specie
1900 814 2138 912 angeli
2182 815 2248 888 ei
2284 815 2641 913 apparuit,
2687 822 2763 890 et
2792 817 3087 893 nomine
3118 818 3375 895 omni-

699 944 1016 1042 potentis
1062 942 1192 1017 Dei
1233 941 1367 1016 sibi
1407 940 1769 1016 commisit
1817 962 2067 1037 regem
2110 939 2377 1015 debere
2418 940 2775 1027 occidere,
2816 942 3162 1038 quoniam
3206 942 3375 1039 ipse

705 1093 832 1143 rex
857 1076 1052 1145 esset
1081 1069 1384 1158 futurus,
1423 1068 1704 1165 sibique
1748 1067 2151 1143 inhibuisse
2186 1091 2278 1142 ne
2318 1068 2731 1166 hujusmodi
2764 1068 3025 1165 cuique
3056 1068 3379 1145 confite-

707 1203 932 1285 retur,
985 1217 1068 1267 ac
1119 1200 1376 1291 postea
1431 1193 1675 1268 multis
1737 1201 1953 1290 atque
2012 1194 2287 1268 iteratis
2336 1192 2613 1268 vicibus
2662 1192 2797 1267 sibi
2849 1194 3113 1269 iterum
3152 1200 3381 1291 atque

706 1320 970 1393 iterum
1021 1320 1447 1416 apparuisse
1507 1325 1580 1395 et
1631 1318 1725 1392 ad
1779 1318 2135 1415 premissa
2180 1319 2418 1415 ipsum
2469 1318 2933 1417 animaverat)
2986 1318 3059 1393 id
3104 1343 3381 1417 perpe-

701 1451 958 1536 trasse,
1015 1448 1232 1541 atque
1286 1445 1627 1519 eumdem
1673 1444 2054 1533 rusticum,
2121 1444 2483 1518 honorum
2526 1444 3145 1542 persuasionibuS,
3202 1453 3378 1543 post

707 1571 1078 1662 delictum,
1115 1578 1190 1643 et
1217 1571 1708 1666 predictorum
1739 1569 2257 1644 revelationem
2296 1570 2387 1643 ad
2426 1570 2961 1645 confessionem
2997 1568 3381 1645 inductum

709 1698 960 1771 fuisse.
1021 1700 1178 1783 Qua
1237 1694 1452 1785 facta,
1505 1696 1734 1769 visum
1781 1694 2005 1769 fuisse
2052 1718 2387 1791 squamas
2418 1694 2575 1771 sine
2607 1702 2763 1785 rete
2812 1695 2907 1770 ab
2950 1694 3179 1770 oculis
3228 1696 3383 1770 suis

703 1821 1054 1896 cecidisse
1103 1844 1188 1894 ac
1231 1822 1474 1895 statim
1523 1845 1612 1894 ex
1659 1820 1879 1895 corde
1927 1821 2326 1917 penituisse
2380 1842 2605 1917 seque
2656 1819 3081 1919 gravissima
3130 1828 3379 1897 morte

705 1947 1002 2045 dignum
1029 1952 1434 2042 reputasse,
1471 1946 1718 2044 sicque
1749 1947 1987 2044 ipsum
2018 1953 2347 2021 extremo
2392 1946 2745 2045 supplicio
2773 1945 3374 2035 condemnatum,

705 2069 902 2168 quod
941 2072 1188 2145 omnia
1229 2071 1580 2161 membra,
1633 2072 1780 2147 sive
1830 2073 2326 2147 membrorum
2380 2072 2827 2169 singulorum
2878 2071 3378 2148 extremitates

705 2197 1112 2272 successive
1161 2204 1234 2271 et
1282 2198 1718 2295 interpolato
1773 2203 2132 2295 tempore,
2184 2197 2443 2271 eadem
2498 2204 2743 2272 tamen
2792 2196 2941 2287 die,
3000 2195 3383 2271 abscinde-

711 2327 986 2396 rentur.
1041 2327 1256 2396 Jussu
1313 2330 1558 2397 autem
1615 2324 1894 2420 regine,
1953 2346 2045 2399 ne
2104 2346 2324 2398 causa
2384 2322 2519 2397 sibi
2569 2322 2863 2397 daretur
2908 2320 3373 2419 desperandi,

707 2447 918 2523 datus
949 2452 1058 2521 est
1088 2447 1221 2522 sibi
1258 2450 1332 2521 in
1371 2448 1624 2545 primis
1661 2449 1899 2547 gravis
1940 2447 2124 2523 ictus
2177 2448 2251 2520 in
2300 2448 2535 2546 capite
2573 2453 2651 2520 ut
2694 2447 2905 2521 citius
2934 2453 3372 2537 moreretur,

709 2582 783 2648 et
835 2573 1300 2648 sensualitate
1348 2574 1452 2647 sic
1494 2574 1672 2665 lesa,
1722 2574 1963 2647 minus
1996 2579 2369 2672 pateretur
2402 2574 2475 2645 in
2520 2572 2962 2647 abscissione
3000 2572 3378 2649 membro-

711 2724 899 2777 rum.
939 2699 1240 2789 Quibus,
1277 2720 1408 2797 per
1431 2698 1678 2773 literas
1709 2700 1946 2796 regias
1979 2722 2189 2773 xxvu
2218 2698 2437 2797 hujus
2490 2698 2791 2788 mensis,
2836 2700 2961 2773 SS.
2999 2702 3085 2773 D.
3122 2702 3206 2773 N.
3243 2722 3381 2795 per

715 2826 1098 2922 episcopos
1134 2824 1608 2899 Pacentinum
1639 2831 1713 2898 et
1739 2825 2277 2899 Astoricensem
2309 2830 2635 2898 oratores
2663 2832 3117 2922 presentatas
3148 2826 3377 2900 Sanc·-

711 2950 899 3024 titati
957 2972 1116 3040 sue,
1177 2949 1636 3045 significatiS,
1705 2950 1952 3024 statuit
2011 2951 2369 3026 Sanctitas
2418 2973 2551 3023 sua
2596 2950 2896 3025 missam
2950 2952 3025 3024 in
3080 2950 3375 3026 laudem

706 3076 1022 3173 gloriose
1065 3074 1362 3170 virginis
1401 3074 1624 3149 Marie
1663 3098 1796 3173 pro
1829 3074 2000 3149 dicti
2044 3076 2238 3173 regis
2279 3076 2857 3151 convalescentia
2892 3074 3261 3149 decantari
3298 3074 3375 3147 in

709 3200 991 3298 capella
1018 3201 1351 3297 ejusdem
1387 3200 1600 3275 beate
1637 3201 1861 3275 Marie
1900 3202 1989 3274 de
2021 3200 2371 3276 Febribus
2397 3202 2605 3298 juxta
2638 3201 3011 3276 basilicam
3042 3226 3102 3275 s,
3144 3201 3371 3287 Petri,

707 3327 826 3401 die
853 3325 1132 3399 sabbati
1166 3332 1256 3399 29
1296 3326 1468 3399 dicti
1509 3326 1782 3400 mensis
1821 3325 2259 3415 decembris,
2294 3333 2367 3401 et
2406 3350 2495 3401 ea
2532 3326 2735 3401 finita
2774 3326 3047 3400 vultum
3084 3326 3375 3400 Domini

711 3458 786 3524 et
813 3449 1145 3525 lanceam
1183 3449 1450 3547 populo
1491 3450 1802 3540 ostendi,
1846 3474 1931 3525 ac
1972 3451 2209 3548 ipsum
2246 3450 2437 3524 diem
2470 3449 2561 3525 ab
2602 3452 2933 3526 omnibus
2974 3450 3373 3525 artificibus

711 3596 796 3647 ac
831 3574 989 3648 aliis
1029 3580 1398 3670 tamquam
1443 3575 1768 3650 solemne
1809 3575 2075 3650 festum
2116 3575 2494 3665 celebrari,
2542 3576 2737 3673 quod
2776 3586 2851 3651 et
2892 3576 3179 3673 publice
3208 3598 3373 3672 pro-

711 3698 1008 3774 clamari
1039 3705 1112 3774 et
1141 3723 1276 3798 per
1303 3701 1632 3776 scedulas
1683 3702 1756 3774 in
1787 3700 2087 3777 diversis
2118 3702 2411 3779 aciebus
2460 3702 2671 3779 Urbis
2724 3702 2975 3777 affixas
3004 3700 3367 3799 propalari

711 3824 910 3899 fecit.

808 3950 941 4025 Die
993 3951 1208 4047 igitur
1245 3950 1551 4043 sabbati,
1599 3959 1852 4050 parata
1889 3953 2166 4051 capella
2210 3954 2535 4052 predicta
2562 3954 2656 4028 de
2685 3952 3063 4043 Febribus:
3112 3949 3371 4049 pannis

712 4074 951 4149 aureis
983 4074 1256 4149 circum
1285 4077 1481 4150 circa
1510 4100 1593 4151 ac
1624 4077 1872 4167 altare,
1908 4086 1983 4151 et
2007 4078 2195 4154 intra
2220 4078 2557 4153 ferratam
2588 4080 2735 4152 sive
2766 4076 3197 4167 cancellum,
3232 4098 3373 4149 nec

717 4221 858 4272 non
889 4200 1125 4297 prima
1153 4201 1430 4299 capella
1455 4203 1544 4275 ad
1576 4203 1943 4276 sinistram
1974 4203 2305 4277 intrantis
2336 4202 2604 4277 dictam
2633 4204 2988 4301 maJorem
3018 4200 3369 4301 capellam

712 4345 841 4421 pro
872 4325 1286 4400 cantoribus
1316 4326 1749 4425 perpulchre
1781 4328 2135 4403 similibus
2173 4329 2429 4427 pannis
2468 4338 2825 4427 paratam,
2858 4351 2943 4402 ac
2975 4329 3149 4402 sede
3181 4331 3373 4424 Pape

716 4450 788 4522 in
820 4449 1152 4548 opposito
1183 4450 1426 4525 altaris
1463 4452 1718 4548 prefati
1757 4452 1967 4531 beate
2006 4453 2231 4527 Mar-ie
2271 4477 2355 4528 ac
2389 4454 2681 4530 sedibus
2720 4476 2851 4552 pro
2892 4452 3375 4529 cardinalibus

713 4695 818 4733 nus
847 4678 1047 4750 intulit,
1075 4696 1179 4737 nec
1205 4681 1346 4737 bene
1375 4681 1557 4739 fidunt
1585 4681 1782 4738 medici
1811 4698 2151 4739 evasurusne
2180 4682 2253 4739 sit
2280 4682 2423 4755 Rex,
2453 4702 2555 4741 nec
2585 4702 2673 4742 ne.
2706 4684 3009 4741 Percussor
3026 4684 3205 4741 tribus
3224 4682 3369 4739 illico

717 4766 1030 4825 vulneribus
1057 4770 1370 4842 confossus,
1401 4770 1626 4845 imperio
1653 4770 1849 4844 Regis,
1881 4777 1943 4828 ut
1954 4788 2064 4845 quo
2080 4772 2305 4829 consilio
2334 4772 2387 4829 id
2410 4774 2602 4847 egerit,
2632 4773 2863 4847 intelligi
2878 4772 3075 4847 possit,
3096 4779 3363 4829 servatur.

714 4854 836 4913 Fuit
863 4855 952 4911 hic
981 4856 1252 4915 infaustus
1279 4858 1396 4916 dies
1425 4860 1750 4929 decembriS,
1783 4860 1993 4917 circiter
2018 4862 2313 4932 meridiem,
2346 4862 2449 4919 sub
2478 4862 2593 4919 sole
2620 4862 2898 4921 nubilo....

1736 4999 1768 5031 «
1799 4978 2177 5051 Barchinonae‚
2208 4978 2283 5037 VI
2312 4978 2443 5037 Idus
2473 4980 2789 5038 novembris
2822 4982 2981 5041 1492.
3016 5005 3045 5035 n

783 5116 979 5191 (Epist.
1013 5116 1234 5191 CXXV,
1262 5116 1360 5179 lib.
1391 5118 1460 5189 V,
1490 5138 1546 5194 p.
1577 5121 1671 5192 69,
1701 5123 1831 5182 edit.
1866 5124 1963 5183 elz.
2000 5126 2181 5195 1670).

779 5204 922 5282 Voy.
953 5206 1035 5265 les
1053 5209 1200 5269 deux
1219 5209 1408 5270 lettres
1423 5211 1728 5284 suivantes,
1749 5213 2249 5275 CXXVI-CXXVII
2274 5232 2373 5275 sur
2390 5215 2439 5273 le
2466 5220 2643 5275 meme
2660 5216 2805 5292 sujet
2824 5223 2881 5275 et
2896 5216 2951 5275 la
2968 5216 3124 5275 lettre
3146 5216 3365 5275 CXXX.
