3625 6059
254 560 421 621 [Aout
456 562 603 623 1496]
938 562 1191 621 RERUM
1242 562 1697 625 URBANARUM
1739 568 2265 630 COMMENTARII.
2831 580 2940 635 293

260 716 675 790 orationem
728 726 1193 807 consuetam;
1239 726 1389 793 tum
1430 719 1627 795 dicta
1678 724 2004 801 oratione
2056 734 2128 802 et
2174 730 2528 806 versiculo
2583 732 2672 807 de
2725 734 2942 807 beata

259 838 491 913 Maria
526 837 830 936 virgine,
868 842 1175 917 ecclesie
1219 850 1551 939 patrona,
1588 850 1896 925 surrexit
1933 852 2215 949 legatus
2257 862 2330 930 et
2375 857 2698 931 osculato
2731 857 2936 932 altari

260 964 329 1035 in
374 964 629 1037 medio
668 966 862 1039 venit
906 966 996 1040 ad
1057 991 1279 1042 cornu
1323 971 1629 1066 epistole
1684 978 1755 1046 et
1810 974 1907 1047 ibi
1968 976 2147 1049 dixit
2199 979 2604 1055 orationem
2665 1004 2680 1053 :
2747 982 2938 1055 Con-

262 1088 449 1179 cede,
494 1111 651 1177 nos,
684 1090 999 1188 famulos
1036 1104 1221 1184 tum,
1257 1106 1387 1167 etc.
1424 1099 1604 1170 Tum
1636 1099 2058 1175 solemniter
2089 1102 2484 1196 benedixit,
2525 1107 2760 1204 capite
2793 1105 2939 1180 dis-

262 1220 571 1310 coperto
627 1238 643 1286 :
694 1238 991 1290 crucem
1036 1217 1421 1316 legationis
1476 1231 1642 1297 ante
1702 1248 1779 1299 se
1844 1224 2187 1315 habebat,
2235 1228 2404 1303 licet
2461 1230 2686 1304 altare
2745 1238 2940 1307 esset

262 1338 591 1413 medium
623 1340 709 1414 ad
743 1340 941 1437 quod
966 1342 1183 1417 etiam
1222 1369 1473 1420 versus
1519 1348 1751 1421 stabat
1790 1350 1892 1423 ita
1931 1351 2127 1446 quod
2155 1352 2246 1425 ad
2285 1362 2568 1450 portam
2609 1355 2936 1431 introitus

260 1463 683 1561 principalis
728 1465 819 1538 ad
868 1467 1255 1542 ecclesiam
1299 1473 1771 1569 perspiceret,
1809 1474 2110 1549 dicens:
2155 1475 2270 1550 Sit
2315 1478 2596 1552 Nomen
2639 1480 2938 1553 Domini

260 1588 731 1680 benedictum,
767 1603 925 1683 etc„
974 1601 1046 1667 et
1088 1596 1449 1669 concessit
1490 1598 1974 1694 indulgentias
2022 1600 2232 1675 unius
2283 1603 2450 1675 anni
2498 1604 2938 1679 interessen-

259 1714 479 1800 tibus,
526 1739 703 1811 quas
744 1739 883 1813 ego
930 1720 1443 1814 pronunciavi3
1484 1728 1557 1795 et
1594 1722 1892 1797 dimissa
1933 1724 2030 1797 ibi
2077 1726 2570 1821 processione,
2618 1726 2811 1800 venit
2845 1728 2935 1801 ad

258 1839 609 1935 palatium
634 1840 1219 1940 principaliorem
1257 1846 1446 1919 illius
1476 1847 1783 1921 civitatis
1805 1836 1887 1921 ‘in
1919 1872 2059 1943 quo
2091 1849 2498 1946 hospitatus
2529 1858 2666 1936 est,
2697 1857 2770 1925 et
2799 1875 2933 1924 nos

260 1964 383 2053 sic,
430 1965 676 2039 eundo
716 1990 849 2062 per
888 1966 1227 2065 hospitia.
1266 1972 1552 2045 Priores
1584 1981 1655 2045 et
1700 1973 1890 2047 cives
1935 1976 2516 2049 Interamnenses
2547 1998 2694 2049 non
2722 1998 2938 2050 vene-

258 2096 417 2167 runt
472 2090 613 2163 sibi
659 2090 969 2181 obviam,
1018 2093 1108 2167 de
1154 2120 1327 2192 quo,
1364 2097 1498 2195 ipsi
1542 2097 1617 2170 in
1660 2097 1962 2194 prandio
2013 2098 2348 2173 existenti
2395 2122 2525 2197 per
2571 2100 2935 2175 cancella-

260 2214 441 2287 rium
473 2237 687 2287 suum
718 2226 1154 2293 excusarunt
1182 2228 1479 2318 propter
1506 2221 1956 2297 celeritatem
1976 2224 2364 2315 adventus3
2405 2235 2479 2300 et
2501 2227 2636 2301 sibi
2665 2227 2927 2324 pullos,

264 2341 591 2417 melones
622 2343 991 2419 confectos
1023 2354 1097 2419 et
1126 2344 1268 2419 alia
1292 2345 1675 2421 donarunt.

360 2467 573 2543 Feria
620 2470 856 2563 tertia,
908 2477 951 2545 2
1005 2472 1317 2568 augusti,
1352 2472 1634 2569 legatus
1682 2481 1851 2549 ante
1899 2473 2094 2549 diem
2152 2477 2290 2548 iter
2341 2476 2644 2572 arripuit
2681 2497 2932 2549 versus

268 2594 641 2691 Spoletum
690 2594 883 2691 quod
924 2601 1169 2669 tamen
1210 2618 1355 2669 non
1394 2595 1681 2671 intravit
1725 2605 2024 2695 propter
2059 2604 2339 2696 pestem
2385 2599 2481 2674 ibi
2515 2600 2926 2696 ingentem;

270 2718 395 2793 sed
436 2721 649 2817 juxta
695 2743 943 2794 muros
992 2719 1447 2817 pertransivit
1488 2721 1563 2794 in
1613 2722 1846 2819 burgo
1888 2723 2117 2797 Trevii
2159 2724 2230 2796 in
2287 2747 2426 2798 uno
2472 2748 2561 2799 ex
2597 2724 2929 2821 hospitiis

269 2845 527 2920 ibidem
560 2846 999 2937 constitutiS,
1042 2854 1194 2921 tota
1222 2846 1424 2942 quasi
1455 2846 1729 2919 familia
1757 2847 2164 2944 Fulginium
2197 2828 2593 2945 equitante.

360 2974 565 3046 Feria
603 2977 883 3069 quarta,
930 2976 971 3045 3
1018 2970 1327 3067 augusti,
1372 2970 1646 3045 familia
1686 2972 1881 3046 venit
1925 2972 2209 3047 obviam
2253 2974 2492 3069 legato
2533 2998 2664 3072 per
2701 2999 2926 3051 unum

272 3094 567 3169 milliare
611 3094 720 3169 vel
770 3096 957 3171 ultra
1002 3096 1408 3194 Fulginium
1447 3105 1521 3172 et
1563 3098 1844 3194 priores
1887 3106 1958 3173 et
2002 3099 2384 3195 episcopus
2425 3123 2592 3173 cum
2631 3125 2927 3198 proces—

272 3221 465 3295 sione
491 3244 720 3316 usque
748 3222 836 3295 ad
863 3229 1191 3318 ,portam;
1230 3229 1301 3297 et
1344 3223 1535 3297 venit
1564 3222 1950 3329 episcopus
1992 3232 2286 3322 paratus
2331 3250 2557 3322 usque
2587 3227 2758 3302 illuc
2794 3228 2927 3302 sub

270 3346 689 3421 baldachino
750 3356 823 3421 et
876 3348 1187 3423 ecclesia
1244 3374 1375 3424 sua
1428 3350 1703 3449 maiore
1756 3350 1929 3425 licet
1973 3350 2334 3441 indebite;
2381 3351 2693 3427 debebat
2732 3352 2924 3427 enim

272 3471 766 3547 baldachinum
807 3475 1257 3570 processioni
1290 3474 1707 3572 premisisse
1738 3476 1828 3549 ad
1863 3483 2171 3572 portam,
2209 3483 2281 3551 et
2311 3501 2458 3551 non
2501 3478 2635 3551 sub
2675 3500 2763 3551 eo
2805 3500 2927 3551 ve-

272 3596 441 3672 nire.
476 3602 786 3696 Legatus
820 3622 1040 3696 super
1076 3607 1313 3695 tapete
1347 3600 1769 3696 genuflexus
1817 3623 2108 3675 crucem
2155 3602 2520 3676 osculatus
2555 3610 2666 3676 est
2697 3626 2736 3675 e
2768 3626 2923 3677 ma·-

276 3722 465 3797 nibus
496 3724 817 3822 episcopi
842 3725 1063 3799 etiam
1095 3724 1483 3821 genuflexi,
1521 3732 1592 3799 et
1622 3726 1840 3815 male,
1877 3750 2022 3799 non
2054 3726 2254 3800 enim
2285 3725 2595 3801 debebat
2627 3750 2916 3803 crucem

277 3854 425 3923 ante
444 3849 761 3946 legatum
781 3848 1087 3946 deprimi
1112 3849 1219 3923 vel
1239 3849 1625 3923 humiliari.
1649 3850 1995 3924 Ascendit
2019 3851 2287 3924 mulam
2305 3851 2496 3923 intra
2515 3851 2918 3947 proximam

278 3979 533 4066 portam
592 3972 923 4063 civitatiS,
972 3974 1092 4046 ubi
1140 3974 1464 4070 predicta
1514 3981 1676 4047 acta
1722 3980 1922 4061 sunt;
1970 3980 2042 4047 et
2086 3981 2386 4071 accepto
2435 3976 2778 4049 mantello
2829 3975 2916 4050 de

281 4095 720 4175 eiambelotto
750 4100 977 4175 rubeo
1016 4108 1089 4172 et
1122 4098 1399 4196 capello
1436 4099 1863 4172 cardinalari
1895 4099 2028 4171 sub
2068 4097 2529 4189 baldachino,
2567 4100 2760 4196 quod
2790 4102 2926 4175 sci·

282 4214 425 4293 licet
450 4222 733 4318 priores
762 4222 1067 4298 civitatis
1091 4229 1584 4319 portaverunt,
1628 4222 1820 4297 venit
1845 4222 1938 4295 ad
1972 4230 2254 4320 portam
2283 4223 2658 4297 lateralem
2690 4225 2922 4300 eccle-

286 4341 371 4414 sie
400 4345 926 4443 Fulginatensis
958 4347 1029 4419 in
1058 4346 1298 4443 platea
1324 4347 1699 4444 principali
1731 4347 1992 4445 posite,
2030 4347 2150 4421 ubi
2182 4348 2634 4423 descendens
2673 4374 2916 4447 super,

284 4463 495 4543 debite
548 4477 874 4567 paratam
936 4471 1223 4545 intravit
1268 4471 1682 4562 ecclesiam,
1731 4473 1961 4548 oravit
2003 4479 2170 4547 ante
2213 4473 2462 4547 altare.
2521 4474 2920 4571 Episcopus

287 4587 438 4665 dixit
468 4595 855 4669 versiculos
896 4602 969 4671 et
1010 4597 1415 4669 orationem
1456 4604 1531 4670 et
1564 4596 1866 4670 Domini
1899 4610 2162 4688 autem,
2215 4609 2342 4671 etc.
2389 4602 2698 4695 Legatus
2742 4599 2920 4675 dixit

288 4716 656 4792 orationem
710 4719 801 4794 de
860 4726 1109 4795 sancto
1168 4720 1567 4811 Feliciano,
1622 4721 1964 4819 episcopo
2033 4723 2222 4797 dicte
2285 4722 2592 4797 ecclesie
2648 4723 2910 4821 primo.

294 4836 469 4913 Dedit
522 4843 1105 4919 benedictionem
1162 4843 1347 4919 sicut
1400 4852 1596 4919 stans
1657 4849 2106 4936 luteramne‚
2160 4847 2329 4944 quia
2384 4849 2644 4925 eodem
2696 4850 2915 4924 modo
2983 4882 2986 4887 ·

295 4957 481 5039 altare
510 4966 717 5041 situm
756 4977 937 5059 erat,
970 4978 1041 5042 et
1072 4971 1435 5045 concessit
1471 4971 1956 5067 indulgentias
1996 4972 2303 5046 duorum
2345 4947 2704 5047 annorum
2735 4998 2914 5071 quas

296 5094 750 5176 pronunciavit
790 5094 1109 5192 prefatus
1161 5098 1583 5195 episcopus;
1635 5096 1898 5171 deinde
1945 5098 2284 5195 pedester
2327 5099 2521 5173 venit
2577 5099 2668 5172 ad
2715 5099 2915 5195 pala-

300 5206 445 5285 tium
472 5217 961 5311 gubernatoris
1001 5220 1073 5293 in
1116 5245 1259 5317 quo
1287 5223 1691 5320 hospitatus
1736 5230 1876 5306 est,
1911 5230 1982 5297 et
2019 5247 2150 5298 nos
2188 5224 2358 5296 hinc
2401 5230 2469 5295 et
2509 5221 2702 5295 inde.
2744 5226 2912 5296 Post
