<?xml version="1.0" encoding="UTF-8"?>
<!DOCTYPE html PUBLIC "-//W3C//DTD XHTML 1.0 Transitional//EN"
    "http://www.w3.org/TR/xhtml1/DTD/xhtml1-transitional.dtd">
<html xmlns="http://www.w3.org/1999/xhtml" xml:lang="en" lang="en">
 <head>
  <title>
</title>
<meta http-equiv="Content-Type" content="text/html;charset=utf-8" />
  <meta name='ocr-system' content='tesseract 3.04.00' />
  <meta name='ocr-capabilities' content='ocr_page ocr_carea ocr_par ocr_line ocrx_word'/>
</head>
<body>
  <div class='ocr_page' id='page_1' title='image "./johannisburchar00unkngoog_0576.png"; bbox 0 0 3625 6059; ppageno 0'>
   <div class='ocr_carea' id='block_1_1' title="bbox 724 569 3338 650">
    <p class='ocr_par' dir='ltr' id='par_1_1' title="bbox 724 569 3338 650">
     <span class='ocr_line' id='line_1_1' title="bbox 724 569 3338 650; baseline 0.004 -24"><span class='ocrx_word' id='word_1_1' title='bbox 724 573 830 626; x_wconf 70' lang='grc'>564</span> <span class='ocrx_word' id='word_1_2' title='bbox 1648 569 1998 626; x_wconf 74' lang='lat' dir='ltr'><strong>JOHANNIS</strong></span> <span class='ocrx_word' id='word_1_3' title='bbox 2051 571 2467 629; x_wconf 81' lang='lat' dir='ltr'>BURCHARDI</span> <span class='ocrx_word' id='word_1_4' title='bbox 2479 616 2492 641; x_wconf 92' lang='lat'>,</span> <span class='ocrx_word' id='word_1_5' title='bbox 2969 580 3202 640; x_wconf 69' lang='lat' dir='ltr'>[octobr-e</span> <span class='ocrx_word' id='word_1_6' title='bbox 3231 589 3338 650; x_wconf 67' lang='lat'>1499]</span> 
     </span>
    </p>
   </div>
   <div class='ocr_carea' id='block_1_2' title="bbox 708 724 3341 5334">
    <p class='ocr_par' dir='ltr' id='par_1_2' title="bbox 732 724 3337 1323">
     <span class='ocr_line' id='line_1_2' title="bbox 732 724 3332 823; baseline 0.004 -28"><span class='ocrx_word' id='word_1_7' title='bbox 732 724 1304 821; x_wconf 71' lang='lat' dir='ltr'>protonotarium</span> <span class='ocrx_word' id='word_1_8' title='bbox 1352 724 1423 796; x_wconf 90' lang='lat' dir='ltr'>in</span> <span class='ocrx_word' id='word_1_9' title='bbox 1475 731 1713 797; x_wconf 88' lang='lat' dir='ltr'>castro</span> <span class='ocrx_word' id='word_1_10' title='bbox 1766 748 1824 796; x_wconf 93' lang='lat' dir='ltr'>s.</span> <span class='ocrx_word' id='word_1_11' title='bbox 1878 725 2163 822; x_wconf 76' lang='lat' dir='ltr'>Angeli‚</span> <span class='ocrx_word' id='word_1_12' title='bbox 2223 732 2294 799; x_wconf 89' lang='lat' dir='ltr'>et</span> <span class='ocrx_word' id='word_1_13' title='bbox 2349 726 2689 823; x_wconf 87' lang='lat' dir='ltr'>oppidum</span> <span class='ocrx_word' id='word_1_14' title='bbox 2742 733 3162 805; x_wconf 75' lang='lat' dir='ltr'>Set-monete</span> <span class='ocrx_word' id='word_1_15' title='bbox 3208 757 3332 807; x_wconf 86' lang='lat' dir='ltr'>cum</span> 
     </span>
     <span class='ocr_line' id='line_1_3' title="bbox 735 848 3332 954; baseline 0.004 -34"><span class='ocrx_word' id='word_1_16' title='bbox 735 848 1071 921; x_wconf 88' lang='lat' dir='ltr'>omnibus</span> <span class='ocrx_word' id='word_1_17' title='bbox 1115 849 1569 946; x_wconf 86' lang='lat' dir='ltr'>pertinentiis</span> <span class='ocrx_word' id='word_1_18' title='bbox 1615 849 1762 922; x_wconf 92' lang='lat' dir='ltr'>suis</span> <span class='ocrx_word' id='word_1_19' title='bbox 1806 850 2224 925; x_wconf 87' lang='lat' dir='ltr'>immediate</span> <span class='ocrx_word' id='word_1_20' title='bbox 2271 856 2592 927; x_wconf 88' lang='lat' dir='ltr'>Romane</span> <span class='ocrx_word' id='word_1_21' title='bbox 2638 854 2948 929; x_wconf 89' lang='lat' dir='ltr'>ecclesie</span> <span class='ocrx_word' id='word_1_22' title='bbox 2991 857 3332 954; x_wconf 79' lang='lat' dir='ltr'>subjunxit.</span> 
     </span>
     <span class='ocr_line' id='line_1_4' title="bbox 733 975 3337 1088; baseline 0.003 -41"><span class='ocrx_word' id='word_1_23' title='bbox 733 977 1107 1048; x_wconf 79' lang='lat' dir='ltr'><strong>Venerunt</strong></span> <span class='ocrx_word' id='word_1_24' title='bbox 1143 984 1533 1073; x_wconf 88' lang='lat' dir='ltr'>propterea</span> <span class='ocrx_word' id='word_1_25' title='bbox 1572 975 1815 1073; x_wconf 87' lang='lat' dir='ltr'>plures</span> <span class='ocrx_word' id='word_1_26' title='bbox 1853 976 2264 1050; x_wconf 79' lang='lat' dir='ltr'>habitantes</span> <span class='ocrx_word' id='word_1_27' title='bbox 2305 985 2374 1052; x_wconf 90' lang='lat' dir='ltr'>et</span> <span class='ocrx_word' id='word_1_28' title='bbox 2419 978 2654 1088; x_wconf 81' lang='lat' dir='ltr'>incole</span> <span class='ocrx_word' id='word_1_29' title='bbox 2699 979 3032 1076; x_wconf 86' lang='lat' dir='ltr'>ejusdem</span> <span class='ocrx_word' id='word_1_30' title='bbox 3071 987 3239 1055; x_wconf 87' lang='lat' dir='ltr'>terre</span> <span class='ocrx_word' id='word_1_31' title='bbox 3271 985 3337 1056; x_wconf 85' lang='lat' dir='ltr'>ad</span> 
     </span>
     <span class='ocr_line' id='line_1_5' title="bbox 734 1099 3335 1202; baseline 0.004 -32"><span class='ocrx_word' id='word_1_32' title='bbox 734 1099 1028 1190; x_wconf 88' lang='lat' dir='ltr'>Urbem,</span> <span class='ocrx_word' id='word_1_33' title='bbox 1074 1106 1145 1174; x_wconf 82' lang='lat' dir='ltr'>et</span> <span class='ocrx_word' id='word_1_34' title='bbox 1180 1100 1257 1172; x_wconf 90' lang='lat' dir='ltr'>in</span> <span class='ocrx_word' id='word_1_35' title='bbox 1293 1099 1621 1173; x_wconf 89' lang='lat' dir='ltr'>manibus</span> <span class='ocrx_word' id='word_1_36' title='bbox 1654 1102 1779 1173; x_wconf 93' lang='lat' dir='ltr'>SS.</span> <span class='ocrx_word' id='word_1_37' title='bbox 1831 1104 1916 1172; x_wconf 92' lang='lat' dir='ltr'>D.</span> <span class='ocrx_word' id='word_1_38' title='bbox 1961 1103 2045 1173; x_wconf 89' lang='lat' dir='ltr'>N.</span> <span class='ocrx_word' id='word_1_39' title='bbox 2082 1124 2292 1198; x_wconf 89' lang='lat' dir='ltr'>pape,</span> <span class='ocrx_word' id='word_1_40' title='bbox 2341 1103 2412 1173; x_wconf 90' lang='lat' dir='ltr'>in</span> <span class='ocrx_word' id='word_1_41' title='bbox 2457 1105 2826 1200; x_wconf 78' lang='lat' dir='ltr'>presentia</span> <span class='ocrx_word' id='word_1_42' title='bbox 2869 1105 3335 1202; x_wconf 73' lang='lat' dir='ltr'>presidentium</span> 
     </span>
     <span class='ocr_line' id='line_1_6' title="bbox 732 1224 2474 1323; baseline 0.001 -27"><span class='ocrx_word' id='word_1_43' title='bbox 732 1247 1021 1298; x_wconf 85' lang='lat' dir='ltr'>camere</span> <span class='ocrx_word' id='word_1_44' title='bbox 1053 1225 1473 1323; x_wconf 88' lang='lat' dir='ltr'>apostolice,</span> <span class='ocrx_word' id='word_1_45' title='bbox 1510 1224 1932 1299; x_wconf 87' lang='lat' dir='ltr'>fidelitatem</span> <span class='ocrx_word' id='word_1_46' title='bbox 1962 1226 2474 1323; x_wconf 87' lang='lat' dir='ltr'>promiserunt.</span> 
     </span>
    </p>

    <p class='ocr_par' dir='ltr' id='par_1_3' title="bbox 728 1350 3341 2203">
     <span class='ocr_line' id='line_1_7' title="bbox 834 1350 3339 1452; baseline 0.002 -28"><span class='ocrx_word' id='word_1_47' title='bbox 834 1350 1041 1425; x_wconf 89' lang='lat' dir='ltr'>Feria</span> <span class='ocrx_word' id='word_1_48' title='bbox 1081 1350 1354 1446; x_wconf 88' lang='lat' dir='ltr'>quinta,</span> <span class='ocrx_word' id='word_1_49' title='bbox 1399 1356 1439 1424; x_wconf 89' lang='lat'><strong>3</strong></span> <span class='ocrx_word' id='word_1_50' title='bbox 1482 1351 1751 1424; x_wconf 85' lang='lat' dir='ltr'>mensis</span> <span class='ocrx_word' id='word_1_51' title='bbox 1797 1350 2142 1439; x_wconf 81' lang='lat' dir='ltr'>octobris,</span> <span class='ocrx_word' id='word_1_52' title='bbox 2187 1351 2431 1427; x_wconf 88' lang='lat' dir='ltr'>habite</span> <span class='ocrx_word' id='word_1_53' title='bbox 2473 1363 2637 1428; x_wconf 89' lang='lat' dir='ltr'>sunt</span> <span class='ocrx_word' id='word_1_54' title='bbox 2677 1358 2984 1452; x_wconf 81' lang='lat' dir='ltr'>exequie</span> <span class='ocrx_word' id='word_1_55' title='bbox 3017 1356 3192 1430; x_wconf 90' lang='lat' dir='ltr'>bone</span> <span class='ocrx_word' id='word_1_56' title='bbox 3221 1381 3339 1430; x_wconf 85' lang='lat' dir='ltr'>me·</span> 
     </span>
     <span class='ocr_line' id='line_1_8' title="bbox 732 1467 3341 1576; baseline 0.002 -27"><span class='ocrx_word' id='word_1_57' title='bbox 732 1477 963 1551; x_wconf 90' lang='lat' dir='ltr'>morie</span> <span class='ocrx_word' id='word_1_58' title='bbox 1013 1476 1395 1550; x_wconf 89' lang='lat' dir='ltr'>cardinalis</span> <span class='ocrx_word' id='word_1_59' title='bbox 1446 1502 1505 1549; x_wconf 80' lang='lat' dir='ltr'>s,</span> <span class='ocrx_word' id='word_1_60' title='bbox 1562 1476 1884 1573; x_wconf 86' lang='lat' dir='ltr'>Dionysii</span> <span class='ocrx_word' id='word_1_61' title='bbox 1939 1476 2012 1548; x_wconf 91' lang='lat' dir='ltr'>in</span> <span class='ocrx_word' id='word_1_62' title='bbox 2059 1467 2371 1551; x_wconf 80' lang='lat' dir='ltr'>ecclesia</span> <span class='ocrx_word' id='word_1_63' title='bbox 2417 1478 2798 1576; x_wconf 88' lang='lat' dir='ltr'>hospitalis</span> <span class='ocrx_word' id='word_1_64' title='bbox 2846 1481 3200 1555; x_wconf 80' lang='lat' dir='ltr'>Gallorum</span> <span class='ocrx_word' id='word_1_65' title='bbox 3241 1505 3341 1576; x_wconf 80' lang='lat' dir='ltr'>per</span> 
     </span>
     <span class='ocr_line' id='line_1_9' title="bbox 731 1600 3335 1692; baseline 0.001 -18"><span class='ocrx_word' id='word_1_66' title='bbox 731 1600 919 1674; x_wconf 89' lang='lat' dir='ltr'>illius</span> <span class='ocrx_word' id='word_1_67' title='bbox 949 1603 1230 1692; x_wconf 84' lang='lat' dir='ltr'>fratreS,</span> <span class='ocrx_word' id='word_1_68' title='bbox 1268 1609 1339 1676; x_wconf 87' lang='lat' dir='ltr'>et</span> <span class='ocrx_word' id='word_1_69' title='bbox 1371 1602 1747 1675; x_wconf 85' lang='lat' dir='ltr'>distribute</span> <span class='ocrx_word' id='word_1_70' title='bbox 1778 1600 2078 1675; x_wconf 88' lang='lat' dir='ltr'>candele</span> <span class='ocrx_word' id='word_1_71' title='bbox 2105 1625 2307 1674; x_wconf 88' lang='lat' dir='ltr'>more</span> <span class='ocrx_word' id='word_1_72' title='bbox 2337 1602 2546 1678; x_wconf 91' lang='lat' dir='ltr'>solito</span> <span class='ocrx_word' id='word_1_73' title='bbox 2580 1630 2595 1678; x_wconf 93' lang='lat'>:</span> <span class='ocrx_word' id='word_1_74' title='bbox 2629 1605 3107 1680; x_wconf 83' lang='lat' dir='ltr'>interfuerunt</span> <span class='ocrx_word' id='word_1_75' title='bbox 3135 1608 3335 1680; x_wconf 86' lang='lat' dir='ltr'>RRmi.</span> 
     </span>
     <span class='ocr_line' id='line_1_10' title="bbox 735 1726 3336 1826; baseline 0.001 -26"><span class='ocrx_word' id='word_1_76' title='bbox 735 1731 886 1800; x_wconf 89' lang='lat' dir='ltr'>DD.</span> <span class='ocrx_word' id='word_1_77' title='bbox 942 1727 1347 1801; x_wconf 78' lang='lat' dir='ltr'>cardinales</span> <span class='ocrx_word' id='word_1_78' title='bbox 1390 1726 1916 1801; x_wconf 85' lang='lat' dir='ltr'>Alexandrinus</span> <span class='ocrx_word' id='word_1_79' title='bbox 1964 1734 2036 1800; x_wconf 91' lang='lat' dir='ltr'>et</span> <span class='ocrx_word' id='word_1_80' title='bbox 2075 1729 2418 1801; x_wconf 88' lang='lat' dir='ltr'>Senensis</span> <span class='ocrx_word' id='word_1_81' title='bbox 2469 1736 2900 1804; x_wconf 83' lang='lat' dir='ltr'>executores</span> <span class='ocrx_word' id='word_1_82' title='bbox 2943 1731 3248 1826; x_wconf 88' lang='lat' dir='ltr'>predicti,</span> <span class='ocrx_word' id='word_1_83' title='bbox 3285 1740 3336 1805; x_wconf 87' lang='lat' dir='ltr'>et</span> 
     </span>
     <span class='ocr_line' id='line_1_11' title="bbox 732 1851 3333 1950; baseline 0.002 -25"><span class='ocrx_word' id='word_1_84' title='bbox 732 1875 985 1926; x_wconf 90' lang='lat' dir='ltr'>omnes</span> <span class='ocrx_word' id='word_1_85' title='bbox 1016 1851 1380 1950; x_wconf 81' lang='lat' dir='ltr'>digniores</span> <span class='ocrx_word' id='word_1_86' title='bbox 1411 1852 1719 1926; x_wconf 87' lang='lat' dir='ltr'>curiales</span> <span class='ocrx_word' id='word_1_87' title='bbox 1752 1852 2061 1926; x_wconf 87' lang='lat' dir='ltr'>nationis</span> <span class='ocrx_word' id='word_1_88' title='bbox 2089 1852 2480 1928; x_wconf 86' lang='lat' dir='ltr'>Gallicane.</span> <span class='ocrx_word' id='word_1_89' title='bbox 2519 1861 2675 1928; x_wconf 90' lang='lat' dir='ltr'>Non</span> <span class='ocrx_word' id='word_1_90' title='bbox 2704 1862 2812 1930; x_wconf 90' lang='lat' dir='ltr'>est</span> <span class='ocrx_word' id='word_1_91' title='bbox 2843 1855 3089 1930; x_wconf 88' lang='lat' dir='ltr'>habita</span> <span class='ocrx_word' id='word_1_92' title='bbox 3115 1857 3333 1929; x_wconf 89' lang='lat' dir='ltr'>oratio:</span> 
     </span>
     <span class='ocr_line' id='line_1_12' title="bbox 732 1977 3333 2068; baseline 0.003 -18"><span class='ocrx_word' id='word_1_93' title='bbox 732 1977 1097 2052; x_wconf 86' lang='lat' dir='ltr'>Gallicano</span> <span class='ocrx_word' id='word_1_94' title='bbox 1144 2001 1374 2068; x_wconf 90' lang='lat' dir='ltr'>more,</span> <span class='ocrx_word' id='word_1_95' title='bbox 1432 1984 1506 2051; x_wconf 90' lang='lat' dir='ltr'>ut</span> <span class='ocrx_word' id='word_1_96' title='bbox 1559 1977 1908 2068; x_wconf 82' lang='lat' dir='ltr'>intellexi,</span> <span class='ocrx_word' id='word_1_97' title='bbox 1962 1979 2206 2052; x_wconf 91' lang='lat' dir='ltr'>omnia</span> <span class='ocrx_word' id='word_1_98' title='bbox 2255 1988 2420 2052; x_wconf 86' lang='lat' dir='ltr'>sunt</span> <span class='ocrx_word' id='word_1_99' title='bbox 2465 1989 2660 2068; x_wconf 82' lang='lat' dir='ltr'>acta3</span> <span class='ocrx_word' id='word_1_100' title='bbox 2716 2005 2864 2054; x_wconf 94' lang='lat' dir='ltr'>non</span> <span class='ocrx_word' id='word_1_101' title='bbox 2917 1979 3012 2054; x_wconf 88' lang='lat' dir='ltr'>fui</span> <span class='ocrx_word' id='word_1_102' title='bbox 3059 1987 3333 2057; x_wconf 80' lang='lat' dir='ltr'>vocatus:</span> 
     </span>
     <span class='ocr_line' id='line_1_13' title="bbox 728 2102 3002 2203; baseline 0.005 -31"><span class='ocrx_word' id='word_1_103' title='bbox 728 2111 1114 2200; x_wconf 79' lang='lat' dir='ltr'>propterea</span> <span class='ocrx_word' id='word_1_104' title='bbox 1144 2127 1287 2177; x_wconf 91' lang='lat' dir='ltr'>non</span> <span class='ocrx_word' id='word_1_105' title='bbox 1318 2102 1642 2195; x_wconf 89' lang='lat' dir='ltr'>interfui,</span> <span class='ocrx_word' id='word_1_106' title='bbox 1678 2128 1813 2179; x_wconf 92' lang='lat' dir='ltr'>nec</span> <span class='ocrx_word' id='word_1_107' title='bbox 1846 2113 2050 2202; x_wconf 88' lang='lat' dir='ltr'>gesta</span> <span class='ocrx_word' id='word_1_108' title='bbox 2078 2105 2612 2203; x_wconf 87' lang='lat' dir='ltr'>particulariter</span> <span class='ocrx_word' id='word_1_109' title='bbox 2641 2111 3002 2184; x_wconf 82' lang='lat' dir='ltr'>annotavi.</span> 
     </span>
    </p>

    <p class='ocr_par' dir='ltr' id='par_1_4' title="bbox 730 2227 3334 2577">
     <span class='ocr_line' id='line_1_14' title="bbox 827 2227 3334 2318; baseline 0.002 -19"><span class='ocrx_word' id='word_1_110' title='bbox 827 2227 1230 2318; x_wconf 90' lang='lat' dir='ltr'>Dominica,</span> <span class='ocrx_word' id='word_1_111' title='bbox 1268 2232 1311 2301; x_wconf 88' lang='grc'>6</span> <span class='ocrx_word' id='word_1_112' title='bbox 1342 2229 1612 2301; x_wconf 88' lang='lat' dir='ltr'>mensis</span> <span class='ocrx_word' id='word_1_113' title='bbox 1645 2229 1990 2318; x_wconf 88' lang='lat' dir='ltr'>octobris,</span> <span class='ocrx_word' id='word_1_114' title='bbox 2026 2254 2153 2302; x_wconf 84' lang='lat' dir='ltr'>rex</span> <span class='ocrx_word' id='word_1_115' title='bbox 2185 2230 2484 2303; x_wconf 88' lang='lat' dir='ltr'>Francie</span> <span class='ocrx_word' id='word_1_116' title='bbox 2528 2229 2808 2305; x_wconf 86' lang='lat' dir='ltr'>intravit</span> <span class='ocrx_word' id='word_1_117' title='bbox 2843 2233 3184 2306; x_wconf 82' lang='lat' dir='ltr'>civitatem</span> <span class='ocrx_word' id='word_1_118' title='bbox 3211 2237 3334 2304; x_wconf 83' lang='lat' dir='ltr'>Me-</span> 
     </span>
     <span class='ocr_line' id='line_1_15' title="bbox 730 2349 3333 2454; baseline 0.001 -30"><span class='ocrx_word' id='word_1_119' title='bbox 730 2349 1096 2426; x_wconf 90' lang='lat' dir='ltr'>diolanum</span> <span class='ocrx_word' id='word_1_120' title='bbox 1128 2376 1293 2427; x_wconf 91' lang='lat' dir='ltr'>cum</span> <span class='ocrx_word' id='word_1_121' title='bbox 1323 2360 1587 2449; x_wconf 83' lang='lat' dir='ltr'>magna</span> <span class='ocrx_word' id='word_1_122' title='bbox 1612 2375 1878 2449; x_wconf 90' lang='lat' dir='ltr'>pompa</span> <span class='ocrx_word' id='word_1_123' title='bbox 1903 2377 1918 2443; x_wconf 89' lang='lat'>;</span> <span class='ocrx_word' id='word_1_124' title='bbox 1956 2354 2162 2450; x_wconf 88' lang='lat' dir='ltr'>cujus</span> <span class='ocrx_word' id='word_1_125' title='bbox 2192 2354 2528 2428; x_wconf 89' lang='lat' dir='ltr'>introitus</span> <span class='ocrx_word' id='word_1_126' title='bbox 2561 2362 2856 2429; x_wconf 89' lang='lat' dir='ltr'>notatus</span> <span class='ocrx_word' id='word_1_127' title='bbox 2889 2357 3016 2430; x_wconf 82' lang='lat' dir='ltr'>suit</span> <span class='ocrx_word' id='word_1_128' title='bbox 3045 2380 3162 2454; x_wconf 89' lang='lat' dir='ltr'>per</span> <span class='ocrx_word' id='word_1_129' title='bbox 3188 2355 3333 2426; x_wconf 86' lang='lat' dir='ltr'>ordi-</span> 
     </span>
     <span class='ocr_line' id='line_1_16' title="bbox 732 2480 2328 2577; baseline 0.003 -27"><span class='ocrx_word' id='word_1_130' title='bbox 732 2502 901 2552; x_wconf 89' lang='lat' dir='ltr'>nem</span> <span class='ocrx_word' id='word_1_131' title='bbox 933 2485 1004 2554; x_wconf 91' lang='lat' dir='ltr'>et</span> <span class='ocrx_word' id='word_1_132' title='bbox 1034 2480 1455 2577; x_wconf 80' lang='lat' dir='ltr'>impressuS,</span> <span class='ocrx_word' id='word_1_133' title='bbox 1492 2480 1763 2553; x_wconf 86' lang='lat' dir='ltr'>tenoris</span> <span class='ocrx_word' id='word_1_134' title='bbox 1797 2481 2328 2576; x_wconf 59' lang='lat' dir='ltr'>subsequentis</span> 
     </span>
    </p>

    <p class='ocr_par' dir='ltr' id='par_1_5' title="bbox 723 2604 3330 3329">
     <span class='ocr_line' id='line_1_17' title="bbox 832 2604 3329 2698; baseline -0.001 -21"><span class='ocrx_word' id='word_1_135' title='bbox 832 2604 961 2679; x_wconf 90' lang='lat' dir='ltr'>Die</span> <span class='ocrx_word' id='word_1_136' title='bbox 1005 2605 1396 2694; x_wconf 89' lang='lat' dir='ltr'>dominica,</span> <span class='ocrx_word' id='word_1_137' title='bbox 1440 2609 1483 2676; x_wconf 91' lang='lat'>6</span> <span class='ocrx_word' id='word_1_138' title='bbox 1534 2605 1849 2679; x_wconf 89' lang='lat' dir='ltr'>octobris</span> <span class='ocrx_word' id='word_1_139' title='bbox 1903 2609 2641 2698; x_wconf 79' lang='lat' dir='ltr'>MCCCCLXXXXIX,</span> <span class='ocrx_word' id='word_1_140' title='bbox 2690 2609 3329 2695; x_wconf 83' lang='lat' dir='ltr'>Ludovicus,F1·an-</span> 
     </span>
     <span class='ocr_line' id='line_1_18' title="bbox 729 2729 3330 2830; baseline -0.001 -28"><span class='ocrx_word' id='word_1_141' title='bbox 729 2753 980 2804; x_wconf 83' lang='lat' dir='ltr'>corum</span> <span class='ocrx_word' id='word_1_142' title='bbox 1014 2754 1135 2803; x_wconf 89' lang='lat' dir='ltr'>rex</span> <span class='ocrx_word' id='word_1_143' title='bbox 1164 2729 1805 2804; x_wconf 86' lang='lat' dir='ltr'>christianissimus</span> <span class='ocrx_word' id='word_1_144' title='bbox 1839 2755 1925 2805; x_wconf 82' lang='lat' dir='ltr'>ex</span> <span class='ocrx_word' id='word_1_145' title='bbox 1957 2731 2291 2820; x_wconf 90' lang='lat' dir='ltr'>Binasco,</span> <span class='ocrx_word' id='word_1_146' title='bbox 2328 2733 2592 2830; x_wconf 88' lang='lat' dir='ltr'>oppido</span> <span class='ocrx_word' id='word_1_147' title='bbox 2625 2734 2820 2830; x_wconf 91' lang='lat' dir='ltr'>quod</span> <span class='ocrx_word' id='word_1_148' title='bbox 2851 2758 2998 2806; x_wconf 89' lang='lat' dir='ltr'>non</span> <span class='ocrx_word' id='word_1_149' title='bbox 3027 2732 3274 2828; x_wconf 85' lang='lat' dir='ltr'>longius</span> <span class='ocrx_word' id='word_1_150' title='bbox 3299 2755 3330 2800; x_wconf 79' lang='lat' dir='ltr'>a</span> 
     </span>
     <span class='ocr_line' id='line_1_19' title="bbox 726 2855 3326 2956; baseline -0.002 -28"><span class='ocrx_word' id='word_1_151' title='bbox 726 2855 1132 2929; x_wconf 88' lang='lat' dir='ltr'>Mediolano</span> <span class='ocrx_word' id='word_1_152' title='bbox 1182 2855 1434 2930; x_wconf 91' lang='lat' dir='ltr'>decem</span> <span class='ocrx_word' id='word_1_153' title='bbox 1484 2855 1798 2929; x_wconf 88' lang='lat' dir='ltr'>millibus</span> <span class='ocrx_word' id='word_1_154' title='bbox 1849 2880 2193 2953; x_wconf 83' lang='lat' dir='ltr'>passuum</span> <span class='ocrx_word' id='word_1_155' title='bbox 2236 2857 2474 2948; x_wconf 90' lang='lat' dir='ltr'>distat,</span> <span class='ocrx_word' id='word_1_156' title='bbox 2523 2858 2641 2930; x_wconf 91' lang='lat' dir='ltr'>ubi</span> <span class='ocrx_word' id='word_1_157' title='bbox 2685 2859 3144 2956; x_wconf 86' lang='lat' dir='ltr'>pernoctavit,</span> <span class='ocrx_word' id='word_1_158' title='bbox 3187 2856 3326 2927; x_wconf 79' lang='lat' dir='ltr'>hora</span> 
     </span>
     <span class='ocr_line' id='line_1_20' title="bbox 725 2979 3330 3080; baseline -0.002 -28"><span class='ocrx_word' id='word_1_159' title='bbox 725 3005 871 3071; x_wconf 76' lang='lat' dir='ltr'>xm,</span> <span class='ocrx_word' id='word_1_160' title='bbox 910 2980 1238 3070; x_wconf 90' lang='lat' dir='ltr'>dicessit;</span> <span class='ocrx_word' id='word_1_161' title='bbox 1277 2981 1389 3054; x_wconf 93' lang='lat' dir='ltr'>cui</span> <span class='ocrx_word' id='word_1_162' title='bbox 1434 2980 1739 3070; x_wconf 84' lang='lat' dir='ltr'>nobileS,</span> <span class='ocrx_word' id='word_1_163' title='bbox 1776 2983 1996 3071; x_wconf 81' lang='lat' dir='ltr'>civeS,</span> <span class='ocrx_word' id='word_1_164' title='bbox 2033 2989 2474 3056; x_wconf 85' lang='lat' dir='ltr'>mercatores</span> <span class='ocrx_word' id='word_1_165' title='bbox 2517 2980 3040 3080; x_wconf 87' lang='lat' dir='ltr'>universusque</span> <span class='ocrx_word' id='word_1_166' title='bbox 3078 2979 3330 3079; x_wconf 79' lang='lat' dir='ltr'>populus</span> 
     </span>
     <span class='ocr_line' id='line_1_21' title="bbox 724 3102 3323 3206; baseline -0.004 -24"><span class='ocrx_word' id='word_1_167' title='bbox 724 3116 931 3183; x_wconf 85' lang='lat' dir='ltr'>extra</span> <span class='ocrx_word' id='word_1_168' title='bbox 968 3110 1198 3206; x_wconf 88' lang='lat' dir='ltr'>ipsam</span> <span class='ocrx_word' id='word_1_169' title='bbox 1252 3109 1504 3181; x_wconf 86' lang='lat' dir='ltr'>urbem</span> <span class='ocrx_word' id='word_1_170' title='bbox 1558 3131 1783 3203; x_wconf 90' lang='lat' dir='ltr'>usque</span> <span class='ocrx_word' id='word_1_171' title='bbox 1831 3108 1921 3181; x_wconf 90' lang='lat' dir='ltr'>ad</span> <span class='ocrx_word' id='word_1_172' title='bbox 1968 3107 2076 3181; x_wconf 88' lang='lat' dir='ltr'>ria</span> <span class='ocrx_word' id='word_1_173' title='bbox 2115 3107 2338 3180; x_wconf 88' lang='lat' dir='ltr'>millia</span> <span class='ocrx_word' id='word_1_174' title='bbox 2376 3128 2716 3204; x_wconf 90' lang='lat' dir='ltr'>passuum</span> <span class='ocrx_word' id='word_1_175' title='bbox 2763 3108 3044 3182; x_wconf 85' lang='lat' dir='ltr'>obviam</span> <span class='ocrx_word' id='word_1_176' title='bbox 3085 3102 3323 3202; x_wconf 82' lang='lat' dir='ltr'>prodie-</span> 
     </span>
     <span class='ocr_line' id='line_1_22' title="bbox 723 3231 1625 3329; baseline -0.001 -24"><span class='ocrx_word' id='word_1_177' title='bbox 723 3240 914 3323; x_wconf 86' lang='lat' dir='ltr'>runt,</span> <span class='ocrx_word' id='word_1_178' title='bbox 952 3233 1204 3307; x_wconf 89' lang='lat' dir='ltr'>ordine</span> <span class='ocrx_word' id='word_1_179' title='bbox 1240 3231 1572 3329; x_wconf 89' lang='lat' dir='ltr'>sequenti</span> <span class='ocrx_word' id='word_1_180' title='bbox 1611 3257 1625 3305; x_wconf 92' lang='lat'>:</span> 
     </span>
    </p>

    <p class='ocr_par' dir='ltr' id='par_1_6' title="bbox 708 3351 3322 5334">
     <span class='ocr_line' id='line_1_23' title="bbox 827 3351 3322 3456; baseline -0.004 -25"><span class='ocrx_word' id='word_1_181' title='bbox 827 3359 1064 3433; x_wconf 84' lang='lat' dir='ltr'>Primo</span> <span class='ocrx_word' id='word_1_182' title='bbox 1098 3359 1434 3455; x_wconf 88' lang='lat' dir='ltr'>equidem</span> <span class='ocrx_word' id='word_1_183' title='bbox 1467 3357 1970 3454; x_wconf 85' lang='lat' dir='ltr'>quadringenti</span> <span class='ocrx_word' id='word_1_184' title='bbox 2003 3366 2124 3432; x_wconf 89' lang='lat' dir='ltr'>aut</span> <span class='ocrx_word' id='word_1_185' title='bbox 2149 3361 2343 3433; x_wconf 91' lang='lat' dir='ltr'>circa</span> <span class='ocrx_word' id='word_1_186' title='bbox 2361 3359 2563 3456; x_wconf 88' lang='lat' dir='ltr'>pueri</span> <span class='ocrx_word' id='word_1_187' title='bbox 2588 3361 3030 3456; x_wconf 86' lang='lat' dir='ltr'>impuberes,</span> <span class='ocrx_word' id='word_1_188' title='bbox 3063 3351 3322 3430; x_wconf 80' lang='lat' dir='ltr'>aureatis.</span> 
     </span>
     <span class='ocr_line' id='line_1_24' title="bbox 724 3476 3317 3581; baseline -0.005 -21"><span class='ocrx_word' id='word_1_189' title='bbox 724 3491 796 3560; x_wconf 84' lang='lat' dir='ltr'>et</span> <span class='ocrx_word' id='word_1_190' title='bbox 850 3483 1176 3558; x_wconf 89' lang='lat' dir='ltr'>sericatis</span> <span class='ocrx_word' id='word_1_191' title='bbox 1231 3483 1545 3557; x_wconf 87' lang='lat' dir='ltr'>vestibus</span> <span class='ocrx_word' id='word_1_192' title='bbox 1604 3482 1862 3570; x_wconf 92' lang='lat' dir='ltr'>induti,</span> <span class='ocrx_word' id='word_1_193' title='bbox 1915 3483 2125 3556; x_wconf 87' lang='lat' dir='ltr'>variis</span> <span class='ocrx_word' id='word_1_194' title='bbox 2177 3483 2563 3556; x_wconf 91' lang='lat' dir='ltr'>monilibus</span> <span class='ocrx_word' id='word_1_195' title='bbox 2623 3492 2695 3556; x_wconf 92' lang='lat' dir='ltr'>et</span> <span class='ocrx_word' id='word_1_196' title='bbox 2752 3485 3060 3581; x_wconf 89' lang='lat' dir='ltr'>gemmis</span> <span class='ocrx_word' id='word_1_197' title='bbox 3102 3476 3317 3562; x_wconf 86' lang='lat' dir='ltr'>ornati,</span> 
     </span>
     <span class='ocr_line' id='line_1_25' title="bbox 725 3607 3320 3707; baseline -0.003 -25"><span class='ocrx_word' id='word_1_198' title='bbox 725 3609 1227 3707; x_wconf 85' lang='lat' dir='ltr'>grandioribus</span> <span class='ocrx_word' id='word_1_199' title='bbox 1259 3607 1464 3704; x_wconf 91' lang='lat' dir='ltr'>equis</span> <span class='ocrx_word' id='word_1_200' title='bbox 1498 3608 1860 3700; x_wconf 82' lang='lat' dir='ltr'>sedenteS,</span> <span class='ocrx_word' id='word_1_201' title='bbox 1885 3608 2146 3705; x_wconf 84' lang='lat' dir='ltr'>singuli</span> <span class='ocrx_word' id='word_1_202' title='bbox 2181 3632 2418 3682; x_wconf 87' lang='lat' dir='ltr'>ramos</span> <span class='ocrx_word' id='word_1_203' title='bbox 2447 3609 2792 3682; x_wconf 88' lang='lat' dir='ltr'>olivarum</span> <span class='ocrx_word' id='word_1_204' title='bbox 2818 3613 3170 3707; x_wconf 87' lang='lat' dir='ltr'>portantes</span> <span class='ocrx_word' id='word_1_205' title='bbox 3195 3625 3320 3674; x_wconf 80' lang='lat' dir='ltr'>ma-</span> 
     </span>
     <span class='ocr_line' id='line_1_26' title="bbox 722 3726 3319 3832; baseline -0.004 -28"><span class='ocrx_word' id='word_1_206' title='bbox 722 3733 963 3823; x_wconf 92' lang='lat' dir='ltr'>nibus,</span> <span class='ocrx_word' id='word_1_207' title='bbox 995 3734 1067 3805; x_wconf 91' lang='lat' dir='ltr'>in</span> <span class='ocrx_word' id='word_1_208' title='bbox 1098 3733 1357 3829; x_wconf 91' lang='lat' dir='ltr'>quibus</span> <span class='ocrx_word' id='word_1_209' title='bbox 1379 3737 1818 3806; x_wconf 89' lang='lat' dir='ltr'>Francorum</span> <span class='ocrx_word' id='word_1_210' title='bbox 1850 3757 2104 3829; x_wconf 90' lang='lat' dir='ltr'>regum</span> <span class='ocrx_word' id='word_1_211' title='bbox 2133 3732 2443 3829; x_wconf 87' lang='lat' dir='ltr'>insignia</span> <span class='ocrx_word' id='word_1_212' title='bbox 2461 3735 2770 3832; x_wconf 83' lang='lat' dir='ltr'>parvulis</span> <span class='ocrx_word' id='word_1_213' title='bbox 2793 3734 3062 3809; x_wconf 83' lang='lat' dir='ltr'>vexillis</span> <span class='ocrx_word' id='word_1_214' title='bbox 3083 3726 3319 3804; x_wconf 86' lang='lat' dir='ltr'>ceruleo</span> 
     </span>
     <span class='ocr_line' id='line_1_27' title="bbox 720 3849 3313 3955; baseline 0 -25"><span class='ocrx_word' id='word_1_215' title='bbox 720 3859 913 3933; x_wconf 90' lang='lat' dir='ltr'>circa</span> <span class='ocrx_word' id='word_1_216' title='bbox 951 3859 1304 3933; x_wconf 88' lang='lat' dir='ltr'>consertis</span> <span class='ocrx_word' id='word_1_217' title='bbox 1335 3859 1530 3955; x_wconf 91' lang='lat' dir='ltr'>picta</span> <span class='ocrx_word' id='word_1_218' title='bbox 1575 3864 1804 3949; x_wconf 88' lang='lat' dir='ltr'>erant,</span> <span class='ocrx_word' id='word_1_219' title='bbox 1844 3867 1915 3933; x_wconf 93' lang='lat' dir='ltr'>et</span> <span class='ocrx_word' id='word_1_220' title='bbox 1953 3859 2023 3930; x_wconf 91' lang='lat' dir='ltr'>in</span> <span class='ocrx_word' id='word_1_221' title='bbox 2069 3859 2413 3955; x_wconf 88' lang='lat' dir='ltr'>preclaris</span> <span class='ocrx_word' id='word_1_222' title='bbox 2454 3859 2896 3934; x_wconf 91' lang='lat' dir='ltr'>carminibus</span> <span class='ocrx_word' id='word_1_223' title='bbox 2927 3865 2998 3934; x_wconf 88' lang='lat' dir='ltr'>et</span> <span class='ocrx_word' id='word_1_224' title='bbox 3033 3849 3313 3948; x_wconf 58' lang='lat' dir='ltr'>eulogiis</span> 
     </span>
     <span class='ocr_line' id='line_1_28' title="bbox 717 3976 3316 4082; baseline -0.005 -26"><span class='ocrx_word' id='word_1_225' title='bbox 717 3984 858 4058; x_wconf 87' lang='lat' dir='ltr'>alia</span> <span class='ocrx_word' id='word_1_226' title='bbox 904 3985 1169 4081; x_wconf 90' lang='lat' dir='ltr'>quippe</span> <span class='ocrx_word' id='word_1_227' title='bbox 1216 4009 1464 4081; x_wconf 88' lang='lat' dir='ltr'>regem</span> <span class='ocrx_word' id='word_1_228' title='bbox 1505 4008 1850 4082; x_wconf 87' lang='lat' dir='ltr'>magnum</span> <span class='ocrx_word' id='word_1_229' title='bbox 1893 3984 2163 4074; x_wconf 84' lang='lat' dir='ltr'>venire,</span> <span class='ocrx_word' id='word_1_230' title='bbox 2201 3983 2429 4058; x_wconf 86' lang='lat' dir='ltr'>altera</span> <span class='ocrx_word' id='word_1_231' title='bbox 2469 4010 2555 4057; x_wconf 88' lang='lat' dir='ltr'>ex</span> <span class='ocrx_word' id='word_1_232' title='bbox 2597 3985 2701 4058; x_wconf 91' lang='lat' dir='ltr'>eis</span> <span class='ocrx_word' id='word_1_233' title='bbox 2743 3986 3028 4058; x_wconf 85' lang='lat' dir='ltr'>audisse</span> <span class='ocrx_word' id='word_1_234' title='bbox 3065 3976 3316 4077; x_wconf 80' lang='lat' dir='ltr'>gloriam</span> 
     </span>
     <span class='ocr_line' id='line_1_29' title="bbox 718 4098 3316 4205; baseline -0.007 -22"><span class='ocrx_word' id='word_1_235' title='bbox 718 4110 903 4205; x_wconf 81' lang='lat' dir='ltr'>ejuS,</span> <span class='ocrx_word' id='word_1_236' title='bbox 958 4116 1172 4205; x_wconf 89' lang='lat' dir='ltr'>atque</span> <span class='ocrx_word' id='word_1_237' title='bbox 1233 4109 1482 4199; x_wconf 89' lang='lat' dir='ltr'>altera,</span> <span class='ocrx_word' id='word_1_238' title='bbox 1545 4107 2011 4181; x_wconf 88' lang='lat' dir='ltr'>liberatorem</span> <span class='ocrx_word' id='word_1_239' title='bbox 2068 4108 2297 4204; x_wconf 87' lang='lat' dir='ltr'>patrie</span> <span class='ocrx_word' id='word_1_240' title='bbox 2367 4107 2623 4182; x_wconf 87' lang='lat' dir='ltr'>adesse</span> <span class='ocrx_word' id='word_1_241' title='bbox 2681 4107 3159 4205; x_wconf 87' lang='lat' dir='ltr'>predicabant,</span> <span class='ocrx_word' id='word_1_242' title='bbox 3199 4098 3316 4196; x_wconf 88' lang='lat' dir='ltr'>plu-</span> 
     </span>
     <span class='ocr_line' id='line_1_30' title="bbox 722 4225 3312 4329; baseline -0.006 -22"><span class='ocrx_word' id='word_1_243' title='bbox 722 4258 978 4329; x_wconf 89' lang='lat' dir='ltr'>resque</span> <span class='ocrx_word' id='word_1_244' title='bbox 1013 4233 1189 4307; x_wconf 87' lang='lat' dir='ltr'>alias</span> <span class='ocrx_word' id='word_1_245' title='bbox 1218 4232 1473 4306; x_wconf 90' lang='lat' dir='ltr'>laudes</span> <span class='ocrx_word' id='word_1_246' title='bbox 1506 4233 1662 4329; x_wconf 88' lang='lat' dir='ltr'>ejus</span> <span class='ocrx_word' id='word_1_247' title='bbox 1695 4238 1767 4306; x_wconf 92' lang='lat' dir='ltr'>et</span> <span class='ocrx_word' id='word_1_248' title='bbox 1795 4232 2102 4305; x_wconf 84' lang='lat' dir='ltr'>virtutes</span> <span class='ocrx_word' id='word_1_249' title='bbox 2135 4233 2643 4306; x_wconf 88' lang='lat' dir='ltr'>decantabant.</span> <span class='ocrx_word' id='word_1_250' title='bbox 2675 4233 3112 4307; x_wconf 86' lang='lat' dir='ltr'>Assistebant</span> <span class='ocrx_word' id='word_1_251' title='bbox 3137 4225 3312 4301; x_wconf 84' lang='lat' dir='ltr'>etiam</span> 
     </span>
     <span class='ocr_line' id='line_1_31' title="bbox 722 4353 3312 4456; baseline -0.005 -26"><span class='ocrx_word' id='word_1_252' title='bbox 722 4358 895 4456; x_wconf 89' lang='lat' dir='ltr'>ipsis</span> <span class='ocrx_word' id='word_1_253' title='bbox 943 4359 1187 4455; x_wconf 88' lang='lat' dir='ltr'>pueris</span> <span class='ocrx_word' id='word_1_254' title='bbox 1240 4359 1384 4432; x_wconf 90' lang='lat' dir='ltr'>duo</span> <span class='ocrx_word' id='word_1_255' title='bbox 1430 4365 1553 4432; x_wconf 91' lang='lat' dir='ltr'>aut</span> <span class='ocrx_word' id='word_1_256' title='bbox 1596 4365 1738 4433; x_wconf 89' lang='lat' dir='ltr'>tres</span> <span class='ocrx_word' id='word_1_257' title='bbox 1783 4356 1992 4430; x_wconf 88' lang='lat' dir='ltr'>validi</span> <span class='ocrx_word' id='word_1_258' title='bbox 2024 4359 2328 4456; x_wconf 89' lang='lat' dir='ltr'>juvenes</span> <span class='ocrx_word' id='word_1_259' title='bbox 2377 4359 2778 4454; x_wconf 83' lang='lat' dir='ltr'>pedestres,</span> <span class='ocrx_word' id='word_1_260' title='bbox 2814 4359 2967 4456; x_wconf 89' lang='lat' dir='ltr'>pari</span> <span class='ocrx_word' id='word_1_261' title='bbox 3009 4353 3226 4429; x_wconf 89' lang='lat' dir='ltr'>habitu</span> <span class='ocrx_word' id='word_1_262' title='bbox 3261 4353 3312 4417; x_wconf 85' lang='lat' dir='ltr'>el</span> 
     </span>
     <span class='ocr_line' id='line_1_32' title="bbox 721 4483 3309 4582; baseline -0.002 -24"><span class='ocrx_word' id='word_1_263' title='bbox 721 4489 979 4558; x_wconf 90' lang='lat' dir='ltr'>ornatu</span> <span class='ocrx_word' id='word_1_264' title='bbox 1046 4483 1279 4558; x_wconf 81' lang='lat' dir='ltr'>vestiti</span> <span class='ocrx_word' id='word_1_265' title='bbox 1349 4509 1364 4556; x_wconf 74' lang='grc' dir='ltr'>ε</span> <span class='ocrx_word' id='word_1_266' title='bbox 1428 4485 1808 4581; x_wconf 84' lang='lat' dir='ltr'>gestabant</span> <span class='ocrx_word' id='word_1_267' title='bbox 1882 4507 2168 4580; x_wconf 91' lang='lat' dir='ltr'>quoque</span> <span class='ocrx_word' id='word_1_268' title='bbox 2247 4483 2383 4580; x_wconf 90' lang='lat' dir='ltr'>ipsi</span> <span class='ocrx_word' id='word_1_269' title='bbox 2458 4484 2661 4582; x_wconf 87' lang='lat' dir='ltr'>pueri</span> <span class='ocrx_word' id='word_1_270' title='bbox 2737 4483 3063 4558; x_wconf 80' lang='lat' dir='ltr'>vexillum</span> <span class='ocrx_word' id='word_1_271' title='bbox 3133 4488 3309 4545; x_wconf 79' lang='lat' dir='ltr'>unum</span> 
     </span>
     <span class='ocr_line' id='line_1_33' title="bbox 720 4601 3306 4706; baseline -0.007 -23"><span class='ocrx_word' id='word_1_272' title='bbox 720 4632 1065 4706; x_wconf 84' lang='lat' dir='ltr'>magnum</span> <span class='ocrx_word' id='word_1_273' title='bbox 1092 4633 1181 4684; x_wconf 85' lang='lat' dir='ltr'>cx</span> <span class='ocrx_word' id='word_1_274' title='bbox 1212 4608 1472 4698; x_wconf 85' lang='lat' dir='ltr'>serico,</span> <span class='ocrx_word' id='word_1_275' title='bbox 1510 4632 1675 4681; x_wconf 92' lang='lat' dir='ltr'>cum</span> <span class='ocrx_word' id='word_1_276' title='bbox 1708 4609 2006 4682; x_wconf 90' lang='lat' dir='ltr'>Francie</span> <span class='ocrx_word' id='word_1_277' title='bbox 2039 4608 2438 4706; x_wconf 87' lang='lat' dir='ltr'>insignibus</span> <span class='ocrx_word' id='word_1_278' title='bbox 2470 4616 2542 4682; x_wconf 90' lang='lat' dir='ltr'>et</span> <span class='ocrx_word' id='word_1_279' title='bbox 2572 4609 2816 4682; x_wconf 87' lang='lat' dir='ltr'>armis.</span> <span class='ocrx_word' id='word_1_280' title='bbox 2849 4607 3088 4682; x_wconf 86' lang='lat' dir='ltr'>Habita</span> <span class='ocrx_word' id='word_1_281' title='bbox 3113 4601 3306 4673; x_wconf 83' lang='lat' dir='ltr'>autem</span> 
     </span>
     <span class='ocr_line' id='line_1_34' title="bbox 718 4719 3307 4832; baseline -0.006 -24"><span class='ocrx_word' id='word_1_282' title='bbox 718 4741 829 4809; x_wconf 89' lang='lat' dir='ltr'>est</span> <span class='ocrx_word' id='word_1_283' title='bbox 863 4735 952 4808; x_wconf 85' lang='lat' dir='ltr'>ab</span> <span class='ocrx_word' id='word_1_284' title='bbox 992 4734 1219 4809; x_wconf 87' lang='lat' dir='ltr'>altero</span> <span class='ocrx_word' id='word_1_285' title='bbox 1262 4734 1581 4832; x_wconf 89' lang='lat' dir='ltr'>ipsorum</span> <span class='ocrx_word' id='word_1_286' title='bbox 1631 4759 2023 4831; x_wconf 88' lang='lat' dir='ltr'>puerorum</span> <span class='ocrx_word' id='word_1_287' title='bbox 2073 4734 2369 4832; x_wconf 84' lang='lat' dir='ltr'>elegans</span> <span class='ocrx_word' id='word_1_288' title='bbox 2411 4736 2671 4827; x_wconf 87' lang='lat' dir='ltr'>oratio,</span> <span class='ocrx_word' id='word_1_289' title='bbox 2717 4759 2856 4831; x_wconf 91' lang='lat' dir='ltr'>que</span> <span class='ocrx_word' id='word_1_290' title='bbox 2899 4719 3307 4808; x_wconf 69' lang='lat' dir='ltr'>concludebat</span> 
     </span>
     <span class='ocr_line' id='line_1_35' title="bbox 718 4841 3305 4958; baseline -0.008 -25"><span class='ocrx_word' id='word_1_291' title='bbox 718 4883 967 4958; x_wconf 89' lang='lat' dir='ltr'>regem</span> <span class='ocrx_word' id='word_1_292' title='bbox 998 4859 1234 4956; x_wconf 88' lang='lat' dir='ltr'>ipsum</span> <span class='ocrx_word' id='word_1_293' title='bbox 1269 4882 1412 4934; x_wconf 91' lang='lat' dir='ltr'>non</span> <span class='ocrx_word' id='word_1_294' title='bbox 1444 4861 1684 4934; x_wconf 90' lang='lat' dir='ltr'>minus</span> <span class='ocrx_word' id='word_1_295' title='bbox 1709 4860 1980 4934; x_wconf 86' lang='lat' dir='ltr'>liberos</span> <span class='ocrx_word' id='word_1_296' title='bbox 2011 4860 2205 4957; x_wconf 91' lang='lat' dir='ltr'>ipsos</span> <span class='ocrx_word' id='word_1_297' title='bbox 2235 4885 2450 4958; x_wconf 90' lang='lat' dir='ltr'>quam</span> <span class='ocrx_word' id='word_1_298' title='bbox 2483 4868 2824 4958; x_wconf 87' lang='lat' dir='ltr'>parentes</span> <span class='ocrx_word' id='word_1_299' title='bbox 2856 4878 3092 4936; x_wconf 84' lang='lat' dir='ltr'>eorum</span> <span class='ocrx_word' id='word_1_300' title='bbox 3117 4841 3305 4924; x_wconf 89' lang='lat' dir='ltr'>alibi-</span> 
     </span>
     <span class='ocr_line' id='line_1_36' title="bbox 714 4979 3303 5084; baseline -0.008 -26"><span class='ocrx_word' id='word_1_301' title='bbox 714 4985 880 5058; x_wconf 91' lang='lat' dir='ltr'>dine</span> <span class='ocrx_word' id='word_1_302' title='bbox 923 4992 995 5059; x_wconf 93' lang='lat' dir='ltr'>et</span> <span class='ocrx_word' id='word_1_303' title='bbox 1033 4986 1278 5060; x_wconf 85' lang='lat' dir='ltr'>furore</span> <span class='ocrx_word' id='word_1_304' title='bbox 1322 4986 1604 5084; x_wconf 72' lang='lat' dir='ltr'>tyranni</span> <span class='ocrx_word' id='word_1_305' title='bbox 1646 4985 2085 5060; x_wconf 84' lang='lat' dir='ltr'>liberavisse.</span> <span class='ocrx_word' id='word_1_306' title='bbox 2137 4985 2412 5060; x_wconf 89' lang='lat' dir='ltr'>Deinde</span> <span class='ocrx_word' id='word_1_307' title='bbox 2453 5010 2620 5059; x_wconf 88' lang='lat' dir='ltr'>vero</span> <span class='ocrx_word' id='word_1_308' title='bbox 2663 4981 3020 5084; x_wconf 86' lang='lat' dir='ltr'>quingenti</span> <span class='ocrx_word' id='word_1_309' title='bbox 3053 4979 3303 5076; x_wconf 82' lang='lat' dir='ltr'>juvenes</span> 
     </span>
     <span class='ocr_line' id='line_1_37' title="bbox 709 5099 3298 5208; baseline -0.004 -26"><span class='ocrx_word' id='word_1_310' title='bbox 709 5111 895 5185; x_wconf 80' lang='lat' dir='ltr'>infra</span> <span class='ocrx_word' id='word_1_311' title='bbox 933 5135 1017 5183; x_wconf 87' lang='lat' dir='ltr'>xv</span> <span class='ocrx_word' id='word_1_312' title='bbox 1058 5118 1129 5184; x_wconf 89' lang='lat' dir='ltr'>et</span> <span class='ocrx_word' id='word_1_313' title='bbox 1170 5135 1281 5183; x_wconf 78' lang='lat' dir='ltr'>xvi</span> <span class='ocrx_word' id='word_1_314' title='bbox 1332 5134 1688 5185; x_wconf 91' lang='lat' dir='ltr'>annorum</span> <span class='ocrx_word' id='word_1_315' title='bbox 1742 5135 1960 5208; x_wconf 88' lang='lat' dir='ltr'>super</span> <span class='ocrx_word' id='word_1_316' title='bbox 2014 5111 2316 5208; x_wconf 87' lang='lat' dir='ltr'>egressi,</span> <span class='ocrx_word' id='word_1_317' title='bbox 2361 5111 2602 5186; x_wconf 90' lang='lat' dir='ltr'>aureis</span> <span class='ocrx_word' id='word_1_318' title='bbox 2655 5111 2962 5186; x_wconf 85' lang='lat' dir='ltr'>vestibus</span> <span class='ocrx_word' id='word_1_319' title='bbox 3013 5099 3298 5194; x_wconf 63' lang='lat' dir='ltr'>insignes.</span> 
     </span>
     <span class='ocr_line' id='line_1_38' title="bbox 708 5211 3298 5334; baseline -0.008 -27"><span class='ocrx_word' id='word_1_320' title='bbox 708 5259 1018 5330; x_wconf 90' lang='lat' dir='ltr'>quorum</span> <span class='ocrx_word' id='word_1_321' title='bbox 1052 5261 1179 5310; x_wconf 85' lang='lat' dir='ltr'>sex</span> <span class='ocrx_word' id='word_1_322' title='bbox 1208 5260 1512 5332; x_wconf 89' lang='lat' dir='ltr'>magnos</span> <span class='ocrx_word' id='word_1_323' title='bbox 1542 5237 1817 5313; x_wconf 88' lang='lat' dir='ltr'>biretos</span> <span class='ocrx_word' id='word_1_324' title='bbox 1863 5237 2403 5333; x_wconf 86' lang='lat' dir='ltr'>pretiosissimis</span> <span class='ocrx_word' id='word_1_325' title='bbox 2449 5235 2759 5334; x_wconf 90' lang='lat' dir='ltr'>pellibus</span> <span class='ocrx_word' id='word_1_326' title='bbox 2802 5233 3004 5310; x_wconf 86' lang='lat' dir='ltr'>variis</span> <span class='ocrx_word' id='word_1_327' title='bbox 3039 5211 3298 5328; x_wconf 83' lang='lat' dir='ltr'>(munitis</span> 
     </span>
    </p>
   </div>
   <div class='ocr_carea' id='block_1_3' title="bbox 3491 879 3518 3941">
    <p class='ocr_par' dir='ltr' id='par_1_7' title="bbox 3491 879 3518 3941">
     <span class='ocr_line' id='line_1_39' title="bbox 3491 879 3518 3941; baseline 0 0"><span class='ocrx_word' id='word_1_328' title='bbox 3491 879 3518 3941; x_wconf 95' lang='lat' dir='ltr'> </span> 
     </span>
    </p>
   </div>
   <div class='ocr_carea' id='block_1_4' title="bbox 3501 4595 3510 5576">
    <p class='ocr_par' dir='ltr' id='par_1_8' title="bbox 3501 4595 3510 5576">
     <span class='ocr_line' id='line_1_40' title="bbox 3501 4595 3510 5576; baseline 0 0"><span class='ocrx_word' id='word_1_329' title='bbox 3501 4595 3510 5576; x_wconf 95' lang='lat' dir='ltr'> </span> 
     </span>
    </p>
   </div>
  </div>
 </body>
</html>
