3625 6059
367 525 583 590 [sufflet
619 526 762 587 1493]
1049 522 1303 579 RERUM
1353 522 1804 579 URBANARUM
1846 522 2372 581 COMMENTARII.
2973 536 3044 590 83

371 684 613 777 partes
639 676 890 767 dividi,
925 682 997 751 et
1035 674 1253 771 aliqui
1292 676 1541 750 dicunt
1579 676 1774 773 quod
1803 677 2041 752 adhuc
2072 678 2275 768 vivit;
2312 682 2387 754 et
2430 704 2519 755 eo
2550 706 2637 755 ex
2673 683 2819 757 hoc
2849 686 3043 781 quod

371 809 653 880 secreto
683 801 906 876 modo
938 801 1270 900 capiebat
1297 801 1547 877 literas
1574 807 1661 876 D.
1698 803 2109 895 cardinaliS,
2142 812 2214 880 et
2244 804 2436 903 ipsas
2468 814 2540 882 et
2574 808 2916 906 quicquid
2946 810 3043 885 ibi

382 930 732 1029 agebatur
755 952 943 1029 pape
973 927 1384 1003 Alexandro
1415 936 1622 1004 sexto
1652 930 2041 1005 revelabat.
3049 1025 3057 1033 ‚

469 1056 602 1131 Die
631 1054 846 1131 tertia
869 1053 1025 1153 julii
1063 1058 1278 1144 1493,
1309 1053 1504 1127 circa
1531 1078 1732 1129 xvnu
1762 1055 2051 1147 horam,
2078 1058 2379 1133 tenebre
2412 1058 2601 1135 facte
2628 1068 2796 1137 sunt
2829 1088 3048 1161 super

373 1188 650 1259 terram
697 1188 771 1256 et
817 1180 1206 1255 insurrexit
1248 1186 1500 1254 ventus
1545 1180 2220 1257 imminentissimus
2274 1190 2347 1259 et
2392 1187 2605 1261 turbo
2648 1188 2723 1261 in
2767 1212 2935 1265 aere
2976 1197 3049 1266 et

379 1307 625 1407 pluvia
653 1330 918 1405 magna
939 1306 1073 1381 fuit
1102 1306 1178 1379 in
1209 1306 1401 1381 Urbe
1427 1334 1442 1395 ;
1479 1312 1551 1379 et
1583 1312 1785 1381 extra
1806 1307 2112 1397 Urbem;
2147 1308 2221 1381 in
2240 1310 2464 1407 pratis
2486 1313 2939 1406 Neronianis,
2976 1316 3049 1388 in

388 1438 620 1509 Ponte
650 1432 890 1506 Milvio
934 1440 1008 1506 et
1033 1456 1280 1507 versus
1323 1435 1628 1506 Pontem
1654 1431 2006 1506 Salarium
2037 1432 2323 1508 fuerunt
2351 1438 2739 1533 grandines
2770 1439 3051 1514 densis-

385 1557 570 1632 sime
603 1558 790 1631 sicut
828 1580 1056 1631 nuces
1095 1579 1385 1655 magne.
1417 1559 1507 1629 Et
1544 1555 1897 1631 destruxit
1927 1580 2183 1633 omnes
2212 1584 2393 1657 quos
2422 1560 2692 1638 invenit
2714 1564 2933 1653 foris3
2978 1572 3051 1639 et

385 1682 730 1783 campum
779 1683 1109 1758 Fracassi
1151 1706 1315 1757 cum
1357 1681 1693 1780 gentibus
1733 1683 1885 1756 suis
1924 1684 2047 1780 qui
2091 1693 2297 1761 erant
2336 1686 2412 1760 in
2436 1688 2599 1763 loco
2639 1690 2762 1787 qui
2792 1689 3053 1764 dicitur

383 1809 632 1885 Prima
647 1822 897 1908 porta,
933 1833 1099 1883 cum
1130 1809 1367 1883 tendis
1403 1814 1474 1883 et
1498 1806 2039 1906 patiglionibuS,
2082 1811 2155 1884 in
2186 1816 2417 1887 totum
2457 1814 2867 1889 fracassavit
2894 1815 3053 1891 lau-

384 1960 579 2029 ceaS,
616 1960 885 2036 cappas
918 1960 1174 2012 omnes
1229 1934 1640 2025 devastavit,
1688 1934 1903 2010 sellas
1944 1942 2017 2010 et
2051 1936 2526 2032 supellectilia
2555 1940 2799 2015 omnia
2826 1942 3054 2017 dicto·

379 2086 543 2137 rum
569 2062 884 2137 militum
917 2060 1272 2135 destruxit
1301 2067 1374 2137 et
1402 2059 1506 2134 vis
1537 2082 1885 2157 aquarum
1916 2062 2420 2157 transportavit
2440 2064 2538 2137 ita
2566 2065 2761 2164 quod
2786 2068 3053 2166 reperti

377 2190 678 2263 fuerunt
723 2187 822 2262 ibi
869 2186 1078 2260 multi
1131 2185 1296 2284 equi
1343 2184 1608 2260 mortui
1650 2192 1724 2260 et
1775 2184 2158 2283 deperditi,
2208 2192 2280 2261 et
2308 2188 2650 2287 armigeri
2686 2192 2933 2290 magni
2982 2199 3056 2269 et

377 2314 578 2413 parvi
607 2337 864 2389 omnes
910 2311 1318 2387 clamabant
1359 2336 1374 2385 z
1409 2310 1905 2385 Misericordia
1931 2316 1954 2383 Ι
1980 2310 2342 2409 fugientes
2364 2338 2611 2390 versus
2638 2325 2925 2394 montes
2948 2328 3051 2394 'ne

377 2440 1048 2537 submergerentur.
1095 2437 1390 2511 Duravit
1433 2460 1564 2535 per
1611 2435 1794 2510 duos
1842 2437 2064 2511 horas
2123 2438 2530 2533 continuaS,
2584 2448 2658 2517 et
2712 2450 2879 2542 post
2918 2446 3054 2521 fuit

371 2566 606 2641 visum
638 2563 833 2662 quod
862 2585 995 2661 per
1035 2562 1356 2659 quinque
1395 2560 1678 2659 palmos
1715 2568 1788 2636 et
1838 2561 2024 2637 ultra
2070 2564 2143 2636 in
2190 2565 2373 2639 valle
2418 2566 2564 2657 illa,
2603 2567 2722 2642 ubi
2762 2570 3053 2647 fuerunt

371 2698 638 2781 castra,
671 2690 806 2763 fuit
833 2689 980 2763 alta
1009 2687 1283 2785 grando
1312 2694 1384 2761 et
1413 2710 1602 2784 aqua
1629 2713 1644 2776 3
1682 2687 1875 2783 quod
1902 2712 2053 2762 non
2080 2689 2217 2765 fuit
2243 2690 2399 2765 sine
2421 2694 2737 2769 maximo
2770 2695 3053 2771 incom-

369 2816 594 2891 modo
643 2815 814 2891 dicti
879 2813 1204 2887 Fracassi
1248 2818 1322 2887 et
1369 2812 1607 2910 gentis
1663 2836 1819 2886 sue.
1864 2816 1951 2888 Et
1994 2814 2365 2907 damnum,
2409 2825 2489 2894 ut
2527 2819 2816 2911 dicitur,
2862 2821 3053 2897 inter

367 2966 601 3040 equos
629 2940 952 3041 perditos
997 2946 1070 3015 et
1107 2939 1300 3014 bona
1339 2938 1716 3036 deperdita
1746 2944 1819 3011 et
1849 2937 2241 3033 devastata,
2278 2940 2409 3017 fuit
2438 2942 2817 3041 plusquam
2849 2946 3048 3024 mille

367 3068 944 3166 quingentorum
971 3066 1429 3144 ducatorum.

469 3197 550 3268 In
581 3192 772 3269 Urbe
802 3216 1000 3282 vere,
1031 3191 1106 3269 in
1136 3191 1354 3265 domo
1388 3189 1626 3265 Ursini
1651 3192 1891 3266 mariti
1924 3194 1957 3266 J
1968 3192 2109 3267 ulie
2144 3192 2342 3269 Belle
2366 3194 2455 3271 de
2478 3196 2823 3273 Farnesio
2855 3199 3047 3298 apud

365 3324 694 3395 Montem
739 3319 1162 3411 Jordanum,
1224 3323 1482 3393 ventus
1540 3318 1848 3392 removit
1906 3342 2128 3393 unum
2165 3320 2560 3416 caminum,
2604 3324 2727 3422 qui
2770 3333 2928 3401 erat
2972 3326 3043 3401 in

364 3449 530 3547 ejus
563 3447 808 3537 domo,
835 3452 909 3519 et
938 3444 1124 3523 ultra
1147 3443 1322 3519 illud
1350 3444 1423 3517 in
1445 3443 1638 3520 dicta
1663 3444 1881 3520 domo
1900 3446 2161 3523 cecidit
2185 3446 2427 3547 fulgur
2451 3456 2522 3525 et
2540 3449 2779 3548 aliqua
2803 3451 3049 3529 devas-

361 3574 546 3649 tavit
570 3600 588 3666 3
623 3582 698 3652 et
714 3575 860 3651 hoc
891 3574 1025 3651 fuit
1053 3575 1170 3653 die
1201 3575 1570 3653 mercurii.

472 3702 604 3777 Die
666 3701 1037 3778 dominica
1080 3702 1444 3801 sequenti,
1493 3706 1885 3777 Fracassus
1949 3724 2114 3776 cum
2172 3698 2510 3801 gentibus
2569 3703 2715 3778 suis
2762 3704 3047 3781 intravit

357 3830 672 3904 Romam
703 3832 778 3903 et
806 3828 1232 3904 monstravit
1263 3852 1341 3905 se
1374 3832 1565 3927 Pape
1593 3827 1667 3901 in
1697 3828 1940 3927 platea
1970 3854 2029 3901 s.
2070 3828 2289 3904 Petri.

458 3957 592 4032 Die
626 3960 716 4031 23
757 3955 926 4029 dicti
965 3953 1269 4047 mensis,
1300 3953 1594 4053 quidam
1635 3954 1911 4029 sbirrus
1948 3954 2277 4052 barigelli
2320 3954 2439 4052 qui
2483 3954 2755 4033 luserat
2784 3963 2857 4033 et
2884 3982 3044 4056 per-

350 4084 644 4161 diderat
694 4087 972 4159 certam
1035 4080 1421 4180 pecuniam
1476 4084 1573 4181 (et
1614 4081 1736 4155 hic
1787 4086 1945 4157 erat
1984 4079 2421 4175 Januensis)‚
2472 4081 2774 4157 contulit
2822 4108 2900 4159 se
2946 4082 3038 4159 ad

351 4208 748 4287 ecclesiam
793 4206 1024 4283 sancti
1070 4206 1286 4283 Blasii
1329 4206 1420 4283 de
1471 4207 1662 4281 Malo
1693 4207 1768 4281 in
1813 4205 2113 4304 regione
2157 4208 2386 4282 sancti
2417 4208 2810 4302 Eustachii,
2854 4218 2924 4285 et
2969 4211 3041 4284 in

345 4335 534 4413 facie
565 4333 760 4409 dicte
793 4332 1099 4409 ecclesie
1131 4332 1302 4407 vidit
1329 4355 1555 4406 unum
1586 4332 2015 4407 crucifixum
2046 4330 2119 4405 in
2157 4355 2369 4407 muro
2403 4331 2813 4432 depictum:
2851 4335 3035 4433 ipse,

345 4460 548 4537 malo
606 4458 878 4549 animo,
929 4480 1098 4531 cum
1153 4456 1463 4555 quadam
1506 4464 1895 4555 partesana
1938 4480 2155 4554 quam
2204 4458 2279 4532 in
2314 4457 2646 4534 manibus
2692 4458 3035 4549 habebat,

345 4585 721 4687 percussit
749 4584 1024 4659 dictum
1056 4583 1481 4658 crucifixum
1512 4582 1587 4657 in
1617 4584 1849 4682 capite
1883 4589 1958 4657 et
1994 4583 2070 4656 in
2104 4590 2403 4682 pectore
2432 4610 2449 4675 ;
2486 4590 2561 4659 et
2592 4584 2727 4660 fuit
2768 4583 2965 4660 visus
2997 4610 3041 4661 a

345 4714 669 4813 quadam
710 4709 1126 4787 meretrice.
1163 4712 1250 4784 Et
1293 4734 1460 4785 cum
1501 4708 1655 4808 ipse
1695 4708 2131 4785 miraculose
2174 4710 2307 4785 iret
2348 4708 2624 4785 circum
2664 4711 2858 4787 circa
2886 4714 3041 4788 dic-

345 4848 508 4916 tum
551 4841 805 4917 locum
849 4842 926 4912 et
971 4858 1119 4911 non
1155 4843 1405 4935 posset
1447 4832 1614 4907 inde
1647 4832 1869 4923 exire,
1908 4834 2321 4931 supervenit
2349 4834 2584 4910 dictus
2616 4834 3035 4934 barigelluS,

345 4974 424 5045 et
449 4969 608 5068 ipsa
635 4965 902 5043 mulier
932 4964 1170 5062 ipsum
1202 4985 1409 5036 reum
1439 4958 1804 5036 accusavit
1833 4959 1953 5055 qui
1982 4957 2175 5033 illico
2207 4968 2458 5059 captus
2500 4962 2633 5037 fuit
2663 4986 2678 5053 ;
2715 4968 2789 5038 et
2824 4959 3037 5036 ambe

336 5118 598 5171 manus
627 5094 770 5170 sibi
805 5097 1203 5188 amputate,
1239 5112 1408 5165 cum
1437 5086 1753 5163 clavibus
1793 5084 1869 5158 in
1908 5084 2102 5161 dicto
2142 5110 2351 5164 muro
2392 5088 2637 5181 affixe,
2672 5095 2747 5164 et
2777 5093 3038 5185 postea

333 5226 408 5301 in
433 5228 694 5328 Agone
737 5216 978 5297 furcis
1010 5240 1404 5318 suspensus
1433 5214 1568 5290 fuit
1591 5237 1721 5313 per
1745 5211 2023 5288 dictum
2055 5214 2511 5313 barigellum.
