3625 6059
790 526 893 582 196
1700 523 2049 581 JoHANN1S
2096 523 2539 596 euncHARm,
2966 529 3259 590 [novembre
3282 534 3391 596 usn
3507 505 3508 584 3

789 677 1141 754 tractavit.
1192 682 1270 750 ln
1309 676 1522 750 valvis
1569 677 2045 762 ecclesiarum
2087 688 2159 754 et
2197 679 2354 784 aliis
2394 680 2575 755 locis
2607 679 2913 779 publicis
2945 681 3175 757 aureis
3202 682 3389 759 literis
3507 723 3508 768 1

791 805 1137 903 scriptum
1165 809 1320 878 erat
1356 827 1370 877 :
1401 793 1615 896 REX,
1647 807 1853 895 PAX,
1892 808 2008 879 ET
2039 809 2666 884 RESTAVRATIO
2700 810 3240 883 LIBERTATIS.
3270 811 3395 884 lniit
3507 867 3508 906 ÷

787 930 976 1003 inter
1017 929 1156 1004 alia
1184 951 1352 1002 cum
1400 929 1574 1027 ipsis
1609 931 2042 1005 Florentinis
2100 931 2615 1007 conventiones
2652 939 2726 1008 et
2768 930 3105 1030 capitula,
3142 955 3271 1029 que
3308 933 3397 1009 die

789 1055 1132 1153 vigesima
1188 1063 1389 1131 sexta
1453 1053 1626 1130 dicti
1688 1057 1961 1132 mensis
2028 1056 2319 1133 fuerunt
2397 1058 2472 1133 in
2527 1058 2837 1134 ecclesia
2896 1059 3398 1156 metropolitana
3507 1041 3508 1068 ³

791 1183 1180 1276 Florentia,
1210 1184 1432 1258 missa
1459 1180 1558 1258 ibi
1591 1183 1820 1276 finita,
1850 1184 2135 1282 publice
2164 1185 2354 1260 lecta
2374 1191 2447 1260 et
2474 1185 2734 1260 mediis
2761 1181 3188 1284 juramentis
3214 1185 3399 1284 stipu-
3507 1265 3508 1272 Ν

785 1307 956 1400 lata,
990 1332 1121 1406 per
1150 1333 1289 1407 que
1329 1309 1516 1384 inter
1553 1317 1798 1387 cetera
1845 1310 2237 1385 Florentini
2277 1310 2708 1409 promittunt
2742 1310 2915 1385 dare
2956 1308 3113 1407 regi
3152 1317 3399 1384 centum

789 1434 1084 1532 triginta
1137 1435 1364 1510 millia
1438 1436 1866 1511 ducatorum
1934 1437 2119 1510 infra
2196 1460 2493 1526 annum,
2555 1435 2891 1512 videlicet
2968 1435 3109 1508 hoc
3176 1432 3396 1508 modo:
3507 1417 3508 1428 ¹

792 1560 1318 1658 quinquaginta
1345 1562 1537 1638 mille
1563 1562 1717 1660 regi
1749 1571 1823 1637 et
1848 1561 2305 1652 consiliariis,
2326 1561 2584 1637 decem
2610 1562 2805 1638 mille
2832 1583 2965 1661 per
2996 1567 3221 1636 totum
3238 1582 3403 1634 men-

795 1675 950 1762 sem
995 1686 1330 1762 februarii
1369 1688 1696 1787 proxime
1749 1688 1995 1780 futuri,
2053 1688 2532 1786 quadraginta
2598 1687 2797 1762 mille
2844 1686 2997 1784 regi
3040 1709 3169 1784 per
3214 1689 3401 1760 totum

789 1813 1050 1910 julium
1117 1814 1444 1911 proxime
1496 1814 1845 1907 futurum,
1898 1813 2192 1913 triginta
2244 1814 2463 1889 millia
2510 1813 2747 1890 eidem
2827 1812 3091 1888 deinde
3140 1809 3405 1908 quolibet
3507 1891 3508 1902 χ

796 1961 1014 2030 anno,
1055 1938 1440 2015 duodecim
1472 1939 1694 2016 millia
1730 1963 1957 2039 usque
1988 1941 2079 2015 ad
2109 1941 2330 2017 finem
2362 1939 2531 2015 belli
2570 1965 2586 2014 ε
2626 1965 2751 2014 rex
2784 1936 3085 2014 habebit
3114 1936 3407 2012 continuo
3507 1935 3508 1938 ’

799 2061 1163 2141 Florentie
1208 2064 1391 2141 duos
1426 2049 1752 2148 oratores
1800 2090 1969 2142 suos
2020 2075 2091 2143 et
2139 2067 2289 2144 vice
2338 2090 2549 2144 versa
2596 2064 2997 2141 Florentini
3051 2064 3223 2139 duos
3262 2059 3409 2159 apud

799 2211 1048 2289 regem
1091 2192 1182 2268 de
1230 2192 1448 2267 rebus
1491 2192 1766 2270 bellicis
1805 2195 2357 2270 occurrentibus
2410 2199 2663 2268 mutuo
2698 2198 3168 2280 tractaturos3
3197 2188 3339 2263 Pisa
3358 2193 3409 2260 et

800 2318 1194 2394 Liburnum
1225 2325 1438 2396 erunt
1468 2318 1542 2393 in
1567 2326 1927 2418 potestate
1961 2318 2152 2418 regis
2185 2343 2413 2418 usque
2436 2320 2526 2395 ad
2550 2319 2769 2396 finem
2800 2316 2971 2393 belli
3010 2343 3027 2393 ε
3061 2313 3410 2392 differentie
3507 2373 3508 2430 3

797 2443 989 2521 inter
1013 2447 1416 2523 Januenses
1457 2454 1528 2521 et
1573 2446 2033 2523 Florentinos
2086 2446 2473 2523 occasione
2514 2449 2725 2522 Petre
2772 2447 3065 2535 Sancte,
3102 2446 3409 2518 Sarzanne
3507 2473 3508 2556 ἐ

799 2577 871 2647 et
897 2568 1123 2647 Castri
1153 2571 1358 2664 Novi,
1404 2572 1711 2648 remisse
1751 2579 1918 2648 sunt
1966 2570 2197 2648 eidem
2232 2574 2387 2672 regi
2417 2573 2568 2672 qui,
2603 2579 2683 2649 ut
2711 2595 3089 2650 accessum
3122 2591 3313 2645 suum
3344 2565 3413 2640 ad

799 2697 1068 2771 Urbem
1113 2696 1208 2796 (1)
1249 2697 1692 2792 honestaret,
1741 2700 1859 2774 his
1910 2700 2167 2775 diebus
2210 2700 2571 2775 Florentie
2620 2699 2939 2777 decrevit
2995 2706 3069 2776 et
3113 2691 3413 2797 publicari
3507 2729 3508 2772 ;

801 2819 977 2898 fecit
1008 2830 1344 2922 patentes
1381 2824 1626 2901 literas
1658 2827 1793 2901 sub
1824 2826 2241 2926 hujusmodi
2273 2833 2526 2903 tenore
2560 2855 2575 2901 ε

898 2951 1192 3026 Carolus
1232 2949 1362 3028 Dei
1410 2953 1665 3051 gratia,
1715 2954 2155 3028 Francorum
2198 2975 2352 3045 rex,
2406 2951 2756 3027 universis
2807 2950 3073 3026 Christi
3132 2945 3415 3024 fidelibus
3507 2991 3508 3060 3

793 3084 1171 3176 presentes
1209 3077 1454 3154 literas
1502 3078 1935 3178 inspecturis
1991 3079 2227 3154 zelum
2278 3079 2633 3156 catholice
2682 3077 2851 3154 fidei
2906 3083 2977 3152 et
3036 3076 3318 3167 salutem
3362 3072 3415 3144 in
3507 3063 3508 3098 ³

796 3197 1103 3278 Domino
1137 3205 1693 3302 sempiternam:
3507 3293 3508 3308 Ν

893 3329 1450 3406 considerantes
1473 3331 1817 3408 attentius
1840 3337 1913 3408 et
1932 3331 2119 3406 intra
2139 3337 2384 3406 nostre
2408 3329 2671 3407 mentis
2696 3351 2960 3406 arcana
2984 3343 3415 3427 sepenumero
3507 3313 3508 3348 ³

796 3455 1244 3532 revolventes
1276 3453 1827 3534 innumerabilia
1860 3458 2121 3533 damna
2153 3465 2228 3533 et
2256 3457 2745 3546 incommoda,
2785 3455 3034 3546 cedeS‚
3076 3461 3332 3551 strages
3362 3451 3417 3518 et
3507 3457 3508 3466 ’

797 3581 1434 3658 innumerabilium
1464 3583 1834 3658 civitatum
1867 3591 1939 3658 et
1966 3583 2289 3659 fidelium
2341 3583 2779 3683 populorum
2809 3581 3318 3656 desolationem
3364 3575 3419 3643 et

799 3704 1364 3783 devastationem
1397 3715 1470 3783 et
1497 3710 1810 3808 plurima
1844 3711 1983 3785 alia
2010 3711 2585 3786 horrendissima
2620 3709 2943 3786 facinora
2970 3731 3115 3806 que
3158 3699 3421 3803 spurcis·

800 3831 961 3905 simi
992 3834 1203 3909 Turci
1237 3835 1664 3934 sanguinem
1693 3835 2167 3913 christianum
2198 3837 2646 3913 incessanter
2675 3836 3160 3912 debaccantes
3184 3856 3227 3906 a
3250 3823 3420 3926 quin·

799 3949 1144 4059 quaginta
1185 3962 1392 4037 annis
1433 3963 1636 4054 citra,
1689 3971 1766 4041 ut
1817 3987 1861 4038 a
1903 3963 2299 4062 majoribus
2348 3962 2617 4038 nostris
2664 3961 2994 4061 profecto
3040 3959 3181 4034 fide
3228 3947 3421 4049 dignis

796 4087 1205 4181 didicimus,
1231 4098 1742 4187 perpetrarunt
1773 4117 1789 4166 ε
1828 4091 2351 4189 cupientesque
2384 4113 2586 4164 more
2609 4087 3158 4188 progenitorum
3187 4084 3423 4155 nostro-

797 4235 960 4286 rum
1003 4216 1446 4289 Francorum
1490 4238 1746 4314 regum
1793 4217 2564 4292 christianissimorum
2620 4215 2837 4290 tantis
2902 4207 3287 4288 sceleribus
3324 4196 3419 4297 qui

800 4335 934 4437 ipsi
957 4339 1215 4437 perfidi
1245 4342 1456 4417 Turci
1487 4343 1818 4440 religioni
1843 4343 2235 4420 christiane
2267 4343 2613 4426 continuo
2645 4341 3012 4416 minantur
3035 4362 3169 4438 pro
3197 4326 3423 4409 viribus

797 4488 1182 4542 occurrere
1219 4491 1304 4542 ac
1345 4491 1597 4543 eorum
1632 4451 2073 4544 sitibundam
2103 4469 2381 4546 rabiem
2416 4467 2581 4544 totis
2622 4465 3001 4542 conatibus
3032 4461 3417 4561 reprimere,

798 4601 1180 4690 postquam
1205 4594 1476 4693 placuit
1496 4596 1863 4673 Altissimo
1881 4595 1955 4672 in
1984 4621 2209 4698 regno
2236 4604 2304 4674 et
2327 4595 2667 4672 dominiis
2690 4592 2954 4668 nostris
2980 4613 3181 4666 suam
3207 4599 3421 4688 pacem

800 4740 1074 4813 ponere
1101 4725 1175 4793 et
1203 4719 1328 4794 illa
1353 4724 1863 4822 tranquillitate
1894 4725 2133 4824 potiri,
2152 4722 2663 4823 proposuimus
2690 4743 2819 4819 pro
2843 4713 3253 4817 repellendo
3276 4712 3425 4783 Tur-

875 4971 921 5035 l.
964 4977 1073 5034 Sur
1119 4995 1180 5035 ce
1219 4977 1376 5038 traite
1415 4998 1548 5039 avec
1594 4981 1875 5053 Florence,
1922 4980 2015 5056 qui
2062 4981 2144 5038 sut
2180 4977 2371 5038 conclu
2416 4977 2467 5036 le
2504 4978 2575 5035 25
2612 4973 2925 5046 novembre,
2972 4989 3095 5048 voy.
3128 4961 3422 5046 Desjardins

795 5057 1076 5138 Neqociac.
1118 5071 1261 5143 dipl.
1295 5072 1360 5128 de
1397 5073 1452 5126 la
1489 5074 1691 5130 Franco
1730 5089 1857 5130 avec
1895 5069 1949 5128 la
1992 5073 2245 5136 Toscane,
2281 5076 2319 5128 t.
2363 5069 2407 5140 Ι,
2437 5087 2493 5143 p.
2536 5067 2669 5136 6013
2704 5064 2737 5122 il
2768 5083 2802 5122 a
2829 5069 2916 5123 ete
2956 5063 3139 5138 publie
3176 5053 3421 5118 textuelle-

797 5164 949 5246 ment
977 5175 1074 5232 par
1105 5159 1244 5217 Gino
1275 5159 1516 5235 Capponi
1548 5161 1688 5218 dans
1730 5161 2008 5219 l'archivto
2045 5162 2254 5218 Storico
2286 5161 2541 5228 italiam,
2571 5163 2613 5215 t.
2652 5154 2693 5226 Ι,
2726 5174 2781 5230 p.
2814 5155 3046 5212 362·366
3076 5159 3131 5212 et
3166 5155 3249 5209 est
3280 5141 3423 5204 donn&

803 5249 836 5302 a
864 5245 1027 5323 l’app.
1062 5261 1125 5306 n⁰
1145 5252 1233 5308 25.
