3625 6059
228 558 369 618 [suin
398 559 543 621 ¹496]
886 558 1141 615 RERUM
1187 556 1643 616 URBANARUM
1690 558 2216 617 COMMENTARH.
2783 566 2889 621 289
2972 628 2976 633 ,

232 711 417 785 inter
438 716 783 806 utrosque
804 710 879 783 id
903 710 1455 799 observandum,
1472 710 1806 786 videlicet
1829 712 2026 809 quod
2054 712 2381 788 advocati
2413 718 2486 787 et
2515 717 2886 790 secretarii

235 832 373 907 bini
406 844 481 907 et
502 833 655 907 bini
686 834 1133 923 incederent,
1180 834 1515 908 videlicet
1558 837 1990 911 secretarius
2021 861 2188 911 cum
2221 838 2504 913 seniore
2533 838 2887 913 advocato

235 966 301 1033 et
346 982 435 1031 ex
482 958 593 1031 eis
652 958 771 1032 ille
835 982 879 1031 a
920 958 1191 1033 dextris
1234 961 1355 1056 qui
1416 960 1615 1057 prior
1666 968 1860 1035 esset
1908 961 1980 1034 in
2039 985 2170 1036 suo
2220 962 2463 1037 officio
2521 970 2880 1061 receptuS,

232 1090 385 1181 post
415 1106 547 1156 eos
608 1083 725 1155 alii
766 1082 1119 1174 seniores,
1179 1090 1325 1157 tum
1358 1084 1477 1157 alii
1512 1106 1642 1157 suo
1690 1084 1981 1174 ordine;
2017 1086 2093 1159 id
2135 1086 2355 1161 etiam
2387 1088 2476 1161 de
2521 1088 2885 1185 magistris

228 1208 699 1305 registrorum
769 1207 1103 1282 videlicet
1168 1210 1413 1283 senior
1484 1210 1830 1306 magister
1909 1212 2193 1309 registri
2273 1212 2633 1286 bullarum
2719 1236 2886 1287 cum

230 1332 507 1407 seniore
562 1333 917 1430 magistro
967 1334 1255 1430 registri
1296 1333 1932 1431 supplicationum,
1979 1344 2050 1411 et
2092 1360 2136 1410 a
2169 1337 2438 1411 dextris
2477 1338 2596 1413 ille
2653 1362 2744 1413 ex
2781 1338 2885 1412 eis

229 1457 338 1552 qui
380 1467 581 1532 esset
626 1460 700 1532 in
746 1481 879 1532 suo
929 1459 1171 1533 ot'ficio
1223 1460 1423 1555 prior
1478 1468 1847 1556 receptus;
1897 1469 2051 1535 tum
2104 1462 2223 1535 alii
2273 1461 2416 1536 duo
2465 1470 2880 1560 sequentes,

232 1582 383 1655 inde
415 1583 567 1657 alii.
1574 1672 1581 1677 .

320 1712 403 1783 Et
430 1708 555 1782 hic
594 1708 773 1783 ordo
812 1708 943 1783 fuit
974 1709 1063 1783 de
1096 1708 1437 1784 mandato
1464 1711 1665 1785 ami.
1690 1716 1777 1785 D.
1806 1710 2192 1785 cardinalis
2223 1714 2599 1788 camerarii
2639 1716 2885 1791 obser-

240 1840 460 1906 vatus.
512 1834 1161 1907 Rescribendarius
1208 1835 1343 1910 fuit
1394 1835 1583 1909 inter
1628 1838 2021 1934 scriptores
2069 1837 2145 1908 in
2189 1836 2404 1933 plano
2457 1846 2530 1913 et
2572 1840 2882 1936 digniori

232 1958 383 2031 loco
414 1968 485 2031 et
520 1983 675 2032 non
706 1982 874 2032 cum
904 1958 1521 2035 abbreviatoribus
1560 1962 1649 2035 de
1680 1984 1899 2059 parco
1937 1962 2226 2059 majori,
2272 1962 2484 2060 idque
2530 1964 2883 2061 superiori

230 2108 405 2159 anno
458 2084 601 2158 fuit
666 2084 1129 2159 observatum
1186 2108 1318 2183 pro
1368 2108 1456 2161 eo
1526 2087 1722 2183 quod
1769 2086 1910 2183 ipsi
1971 2086 2506 2163 abbreviatores
2559 2088 2885 2164 dicerent

230 2208 454 2283 locum
512 2209 710 2283 inter
756 2232 883 2284 eos
930 2232 1079 2283 non
1131 2210 1381 2285 deberi
1434 2210 1595 2300 sibi,
1650 2233 1739 2285 ex
1784 2233 1874 2285 eo
1924 2210 2119 2307 quod
2161 2234 2304 2285 non
2351 2220 2546 2287 esset
2586 2236 2716 2310 per
2757 2238 2884 2289 eos

239 2335 847 2410 rescribendarius
907 2334 1181 2409 electus
1240 2335 1350 2411 vel
1418 2336 1856 2427 nominatus,
1910 2337 2120 2433 juxta
2173 2344 2387 2433 pacta
2440 2337 2629 2411 inter
2687 2338 2885 2434 ipsos

238 2459 481 2535 habita.
524 2452 611 2534 In
647 2458 791 2535 fine
830 2462 1079 2551 misse,
1116 2465 1311 2558 Papa
1343 2460 1547 2535 dedis
1579 2460 1938 2558 plenarias
1991 2460 2478 2559 indulgentias
2508 2485 2688 2559 quas
2715 2485 2885 2561 pro-

240 2586 583 2661 nunciavit
614 2585 1001 2659 cardinalis
1053 2586 1443 2661 Perusinus
1474 2584 1968 2659 celebraturus
2005 2608 2020 2656 ε
2053 2583 2193 2657 alia
2232 2584 2480 2659 omnia
2509 2586 2887 2661 observata

242 2717 386 2783 sunt
418 2734 627 2786 more
660 2711 897 2786 solito.

326 2840 473 2910 Non
508 2836 850 2911 adnotavi
893 2837 1015 2933 qui
1056 2835 1407 2911 officiales
1449 2837 1719 2911 fuerint
1748 2835 2090 2909 absentes
2131 2833 2243 2907 vel
2271 2840 2678 2930 presentes,
2719 2835 2888 2930 quia

246 2960 581 3058 capellani
642 2966 716 3035 et
766 2960 1145 3050 officiales,
1202 2961 1515 3058 demptis
1575 2960 2186 3051 sollicitatoribus,
2225 2982 2372 3033 non
2431 2958 2886 3055 assignarunt

246 3088 425 3161 Rmo.
484 3092 577 3162 D.
641 3086 1043 3160 camerario
1094 3084 1439 3159 cardinali
1472 3107 1725 3160 eorum
1778 3086 2102 3173 nomina,
2155 3091 2371 3181 prout
2421 3082 2597 3180 ipsis
2655 3082 2887 3157 suerat

244 3210 669 3288 mandatum.

322 3334 517 3409 Feria
548 3342 831 3430 quarta,
878 3340 963 3409 15
994 3336 1209 3433 junii,
1242 3336 1505 3410 festum
1538 3333 2166 3409 sanctissimorum
2204 3340 2602 3432 martyrum
2631 3332 2776 3409 Viti
2811 3340 2882 3408 et

246 3456 548 3549 Modesti,
584 3462 669 3532 R.
704 3460 777 3532 in
822 3460 1109 3535 Christo
1149 3465 1227 3534 P.
1268 3464 1354 3533 D.
1402 3460 1788 3556 episcopus
1826 3458 2458 3557 Balneoregiensis
2491 3458 2884 3534 celebravit

247 3582 515 3656 missam
561 3584 967 3660 solemnem
1008 3586 1083 3659 in
1132 3585 1444 3659 ecclesia
1491 3584 1852 3658 dictorum
1905 3593 2348 3678 sanctorum,
2399 3586 2604 3659 titulo
2647 3586 2881 3660 cardi-

248 3710 501 3787 natatus
531 3714 721 3787 Rmi.
759 3717 845 3789 D.
880 3712 1195 3801 Ascanii,
1240 3708 1817 3785 vicecancellarii
1862 3736 1877 3783 :
1915 3710 2092 3785 dixit
2127 3709 2370 3785 Gloria
2417 3714 2493 3785 in
2521 3714 2874 3805 Excelsis,

254 3831 477 3927 Cred0‚
506 3862 728 3914 unam
756 3837 1157 3913 orationem
1192 3842 1507 3925 tantum;
1540 3843 1612 3911 et
1633 3836 1880 3912 omnia
1903 3834 2044 3909 alia
2074 3836 2450 3911 observata
2479 3844 2644 3913 sunt
2675 3862 2879 3912 more

253 3958 457 4036 solitu.
482 3964 757 4038 Eodem
786 3962 1100 4037 Ascanio
1133 3970 1203 4037 et
1224 3961 1644 4058 quindecim
1675 3960 1835 4033 aliis
1867 3960 2352 4036 cardinalibus
2383 3963 2874 4059 presentibus,

252 4083 547 4163 videlicet
574 4088 1503 4187 Neapolitano,Parmensi,
1544 4089 2078 4175 Beneventano,
2103 4110 2170 4157 sa
2199 4085 2568 4177 Praxedis,
2607 4110 2666 4159 s.
2705 4085 2878 4160 Dio-

256 4210 437 4305 nysii,
475 4214 991 4305 Alexandrian,
1036 4238 1095 4287 s.
1133 4214 1409 4302 Crucis,
1454 4211 1988 4309 Segobricensi‚
2025 4210 2404 4301 Perusino,
2445 4211 2873 4302 camerariO,

252 4332 629 4429 Valentino,
682 4339 1057 4428 Cesarin0,
1112 4340 1483 4429 GrimanO,
1551 4338 1894 4411 Farnesio
1936 4344 2010 4409 et
2061 4336 2152 4410 de
2228 4336 2502 4409 Lunate
2565 4358 2876 4431 quorum

254 4459 519 4551 quilibet
544 4464 617 4537 in
661 4464 806 4539 fine
856 4464 1077 4537 misse
1134 4464 1329 4538 dedit
1370 4462 1856 4559 indulgentias
1905 4466 2198 4537 centum
2239 4459 2524 4535 dierum
2567 4460 2878 4536 interes-

257 4586 571 4680 sentibus,
600 4612 777 4686 quas
808 4588 1199 4687 publicavit
1228 4588 1631 4663 celebrans.

334 4710 525 4787 Feria
554 4722 779 4803 sexta,
822 4719 905 4785 17
930 4712 1145 4813 junii,
1182 4714 1377 4787 circa
1412 4713 1671 4787 horam
1704 4718 1825 4804 22,
1865 4712 2058 4787 venit
2096 4712 2189 4785 ad
2229 4712 2496 4785 Urbem
2535 4732 2880 4787 veneran-

261 4828 371 4905 dus
396 4838 476 4909 D.
502 4840 853 4913 Robertus
884 4838 1461 4913 Scherbonensis
1482 4838 2038 4913 archidiaconus
2061 4837 2609 4935 Bochinganne,
2643 4860 2880 4913 secre-

268 4958 453 5032 tarius
496 4986 511 5035 :
559 4962 1018 5039 illustrissimi
1050 4964 1341 5037 Henrici
1383 4964 1784 5060 Anglorum
1823 4962 2058 5059 regis,
2109 4969 2355 5036 orator
2406 4962 2736 5060 ejusdem
2786 4964 2879 5038 ad

268 5079 370 5153 SS.
402 5086 480 5157 D.
516 5094 833 5162 nostrum
866 5088 1290 5178 destinatus,
1317 5088 1438 5185 qui
1471 5088 1606 5162 fuit
1639 5087 1727 5160 ad
1756 5088 2174 5162 instantiam
2209 5087 2394 5161 Rmi.
2435 5090 2519 5161 D.
2553 5088 2876 5163 cardina-

266 5196 338 5272 lis
362 5208 701 5303 Senensis,
730 5212 1159 5312 protectoris
1190 5213 1379 5288 illius
1403 5212 1631 5311 regni,
1663 5236 1704 5287 a
1735 5212 2024 5287 familiis
2056 5212 2524 5287 cardinalium
2553 5213 2875 5287 omnium

518 5380 561 5417 τ.
593 5382 643 5420 11.
2101 5404 2118 5418 .
2535 5362 2600 5417 19
