3625 6059
244 578 523 643 [Decembre
554 575 687 639 1495]
868 572 1122 630 RERUM
1170 570 1625 631 URBANARUM
1672 572 2197 655 COMMENTARII.
2553 578 2561 585 '
2761 578 2867 633 257

246 743 343 804 tw·
380 742 442 803 et
482 730 711 825 qratia
746 728 1031 825 pietatis
1066 739 1187 800 tue
1231 726 1614 817 elidantur,
1678 737 2034 824 quatenus
2061 726 2280 799 nullis
2339 728 2868 801 adversitatibus

242 857 367 945 lesi,
414 854 535 929 sed
566 852 651 927 de
691 854 885 927 omni
918 854 1367 927 tribulatione
1418 863 1488 925 et
1518 852 1858 949 anqustia
1889 852 2129 948 erepti,
2165 852 2286 925 leti
2316 852 2390 925 in
2421 853 2708 927 ecclesia
2744 866 2866 925 tua

240 982 475 1077 ¹qratias
502 981 925 1078 reseramus.

318 1106 453 1179 Per
484 1104 845 1177 Christum
876 1103 979 1177 D.
1006 1103 1381 1193 Nostram,
1422 1116 1550 1177 etc.

316 1234 589 1327 Incepta
658 1227 927 1303 letania
990 1252 1225 1326 usque
1308 1229 1401 1304 ad
1477 1228 1701 1303 finem
1772 1228 2121 1301 orationis
2187 1231 2537 1325 predicte,
2607 1256 2862 1307 omnes

238 1354 627 1441 cardinaleS,
689 1353 971 1452 prelati,
1036 1362 1109 1429 et
1162 1355 1281 1428 alii
1349 1355 1421 1429 in
1490 1378 1743 1430 eorum
1813 1355 2020 1446 lociS‚
2105 1355 2410 1432 detectis
2480 1361 2862 1458 capitibus,

238 1481 489 1555 suerunt
516 1480 907 1579 genuflexi,
956 1481 1335 1555 celebrans
1371 1481 1587 1555 etiam
1628 1487 1795 1556 ante
1845 1480 2241 1555 scabellum
2287 1492 2482 1559 retro
2531 1486 2622 1559 ad
2661 1485 2867 1559 sinis-

239 1616 391 1681 tram
446 1606 809 1706 pontificis
855 1607 1127 1680 nudum
1186 1605 1319 1680 sibi
1374 1616 1705 1704 paratum
1758 1606 2094 1681 omnibus
2155 1611 2596 1704 paramentis
2647 1611 2866 1685 etiam

238 1733 487 1831 planeta
514 1738 839 1830 paratuS,
873 1732 1003 1807 fuit
1034 1719 1486 1830 genuflexus.

314 1857 541 1933 Finitis
584 1858 923 1933 omnibus
950 1858 1322 1955 predictiS‚
1368 1868 1838 1935 surrexerunt
1874 1885 2157 1951 omnes,
2195 1868 2270 1935 et
2304 1862 2619 1937 dimissis
2649 1888 2862 1961 para-

238 1983 911 2074 mentiS,cardinalos
940 1982 1013 2056 in
1040 1984 1219 2058 locis
1250 2006 1501 2059 eorum
1534 1990 1605 2059 et
1634 1986 1890 2085 prelati
1911 1993 2112 2061 extra
2137 1988 2490 2085 capellam
2522 1990 2865 2064 solemni-

239 2116 349 2199 ter,
365 2109 789 2185 etofficiales
802 2108 1327 2207 superpelliciis
1340 2110 1679 2201 dimissiS‚
1700 2122 2142 2210 acceperunt
2167 2136 2434 2212 cappas
2451 2122 2858 2190 consuetas,

239 2236 489 2311 luten-im
532 2239 729 2334 Papa
777 2234 956 2310 dixit
1004 2234 1539 2327 confessionem
1574 2258 1739 2312 cum
1785 2238 2134 2312 cardinali
2182 2239 2667 2315 Alexandrino
2699 2240 2868 2314 mis-

242 2384 367 2435 sam
382 2362 852 2451 celebraturo,
876 2361 1290 2436 cantoribus
1313 2363 1687 2437 introitum
1704 2364 2138 2453 dicentibus3
2162 2372 2234 2439 et
2252 2366 2392 2440 alia
2405 2388 2607 2438 more
2623 2364 2859 2439 solito.

316 2486 491 2561 ldem
530 2486 923 2561 cardinalis
950 2484 1475 2560 Alexandrinus
1510 2511 1653 2561 non
1685 2488 1882 2563 venit
1912 2487 2005 2562 ad
2028 2491 2572 2587 processionem
2605 2489 2736 2565 sed
2775 2513 2865 2565 ex

242 2632 491 2687 camera
518 2636 647 2687 sua
686 2612 1065 2689 descendit
1102 2611 1193 2684 ad
1230 2611 1499 2687 dictam
1542 2612 1916 2688 basilicam
1963 2614 2378 2689 missalibus
2425 2614 2868 2715 paramentis

244 2758 305 2808 se
328 2761 731 2837 preparans.
770 2741 1065 2835 incepta
1110 2739 1358 2827 missa,
1416 2740 1682 2838 incepit
1729 2742 1978 2815 venire
2023 2742 2396 2838 processio
2446 2741 2620 2817 cleri
2657 2740 2866 2816 Urbis

244 2870 299 2933 et
332 2863 711 2959 permansit
774 2863 848 2937 in
912 2863 1107 2937 dicta
1149 2864 1447 2939 basilica
1493 2890 1722 2962 usque
1780 2867 1874 2941 ad
1931 2868 2152 2940 finem
2185 2865 2416 2947 ‚misse
2449 2865 2539 2937 de
2573 2864 2868 2962 speciali

243 2988 537 3066 mandato
584 2995 783 3087 Pape
842 2988 949 3064 eis
992 3012 1125 3087 per
1160 3013 1280 3064 me
1324 3013 1546 3086 super
1582 2990 1723 3065 hoc
1773 2992 2001 3080 factm
2046 2992 2213 3065 dicti
2255 2998 2592 3063 cantores
2639 2988 2864 3063 nostri

241 3135 359 3186 non
394 3121 739 3189 venerunt
779 3114 851 3188 in
898 3114 1367 3213 processione
1420 3124 1696 3207 nostra,
1764 3138 2004 3213 neque
2053 3117 2126 3189 in
2174 3140 2261 3189 ea
2290 3115 2674 3212 aliquando
2733 3114 2870 3187 fuit

242 3247 590 3332 cantatum,
652 3241 879 3315 etiam
940 3262 1108 3316 mea
1172 3239 1717 3331 inadvertentia,
1786 3242 1982 3337 quia,
2050 3264 2216 3315 meo
2267 3240 2570 3337 judicic,
2633 3240 2864 3337 magis

243 3367 650 3442 convenisset
678 3368 961 3464 aliquas
992 3367 1427 3466 antiphonas
1464 3368 1609 3442 sive
1646 3391 1898 3443 versus
1957 3376 2445 3467 congruentes
2492 3374 2859 3455 cantasse;

244 3490 404 3563 socio
450 3516 609 3569 meo
664 3494 1051 3568 videbatur
1102 3493 1296 3590 quod
1344 3494 1723 3568 celebrans
1783 3494 2084 3569 deberet
2153 3518 2316 3569 esse
2366 3494 2437 3567 in
2481 3493 2869 3567 dalmatica

242 3610 357 3686 sive
382 3615 685 3711 planeta,
744 3618 917 3691 dum
964 3618 1233 3694 letania
1276 3619 1662 3709 diceretur,
1700 3620 1791 3693 ad
1837 3620 2064 3694 instat·
2107 3619 2382 3693 sabbati
2416 3619 2686 3709 sancti;
2743 3619 2857 3692 cui

244 3741 533 3835 respondi
572 3745 647 3818 id
685 3767 837 3819 non
866 3744 1253 3819 convenire
1302 3744 1433 3819 sed
1471 3745 1572 3819 illi
1616 3751 1924 3833 tantum,
1959 3746 2205 3842 sicque
2233 3743 2632 3843 gerendum
2664 3766 2854 3818 esse.

244 3862 367 3935 Non
394 3864 513 3940 fuit
542 3890 815 3942 set-mc.
850 3867 1010 3941 Alia
1039 3867 1286 3941 omnia
1314 3866 1695 3943 observata
1716 3876 1879 3943 sunt
1911 3890 2116 3943 more
2147 3869 2386 3942 solito.

316 3987 527 4064 Finita
564 3992 817 4083 missa,
864 3995 1059 4090 Papa
1098 3991 1297 4079 dedit
1352 3992 1941 4068 benedictionem
2007 4003 2077 4067 et
2118 3992 2631 4090 indulgentiaS‚
2681 4016 2860 4089 quas

245 4110 578 4204 publicavit
623 4117 1003 4193 celebrans
1047 4117 1169 4215 qui
1218 4118 1399 4192 dixit
1428 4119 1501 4192 in
1548 4119 1775 4193 missa
1801 4124 2111 4217 quatuor
2158 4118 2522 4193 orationes
2553 4116 2800 4193 solitas
2840 4142 2854 4192 :

248 4236 506 4329 primam
550 4241 638 4318 de
686 4243 1075 4333 dominica,
1136 4246 1529 4320 secundam
1583 4246 1787 4319 Deus
1845 4247 1970 4343 qai
2026 4246 2216 4318 beate
2262 4243 2524 4332 Maria,
2574 4243 2862 4318 tertiam

248 4370 457 4439 contra
480 4390 827 4465 pagatim,
862 4377 1221 4467 quartam,
1258 4394 1389 4468 pro
1424 4375 1641 4471 Papa.

323 4491 681 4569 Publicatis
722 4495 1219 4594 indulgentii8‚
1252 4521 1438 4596 papa
1471 4500 1664 4573 venit
1694 4522 1826 4597 per
1854 4522 2112 4573 navem
2169 4496 2401 4571 vultus
2435 4494 2663 4568 sancti
2704 4493 2854 4588 qui,

249 4610 455 4693 lancee
477 4621 667 4696 ferro
698 4630 811 4697 ter
852 4628 1175 4714 ostenso,
1220 4628 1293 4697 et
1323 4623 1457 4697 fuit
1511 4630 1623 4698 ter
1652 4633 1987 4699 ostensus
2025 4649 2040 4697 ε
2078 4623 2209 4696 fuit
2254 4621 2472 4695 «stiam
2531 4624 2860 4718 paratum

252 4739 741 4823 tabernaculum
778 4748 1035 4845 capitis
1088 4749 1317 4822 sancti
1361 4750 1677 4841 Andree,
1730 4751 1858 4825 sed
1901 4772 2090 4847 papa
2117 4746 2347 4821 noluit
2377 4744 2572 4843 quod
2619 4748 2860 4819 osten-

253 4859 525 4943 deretun
550 4873 727 4949 Viso
764 4873 961 4947 vultu
993 4872 1307 4965 Domini,
1346 4898 1533 4972 papa
1575 4875 1902 4950 ascendit
1933 4874 2023 4948 ad
2048 4872 2422 4971 palatium,
2472 4870 2860 4944 licentiatis

258 4988 361 5061 sub
389 4998 649 5091 porticu
679 4998 1187 5074 cardinalibus».

324 5116 533 5196 Tenor
556 5125 751 5199 bulle
778 5125 1069 5201 ltcentie
1094 5124 1537 5213 celebrandi,
1574 5124 1910 5197 columne
1943 5124 2186 5199 altaris
2219 5124 2514 5222 maj0ris
2543 5121 2849 5221 predicti

264 5255 557 5339 appense,
587 5250 751 5326 talis
782 5258 889 5327 est
928 5279 942 5324 :

500 5414 544 5455 τ.
584 5420 637 5458 u.
2483 5404 2545 5458 17
