3625 6059
254 567 401 629 [Aout
418 567 557 629 ΗΝ]
901 566 1157 625 RERUM
1205 566 1661 628 URBANARUM
1708 569 2233 659 COMMENTARIl.
2800 578 2910 635 295

254 720 485 795 dicens
519 743 535 791 ε
570 718 767 793 Ecce
790 719 858 792 A
868 744 1059 817 quus
1084 720 1253 812 Dei,
1290 733 1455 813 etc„
1488 720 1924 797 breviarium
1955 746 2016 797 s.
2054 722 2446 814 Francisci,
2481 725 2724 823 imago
2755 730 2908 803 Sal-

251 848 495 923 vatoris
516 848 1009 946 pulcherrime
1034 848 1229 946 picta
1248 872 1389 946 que
1422 850 1557 946 ipsi
1580 876 1640 923 s.
1668 850 2056 926 Francisco
2075 850 2321 925 locuta
2345 860 2486 943 est,
2511 854 2600 927 de
2627 855 2904 953 capillis

250 974 443 1051 beate
472 975 697 1049 Marie
724 974 1183 1071 Magdalcne,
1216 983 1290 1049 et
1315 974 1539 1048 multe
1572 976 1711 1050 alie
1744 976 2071 1073 reliquie.
2109 980 2188 1051 In
2219 978 2415 1053 dicta
2445 978 2758 1055 ecclesia
2788 988 2900 1057 est

250 1100 449 1175 etiam
496 1122 643 1172 una
689 1100 953 1175 tabella
990 1100 1079 1175 de
1122 1101 1333 1175 litera
1368 1125 1493 1175 seu
1538 1101 1896 1199 scriptura
1939 1126 2198 1177 manus
2239 1104 2531 1201 proprie
2572 1127 2632 1176 s.
2679 1106 2902 1178 Fran-

248 1224 403 1301 cisci
433 1247 649 1321 quam
684 1224 969 1322 scripsit
1008 1225 1081 1299 in
1122 1224 1441 1299 favorem
1480 1225 1695 1299 unius
1736 1225 1974 1299 fratris
2003 1226 2114 1299 sui
2147 1226 2421 1300 ordinis
2453 1227 2576 1324 qui
2608 1228 2902 1303 stimulo

248 1351 467 1425 carnis
492 1350 886 1447 plurimum
913 1353 1309 1425 vexabatur
1336 1358 1409 1425 et
1440 1351 1801 1448 scriptura
1827 1351 2098 1442 habita,
2135 1351 2578 1427 confortatus
2605 1364 2741 1429 est.

334 1476 669 1566 Sabbato‚
719 1481 763 1551 6
803 1477 1114 1573 augusti,
1169 1484 1335 1550 ante
1374 1477 1633 1551 horam
1676 1477 1984 1573 prandii,
2035 1477 2316 1574 legatus
2355 1478 2558 1552 venit
2599 1479 2900 1555 Gallium

250 1601 357 1675 uhi
410 1601 1045 1700 processionaliter
1084 1612 1427 1701 receptus
1460 1609 1599 1689 est,
1644 1601 1911 1677 vicario
1961 1602 2283 1700 episcopi
2331 1601 2650 1679 officium
2687 1628 2902 1703 pera·-

251 1732 473 1823 gente,
494 1726 841 1824 episcopo
868 1725 1198 1801 absente.
1220 1726 1597 1803 osculatus
1618 1734 1731 1802 est
1746 1728 1880 1803 sub
1901 1736 2112 1825 porta
2129 1751 2420 1803 crucem
2443 1730 2896 1827 genuflexus,

252 1857 315 1925 et
350 1858 646 1948 accepto
690 1850 1037 1924 mantello
1072 1858 1426 1925 consueto
1468 1850 1797 1925 ascendit
1841 1850 2139 1941 mulam,
2183 1858 2257 1927 et
2294 1853 2431 1925 sub
2469 1852 2900 1932 baldachino

250 1977 427 2073 quod
477 1976 666 2051 cives
720 1982 1103 2073 portarunt
1156 1977 1353 2051 venit
1404 1975 1495 2051 ad
1542 1975 1932 2052 ecclesiam
1995 1976 2490 2052 cathedralem
2549 1978 2672 2053 ubi
2723 1979 2902 2055 dixit

248 2102 631 2177 orationem
674 2101 767 2177 de
809 2110 1063 2176 sancto
1100 2103 1477 2192 Gerontio,
1535 2102 1909 2200 episcopo,
1941 2110 2250 2199 patrono
2297 2103 2634 2180 ecclesie.
2673 2108 2902 2181 Bene-

249 2228 407 2301 dixit
436 2234 635 2302 stans
668 2232 747 2301 ut
776 2228 851 2301 in
870 2226 1185 2302 ecclesia
1197 2227 1743 2319 Assisinatensi,
1762 2234 1838 2302 et
1857 2226 2054 2303 dedit
2079 2227 2566 2327 indulgentias
2588 2229 2898 2304 duorum

248 2375 577 2427 annorum
608 2359 684 2427 et
732 2352 1031 2426 totidem
1078 2350 1739 2451 quadragenarum,
1793 2376 1974 2449 quas
2019 2352 2344 2451 prefatus
2381 2354 2684 2428 vicarius
2727 2378 2898 2453 pro-

250 2478 584 2553 nunciavit
628 2502 645 2550 :
676 2477 817 2554 alia
842 2477 1091 2553 omnia
1108 2499 1310 2552 more
1342 2477 1555 2553 solito
1576 2485 1739 2553 acta
1758 2484 1950 2554 sunt.
1977 2478 2322 2554 Ascendit
2341 2478 2606 2555 deinde
2625 2480 2896 2555 mulam

250 2604 505 2701 legatus
560 2611 633 2678 et
679 2603 1023 2699 equitavit
1068 2602 1161 2677 ad
1205 2602 1550 2700 palatium
1598 2603 1801 2679 ducis
1853 2604 2132 2679 Urbini.
2178 2606 2400 2681 Venit
2441 2604 2724 2680 obviam
2771 2627 2902 2703 per

256 2728 437 2824 plura
462 2728 801 2803 milliaria
830 2733 1031 2803 extra
1060 2727 1393 2819 Gallium,
1422 2736 1695 2819 etcum
1726 2728 1991 2803 deinde
2021 2729 2428 2805 associavit.

340 2856 737 2943 Dominica,
776 2862 813 2927 7
849 2854 1163 2951 augusti,
1204 2854 1487 2951 legatus
1517 2878 1748 2951 cappa
1780 2854 1874 2928 de
1915 2876 2218 2929 rosaceo
2257 2854 2552 2929 indutus
2587 2853 2781 2929 venit
2809 2853 2902 2927 ad

255 2982 609 3057 ecclesiam
638 2979 1097 3069 Calliensem,
1136 2977 1256 3053 ubi
1288 2977 1556 3053 audivit
1598 2979 1898 3052 missam
1939 2979 2292 3077 majorem
2321 3000 2536 3075 quam
2571 2976 2897 3053 celebra-

252 3110 331 3183 vit
354 3110 757 3208 prepositus
800 3107 989 3181 illius
1038 3106 1377 3194 ecclesie,
1430 3107 1507 3179 in
1550 3111 1765 3179 cantu
1810 3101 2388 3177 ministrantibus
2419 3101 2556 3176 sibi
2587 3102 2898 3176 diacono

256 3241 314 3305 et
340 3234 801 3318 subdiacono.
839 3236 1177 3331 LegatuS,
1214 3233 1406 3308 sacta
1435 3230 1763 3306 oratione
1798 3233 1968 3303 ante
1999 3227 2256 3318 altare,
2291 3227 2466 3303 fecit
2493 3226 2898 3303 confessio-

258 3381 403 3433 nem
430 3381 595 3434 cum
634 3358 963 3455 predicto
1004 3358 1489 3448 celebraturo,
1534 3378 1581 3431 a
1615 3355 1926 3429 sinistris
1967 3352 2102 3429 sibi
2143 3360 2424 3429 astante
2455 3353 2792 3444 diacono,
2825 3362 2902 3429 et

260 3485 673 3563 subdiacono
698 3494 895 3564 retro
916 3488 1435 3564 celebrantem.
1468 3482 1904 3571 Genutlexit,
1931 3481 2138 3556 finita
2157 3478 2640 3567 confessione,
2663 3502 2896 3575 usque

258 3610 331 3683 ad
376 3614 769 3689 orationem
812 3638 830 3687 ε
873 3614 1125 3712 Aufer
1182 3636 1225 3685 a
1273 3612 1496 3701 nobit,
1550 3623 1715 3695 etc„
1772 3606 2144 3682 inclusive.
2201 3609 2514 3701 Legatus
2561 3603 2756 3681 venit
2805 3602 2899 3679 ad

258 3736 471 3812 sedem
492 3762 727 3829 suam,
752 3739 1091 3814 videlicet
1113 3737 1434 3834 episcopi
1462 3734 1835 3824 ordinarii,
1863 3756 2010 3808 non
2030 3732 2250 3830 longe
2271 3753 2316 3804 a
2336 3752 2562 3804 cornu
2591 3727 2894 3826 epistole

260 3862 555 3955 positam,
621 3864 869 3962 inepte
928 3864 1126 3954 satis,
1191 3870 1264 3937 et
1320 3864 1395 3935 in
1454 3883 1546 3935 ea
1601 3858 1895 3949 sedens,
1954 3856 2247 3954 respicit
2303 3876 2554 3928 versus
2611 3860 2894 3950 portam

262 3985 697 4085 principalem
728 3989 1067 4080 ecclesie,
1090 3988 1369 4062 habens
1391 3986 1602 4085 juxta
1619 4008 1695 4058 se
1728 4006 1771 4056 a
1799 3981 2072 4057 dextris
2097 3979 2496 4055 scabellum
2517 3999 2650 4075 pro
2670 4000 2896 4074 genu-

270 4106 565 4202 flexione,
620 4114 695 4187 in
740 4138 885 4211 quo
946 4113 1371 4211 genuflexus
1414 4110 1708 4208 respicit
1761 4108 2012 4197 altare,
2057 4106 2252 4203 quod
2298 4102 2633 4177 convenit
2674 4101 2890 4175 male.

270 4235 491 4310 Prelati
529 4238 869 4325 videlicet
912 4236 1442 4337 Fulginatensis
1490 4242 1560 4310 et
1620 4232 2048 4308 Assisiensis
2091 4229 2444 4329 episcopi,
2491 4234 2566 4303 et
2611 4226 2896 4303 medius
3025 4260 3034 4267 ·

269 4356 425 4435 inter
458 4388 576 4441 eos
610 4366 875 4441 Paulus
916 4364 1193 4439 electus
1224 4357 2013 4459 ForosemproniensiS,
2047 4354 2583 4455 protonotarius
2609 4354 2700 4430 de
2709 4406 2891 4444 ......

270 4486 543 4566 Achilles
574 4492 663 4566 de
696 4491 1006 4579 GrassiS,
1044 4488 1329 4563 auditor
1356 4495 1541 4578 rote,
1575 4484 1930 4559 Antonius
1961 4480 2052 4555 de
2085 4479 2474 4571 Leonibus,
2505 4480 2896 4556 advocatus

272 4614 771 4707 consistorialis,
806 4604 1237 4691 Franciscus
1287 4612 1376 4688 de
1419 4614 1703 4700 Parma,
1743 4607 2197 4682 abbreviator
2225 4604 2318 4678 de
2349 4626 2570 4702 parco
2601 4603 2890 4701 majori,

274 4738 331 4805 et
352 4746 499 4831 post
520 4764 647 4817 eos
679 4742 797 4817 alii
837 4740 1189 4839 capellani
1236 4738 1455 4837 legati
1502 4737 1791 4811 stabant
1830 4734 1903 4807 in
1943 4733 2172 4807 choro
2199 4729 2550 4806 laicorum
2581 4728 2892 4803 ordinati

277 4858 349 4930 ad
378 4862 715 4942 sinistram
735 4867 983 4965 legati,
1015 4864 1473 4941 caudatarius
1506 4886 1671 4937 cum
1707 4861 1850 4934 alio
1883 4856 2258 4955 capellano
2289 4854 2363 4928 in
2393 4853 2682 4928 sedibus
2705 4851 2896 4927 infe-

278 4980 545 5064 rioribus
570 4999 737 5067 ante
778 4992 1011 5067 dictos
1060 4992 1243 5067 duos
1287 4990 1698 5087 episcopos,
1746 4991 1820 5060 et
1867 4985 1944 5059 in
1985 4988 2201 5057 terra.
2237 4980 2456 5055 Pater
2491 4977 2804 5053 Sanctus
2831 4990 2904 5051 et

280 5104 507 5203 Aqnus
538 5118 675 5193 Dei
702 5120 1056 5194 dexerunt
1093 5140 1261 5192 cum
1290 5116 1535 5214 legato
1564 5112 1737 5187 dicti
1768 5116 1917 5183 tres
1949 5106 2162 5207 primi
2193 5105 2449 5205 prelati
2485 5113 2559 5179 et
2590 5103 2892 5202 protho-

286 5237 567 5312 notarius
593 5251 664 5317 et
690 5244 979 5318 auditor
1002 5251 1155 5316 rote
1180 5269 1199 5333 3
1233 5248 1475 5316 tamen
1508 5239 1599 5314 de
1628 5237 1779 5311 suis
1803 5235 1986 5310 locis
2015 5255 2164 5307 non
2187 5236 2594 5307 moverunt.
