3625 6059
255 580 580 646 [Decembre
613 583 764 643 1492]
943 580 1198 639 RERUM
1237 578 1690 639 URBANARUM
1735 582 2263 643 COMMENTARII.
2870 592 2931 646 11

257 736 674 812 oratoribus
725 756 978 832 regum
1037 742 1121 811 -et
1176 743 1678 834 potentatuum
1737 739 1812 811 in
1866 738 2056 814 Urbe
2110 740 2616 830 existentibuS‚
2658 746 2933 840 recepti

259 863 592 951 fuerunt,
626 868 700 937 et
736 884 968 957 usque
1015 859 1107 933 ad
1147 860 1446 935 domum
1479 865 1564 936 D.
1603 863 1790 938 Petri
1824 863 1915 937 de
1960 868 2189 939 Roma
2222 866 2414 941 circa
2456 868 2833 943 Porcarios
2864 875 2938 941 et

261 989 691 1077 Minervam,
733 986 810 1058 in
850 1009 995 1081 qua
1031 985 1442 1084 hospitandi
1483 994 1716 1078 erant,
1755 1011 1959 1062 more
2002 989 2211 1063 solito
2253 991 2615 1066 associati.
2653 992 2937 1065 Primus

256 1111 400 1186 ruit
423 1113 614 1187 inter
645 1112 1090 1210 Ragusinum
1116 1120 1188 1185 et
1216 1114 1684 1187 Cusentinum
1707 1114 2295 1213 archiepiscopos
2316 1116 2635 1213 prelatos
2657 1117 2931 1214 palatii,

257 1236 630 1311 secundus
677 1236 873 1311 inter
917 1236 1280 1334 prelatum
1324 1238 1572 1333 palatii
1617 1261 1662 1310 a
1711 1237 1983 1312 dextris
2026 1245 2097 1314 et
2146 1246 2511 1314 oratorem
2560 1242 2861 1315 Francie
2894 1266 2937 1314 a

255 1361 602 1452 sinistriS,
656 1359 870 1435 simili
921 1361 1140 1435 modo
1194 1362 1478 1454 tertius,
1525 1370 1825 1459 quartus
1878 1370 1953 1439 et
2000 1363 2333 1460 quintus;
2377 1372 2731 1439 venerunt
2771 1389 2939 1440 cum

257 1487 624 1584 equitibus
653 1508 738 1559 cc
767 1485 879 1560 vel
911 1486 1107 1560 circa
1146 1491 1218 1559 et
1252 1486 1502 1561 salmis
1535 1488 1907 1585 octoginta
1935 1512 2100 1562 cum
2131 1487 2392 1586 pluvia.

359 1613 484 1685 His
515 1612 768 1685 diebus
808 1614 1056 1684 Rmus.
1095 1616 1183 1686 D.
1227 1612 1612 1686 cardinalis
1645 1613 2163 1711 Neapolitanus
2202 1637 2537 1687 asserens
2580 1614 2935 1689 illustrem

258 1742 350 1812 D.
381 1736 830 1811 Fridericum
861 1736 1308 1809 serenissimi
1343 1738 1774 1811 Ferdinandi
1799 1739 2039 1814 Sicilie
2074 1740 2265 1835 regis
2288 1739 2935 1837 secundogenitum

257 1866 570 1935 Romam
603 1869 989 1935 venturum
1019 1884 1153 1958 pro
1198 1860 1615 1936 obedientia
1645 1865 1772 1937 SS.
1811 1867 1898 1936 D.
1935 1867 2019 1938 N.
2056 1888 2187 1961 pro
2231 1887 2401 1960 rege
2444 1866 2771 1961 genitore
2803 1891 2935 1940 suo

259 1986 675 2085 prestanda,
712 1986 1093 2083 ipsumque
1125 1985 1572 2079 desiderare,
1605 1996 1995 2085 antequam
2016 1988 2107 2062 ad
2138 1990 2435 2065 domum
2470 2014 2597 2064 sue
2624 1992 2937 2065 mansio-

260 2112 378 2185 nis
417 2110 815 2209 perveniat‚
861 2134 1228 2184 summum
1273 2112 1698 2210 pontificem
1731 2115 2087 2203 venerari,
2136 2138 2257 2191 me
2300 2118 2579 2213 rogavit
2618 2118 2678 2190 si
2719 2141 2936 2215 super

261 2238 408 2310 hoc
436 2235 766 2334 pontifex
794 2259 912 2310 me
949 2236 1390 2328 consuleret,
1425 2244 1780 2335 quatenus
1808 2238 1883 2311 in
1918 2239 2061 2312 hoc
2098 2240 2417 2315 favorem
2452 2243 2517 2315 ei
2556 2243 2770 2316 velim
2796 2244 2935 2317 im-

261 2363 538 2459 partiri.
575 2362 768 2434 Misit
814 2360 1076 2435 deinde
1103 2385 1238 2458 pro
1269 2386 1388 2437 me
1418 2364 1768 2460 pontifex,
1805 2369 1879 2438 et
1921 2364 1993 2441 in
2028 2366 2291 2439 Montis
2331 2368 2617 2462 Regalis
2650 2368 2933 2466 nepotis

261 2488 376 2560 sui
399 2511 488 2561 ac
517 2485 808 2561 Ascanii
838 2486 1406 2591 vicecancellarii
1431 2486 1909 2562 cardinalium·
1929 2488 2297 2585 presentia
2320 2512 2438 2565 me
2462 2494 2733 2589 rogavit
2762 2492 2934 2590 quid

259 2612 446 2686 mihi
485 2612 875 2703 videretur,
909 2620 1088 2709 quot
1117 2618 1191 2687 et
1231 2614 1322 2687 de
1351 2635 1495 2708 quo
1535 2613 1790 2687 ordine
1830 2613 2232 2697 cardinales
2278 2624 2522 2692 essent
2553 2621 2638 2691 D.
2685 2617 2934 2692 Fride-

257 2737 416 2812 rico
459 2738 786 2834 predicto
844 2736 1126 2811 obviam
1178 2737 1540 2827 mittendi,
1586 2744 1655 2812 et
1705 2762 1797 2810 an
1854 2746 2048 2812 esset
2103 2739 2177 2811 in
2218 2740 2455 2837 primo
2502 2742 2799 2818 introitu
2844 2745 2934 2818 ad

257 2863 721 2939 sanctitatem
779 2885 985 2937 suam
1037 2861 1528 2937 admittendus
1583 2864 1694 2937 vel
1741 2884 1947 2936 more
2002 2862 2213 2937 solito
2262 2864 2335 2938 in
2383 2867 2499 2940 die
2547 2869 2929 2965 prestande

253 2990 702 3068 obedientie.
754 2990 1119 3089 Respondi
1162 2988 1542 3064 Sanctitati
1593 3012 1719 3062 sue
1769 2990 1859 3062 ad
1898 2990 2211 3090 primum
2260 2989 2454 3086 quod
2496 2992 2641 3066 duo
2696 2994 2931 3067 cardi-

253 3118 494 3207 nales,
549 3142 734 3191 unus
790 3116 878 3191 de
935 3116 1567 3215 presbyterorum,
1629 3113 1813 3189 alius
1874 3116 1965 3191 de
2022 3114 2499 3191 diaconorum
2560 3118 2929 3192 ordinibus

253 3243 680 3318 viderentur
703 3242 1064 3331 mittendi,
1095 3263 1406 3338 quorum
1437 3264 1626 3313 unus
1652 3263 1814 3314 esse
1844 3247 2092 3338 posset
2121 3242 2385 3315 Montis
2416 3243 2703 3340 Regalis
2732 3266 2932 3341 pres-

255 3367 470 3465 byter
495 3374 567 3441 et
599 3366 976 3441 Sanctitati
1009 3390 1138 3440 sue
1171 3365 1520 3463 sanguine
1547 3366 1848 3463 junctus
1882 3391 1897 3457 ;
1946 3367 2038 3441 ad
2075 3368 2471 3442 secundum
2508 3367 2727 3465 quod,
2761 3369 2931 3443 licet

257 3516 520 3565 omnes
544 3514 676 3590 pro
715 3492 1105 3590 prestanda
1146 3490 1558 3565 obedientia
1594 3490 1798 3563 missi
1840 3514 1987 3567 non
2028 3492 2346 3567 solerent
2385 3493 2807 3590 priusquam
2855 3495 2925 3568 in

254 3617 554 3716 publico
619 3618 1053 3692 consistorio
1115 3615 1528 3689 obedientie
1587 3616 1976 3711 prestando
2035 3640 2078 3689 a
2134 3617 2479 3715 pontifice
2540 3619 2790 3715 recipi,
2856 3620 2929 3693 id

257 3750 508 3817 tamen
549 3764 718 3815 cum
751 3741 890 3816 isto
920 3743 1119 3839 regio
1150 3740 1299 3815 filio
1329 3764 1542 3838 posse
1571 3740 1837 3831 omitti,
1871 3741 2254 3839 ipsumque
2290 3766 2333 3816 a
2372 3742 2485 3817 die
2522 3745 2633 3817 sui
2672 3745 2926 3817 introi-

255 3878 376 3944 tus
416 3892 460 3941 a
503 3868 882 3942 sanctitate
923 3891 1054 3941 sua
1095 3865 1189 3940 ad
1233 3865 1438 3962 pedis
1476 3866 1806 3940 osculum
1853 3866 2367 3941 convenienter
2408 3892 2623 3966 posse
2672 3869 2922 3966 recipi,

254 3994 575 4067 maxime
609 4016 774 4067 cum
805 3992 876 4066 id
906 3993 1082 4065 alias
1123 3998 1196 4067 et
1229 4013 1462 4088 nuper
1506 3991 1720 4066 fuerit
1759 3993 1834 4065 in
1874 3992 2057 4065 duce
2103 3992 2545 4067 Ferrariensi
2585 3992 2924 4067 observa-

254 4129 444 4209 tum,
480 4119 601 4215 qui
645 4118 842 4215 prius
887 4117 978 4191 ad
1026 4116 1389 4215 pontificis
1433 4117 1877 4214 presentiam
1923 4117 2117 4190 venit
2169 4141 2385 4214 quam
2435 4117 2751 4216 hospitio
2792 4142 2923 4193 suo

257 4242 731 4339 reciperetur.
771 4242 1046 4315 Placuit
1078 4241 1447 4315 Sanctitati
1481 4266 1606 4315 sue
1647 4264 1812 4315 mea
1846 4241 2039 4315 circa
2067 4242 2383 4339 primum
2430 4244 2816 4334 sententia,
2854 4252 2925 4320 et

257 4366 706 4441 cardinalem
745 4366 1416 4441 vicecancellarium
1463 4372 1534 4441 et
1579 4365 1843 4439 Montis
1893 4366 2181 4463 Regalis
2230 4365 2765 4464 condeputavit‚
2802 4370 2921 4465 qui

259 4491 479 4565 simul
507 4491 782 4566 dictum
812 4493 1217 4589 principem
1245 4491 1654 4566 venientem
1685 4497 1889 4564 extra
1914 4499 2198 4587 portam
2222 4492 2625 4567 Asinariam
2651 4494 2927 4591 recipe-

259 4623 424 4690 rent
468 4625 544 4690 et
585 4640 793 4689 more
846 4616 1057 4690 solito
1115 4616 1599 4691 associarent:
1646 4616 1842 4689 circa
1881 4617 2307 4707 secundum,
2352 4618 2523 4714 quia
2564 4618 2927 4693 dominica

261 4740 380 4816 die
422 4746 468 4814 9
513 4742 733 4840 hujus
779 4741 1051 4816 mensis
1093 4741 1328 4815 dictus
1367 4742 1704 4838 princeps
1747 4748 1945 4815 esset
1990 4743 2259 4816 Urbem
2312 4743 2737 4834 intraturus,
2783 4769 2927 4842 qua

257 4892 498 4965 neque
541 4867 764 4940 missa
807 4888 1042 4962 neque
1080 4890 1318 4939 sermo
1360 4866 1873 4939 convenienter
1903 4866 2133 4940 omitti
2174 4872 2499 4965 possent,
2536 4869 2783 4966 sicque
2818 4869 2927 4942 vix

259 4995 354 5068 ad
387 5018 524 5068 xxx
563 4982 826 5066 horam
863 4993 1097 5090 ipsum
1141 4992 1365 5088 recipi
1414 4995 1661 5088 posset
1703 4991 1778 5063 in
1817 4998 2031 5088 porta
2076 4998 2149 5067 et
2195 4993 2455 5068 deinde
2504 5002 2791 5091 tempus
2834 4994 2925 5068 ad

260 5120 606 5218 palatium
637 5118 997 5208 veniendi,
1033 5125 1105 5193 et
1135 5140 1226 5191 ex
1249 5124 1412 5214 post
1441 5141 1608 5193 eum
1641 5116 1732 5190 ad
1763 5118 2147 5217 Apostolos
2179 5117 2300 5192 ubi
2330 5124 2524 5192 esset
2549 5116 2925 5214 hospitan-

259 5245 418 5335 duS,
486 5243 903 5321 associandi
934 5266 1390 5340 nequaquam
1428 5242 1796 5333 sufficere,
1842 5244 1974 5318 sibi
2006 5244 2235 5319 visum
2282 5251 2395 5319 est
2429 5244 2668 5341 potius
2699 5242 2917 5337 quod,
