3625 6059
639 582 743 637 (551
1761 578 2187 637 APPENDICE.

725 758 756 789 «
801 734 1064 799 Decimo
1093 734 1374 813 septimo
1391 752 1424 801 .:
1457 732 1608 812 quia
1646 730 1863 795 dictus
1898 732 2135 795 Petrus
2176 731 2257 794 de
2296 732 2559 795 Medicis
2596 731 2720 795 fuit
2756 730 2971 795 factus
2998 735 3065 795 et
3094 730 3311 795 decla·

643 837 826 895 ratus
853 832 1144 895 rebellus
1172 831 1342 895 dicte
1381 830 1658 893 civitatis
1693 828 2039 907 Florentio,
2072 846 2155 893 ex
2196 846 2327 909 qua
2360 829 2719 894 rebellione
2746 833 3009 909 poterat
3034 830 3315 909 impune

642 930 904 1004 offendi,
928 934 995 993 et
1019 930 1238 993 omnia
1269 930 1408 993 eius
1427 930 1602 993 bona
1623 926 2171 1006 confiscabantur,
2198 934 2265 993 et
2286 935 2469 995 erant
2498 928 2645 1008 ipso
2672 928 2815 993 iure
2842 934 2909 993 et
2938 927 3313 993 secundum

643 1029 918 1093 formam
947 1033 1346 1091 statutorum
1375 1027 1546 1091 dicte
1575 1027 1851 1092 civitatis
1880 1026 2227 1091 confiscata
2256 1048 2273 1105 ;
2304 1028 2465 1091 moti
2494 1027 2695 1091 etiam
2720 1026 3031 1107 precibus
3058 1025 3315 1105 prefate

642 1126 1182 1191 christianissime
1219 1128 1400 1207 regie
1437 1126 1827 1203 maiestatiS,
1866 1144 2001 1207 que
2044 1126 2355 1191 omnibus
2394 1125 2727 1207 indulgeri
2762 1124 3125 1201 desiderat,
3156 1142 3313 1205 pro-

643 1228 968 1289 miserunt
997 1224 1234 1304 prefati
1263 1224 1519 1306 syndici
1562 1225 1802 1289 dictam
1832 1242 2075 1304 penam
2102 1224 2483 1289 rebellionis
2512 1230 2579 1289 et
2606 1223 2825 1287 omnia
2852 1240 2987 1303 que
3017 1239 3318 1303 sequun-

643 1330 749 1389 tur
782 1324 1162 1388 huiusmodi
1207 1322 1634 1387 rebellionem
1669 1340 1977 1387 revocare
2016 1329 2082 1386 et
2123 1340 2205 1387 ex
2241 1340 2417 1387 nunc
2444 1324 2537 1387 ita
2566 1326 2875 1387 revocant
2904 1327 2973 1385 et
2998 1322 3219 1385 facere
3248 1326 3317 1384 et

648 1440 879 1487 curare
915 1423 1095 1503 quod
1123 1439 1244 1501 per
1273 1421 1558 1485 Consilia
1583 1422 1812 1502 populi
1841 1426 1907 1485 et
1936 1422 2305 1486 communis
2332 1422 2673 1497 Florentie,
2706 1425 2773 1485 et
2800 1420 2980 1485 omni
3011 1420 3319 1484 validiori

646 1522 868 1596 mod0,
893 1526 1091 1601 prout
1113 1521 1198 1587 de
1225 1521 1370 1585 iure
1391 1520 1768 1600 requiritur,
1797 1520 1967 1585 dicta
1994 1522 2321 1585 revocatio
2346 1520 2862 1584 confirmabitur.

727 1644 758 1675 «
799 1621 1063 1683 Decimo
1109 1624 1336 1684 octavo
1371 1636 1386 1681 ε
1421 1619 1865 1699 promiserunt
1900 1620 2053 1684 dicti
2098 1620 2354 1701 syndici
2392 1620 2571 1700 quod
2608 1618 2763 1682 dicti
2798 1634 3033 1683 eorum
3058 1618 3309 1703 princi-

643 1719 824 1797 pales
881 1734 1015 1783 non
1061 1719 1406 1798 imponent
1451 1718 1650 1781 aliam
1699 1734 1941 1797 penam
1989 1717 2160 1782 dicto
2207 1720 2395 1781 Petro
2443 1719 2525 1783 de
2570 1719 2833 1783 Medicis
2880 1736 3002 1799 pro
3046 1718 3308 1785 delictis

637 1833 851 1896 usque
889 1832 1068 1880 nunc
1097 1818 1489 1895 perpetratis
1528 1833 1729 1897 quam
1759 1834 2001 1896 penam
2038 1817 2461 1899 relegationis
2494 1834 2615 1881 seu
2660 1818 3171 1897 proscriptionis
3188 1836 3205 1892 ;
3238 1818 3309 1881 in

639 1932 768 1995 qua
793 1931 966 1994 pena
995 1915 1178 1978 nullo
1203 1914 1400 1978 modo
1425 1916 1603 1978 venit
1627 1913 2009 1979 confiscatio
2034 1914 2384 1992 bonorum,
2411 1917 2557 1996 ipso
2582 1918 2771 1979 Petro
2797 1920 3107 1979 servante
3136 1914 3307 1979 rele-

639 2012 976 2093 gationem
1007 2028 1125 2077 seu
1165 2013 1710 2093 proscriptionem
1753 2034 1768 2075 ε
1808 2030 1940 2094 que
1968 2012 2285 2093 relegatio
2326 2016 2419 2079 sic
2460 2014 2699 2079 debeat
2736 2030 2881 2077 esse
2918 2015 2989 2077 in
3028 2012 3307 2089 effectiS‚

641 2109 938 2173 videlicet
967 2110 1144 2191 quod
1175 2110 1390 2174 dictus
1429 2113 1658 2175 Petrus
1687 2111 1770 2175 de
1811 2112 2077 2176 Medicis
2115 2128 2251 2175 non
2290 2112 2532 2177 debeat
2570 2112 2887 2177 adherere
2922 2110 3309 2175 confinibus

642 2208 944 2273 territorii
975 2208 1308 2273 florentini
1332 2226 1451 2289 per
1477 2215 1742 2276 centum
1769 2209 2047 2273 miliaria
2080 2210 2205 2272 sub
2234 2226 2409 2289 pena
2440 2211 2506 2273 in
2538 2226 2741 2289 quam
2768 2210 3116 2273 incurrunt
3146 2226 3309 2272 con-

641 2308 826 2373 finati
859 2327 980 2373 seu
1005 2310 1282 2392 relegati
1309 2309 1640 2374 florentini
1680 2311 1764 2375 de
1799 2327 1978 2375 anno
2022 2309 2639 2390 M.CCCC.XXX111J’,
2684 2309 2813 2372 nisi
2858 2324 2941 2371 eo
2980 2307 3311 2371 existente

640 2424 792 2470 cum
817 2406 1360 2471 christianissima
1403 2409 1584 2490 regia
1609 2409 1988 2484 maiestat03
2030 2424 2164 2488 quo
2194 2424 2353 2471 casu
2381 2408 2595 2487 possit
2622 2422 3009 2486 permanere
3046 2409 3119 2469 et
3154 2421 3309 2469 mo·

639 2508 774 2569 rari
796 2506 866 2569 in
894 2522 1311 2587 quocumque
1350 2506 1496 2569 loco
1525 2507 1650 2571 erit
1687 2506 1939 2587 prefata
1974 2508 2158 2588 regia
2198 2506 2537 2583 maiestas,
2569 2510 2747 2569 extra
2792 2512 3013 2569 tamen
3042 2504 3307 2569 territo-

642 2604 812 2666 rium
839 2603 1264 2667 florentinum
1307 2605 1475 2667 :hoc
1513 2606 1716 2668 etiam
1753 2610 2029 2685 excepto
2064 2611 2132 2668 et
2174 2606 2357 2669 salvo
2400 2603 2580 2683 quod
2618 2605 2675 2669 si
2704 2604 2914 2669 dictus
2958 2604 3195 2667 Petrus
3226 2602 3309 2665 dc

641 2702 927 2777 MediciS,
972 2720 1091 2781 pro
1129 2708 1262 2766 una
1306 2702 1444 2765 vice
1491 2708 1774 2779 tantum,
1824 2704 1950 2766 iret
1986 2720 2107 2783 per
2146 2703 2545 2767 territorium
2584 2703 3032 2779 florentinum,
3082 2708 3153 2765 et
3192 2718 3313 2782 per

637 2816 782 2863 eam
806 2800 975 2863 viam
1003 2817 1122 2879 per
1144 2817 1346 2881 quam
1369 2802 1591 2880 ipsum
1615 2803 1857 2866 ducent
1882 2802 2243 2867 mazzerius
2270 2806 2337 2865 et
2358 2801 2854 2865 commissarius
2882 2800 3305 2865 dominorum

640 2898 1162 2963 Florentinorum
1199 2904 1276 2963 ut
1299 2900 1592 2964 inveniat
1620 2899 1941 2981 prefatam
1984 2901 2237 2982 regiam
2279 2901 2719 2977 maiestatem,
2768 2905 2835 2964 et
2876 2914 3027 2963 cum
3068 2917 3148 2964 ea
3192 2901 3305 2977 sit,

641 3013 758 3076 per
783 2996 906 3061 hoc
935 3012 1068 3060 non
1097 2996 1503 3079 intelligatur
1537 2998 1802 3079 rupisse
1844 2998 2131 3064 confinia
2160 3002 2227 3063 et
2256 2998 2566 3063 incidisse
2608 2999 2675 3063 in
2716 3014 2955 3078 penam
2992 2998 3061 3063 in
3102 3016 3309 3079 quani

641 3094 1016 3160 incidebant
1043 3101 1428 3177 rumpentes
1451 3096 1738 3161 confinia
1765 3103 1829 3161 et
1860 3098 2137 3179 relegati
2168 3098 2249 3161 de
2278 3113 2457 3161 anno
2486 3096 3101 3178 mccccxxxmj.

723 3194 984 3257 Decimo
1031 3210 1210 3259 nono
1257 3213 1272 3257 t
1321 3198 1650 3277 promittit
1686 3197 1857 3261 dicta
1902 3198 2087 3278 regia
2140 3197 2455 3261 maiestas
2502 3196 2757 3259 nullam
2803 3194 3309 3275 requisitionem

645 3292 860 3355 facere
889 3292 1076 3355 dictis
1109 3293 1393 3357 dominis
1433 3296 1824 3359 Florentinis
1854 3296 1937 3359 de
1976 3295 2339 3359 liberando
2358 3294 2605 3359 dictum
2633 3298 2896 3360 Petrum
2928 3296 3011 3359 de
3040 3297 3311 3361 Medicis

641 3408 679 3451 a
729 3388 898 3453 dicta
951 3391 1374 3471 relegatione,
1427 3393 1512 3457 de
1558 3412 1688 3473 qua
1741 3412 1967 3475 supra,
2016 3398 2149 3461 nisi
2196 3398 2439 3477 elapsis
2490 3402 2775 3477 quatuor
2824 3397 3174 3461 mensibus
3222 3399 3307 3461 ab

642 3487 858 3551 hodie.
905 3488 1160 3567 Elapsis
1202 3506 1358 3553 vero
1399 3498 1688 3569 quatuor
1725 3493 2310 3575 dictis-mensibu&
2355 3497 2496 3560 vult
2540 3496 2711 3560 dicta
2756 3497 2937 3578 regia
2986 3498 3309 3560 maiestas

641 3584 767 3647 sibi
801 3584 996 3647 licere
1025 3601 1262 3667 rogare
1306 3588 1513 3652 dictos
1555 3590 1859 3655 dominos
1900 3593 2309 3657 Florentinos
2350 3610 2471 3673 pro
2508 3594 2897 3659 liberatione
2936 3594 3235 3674 predicta
3286 3610 3303 3653 .·

636 3698 768 3761 quo
815 3699 976 3745 casu
1025 3683 1178 3747 dicti
1233 3685 1480 3750 domini
1529 3690 1887 3753 Florentini
1934 3696 2285 3756 teneantur
2334 3708 2581 3772 ponere
2630 3693 2721 3757 ad
2766 3692 3081 3772 partitum
3126 3694 3301 3756 inter

635 3781 816 3861 ipsos
865 3781 1168 3845 dominos
1207 3788 1273 3846 et
1311 3785 1598 3867 Collegia
1643 3793 1710 3850 et
1753 3805 1983 3853 eorum
2020 3791 2328 3867 Consilia,
2374 3808 2503 3870 que
2550 3794 2707 3855 sunt
2752 3790 3133 3855 necessaria
3184 3808 3303 3871 pro

635 3878 778 3941 eius
815 3881 1253 3959 restitutione,
1297 3888 1362 3945 et
1399 3885 1766 3949 secundum
1801 3885 2085 3951 formam
2124 3893 2523 3954 statutorum
2560 3889 2729 3952 dicte
2758 3889 3041 3953 civitatis
3070 3892 3139 3951 et
3170 3904 3305 3951 non

635 3976 824 4039 aliter
855 3996 870 4038 z
903 3982 970 4039 et
997 3978 1055 4039 si
1095 3976 1290 4042 fuerit
1333 3986 1398 4044 et
1440 3988 1638 4062 prout
1655 3984 1869 4063 ‚jfuerit
1910 3988 2277 4064 obtentum,
2324 3990 2546 4067 ipsum
2584 3990 2849 4051 Petrum
2888 3984 3138 4049 debere
3166 4002 3305 4049 res-

639 4075 782 4137 titui
819 4092 942 4139 seu
977 4075 1244 4139 liberari
1283 4096 1322 4141 a
1363 4078 1530 4144 dicta
1559 4082 1989 4163 relegatione,
2016 4088 2174 4148 tunc
2206 4085 2293 4148 sit
2324 4085 2575 4149 licitum
2608 4085 2780 4148 dicto
2810 4086 3001 4147 Petro
3028 4084 3305 4164 impune

633 4173 846 4236 redire
873 4173 960 4236 ad
989 4174 1230 4238 dictam
1272 4178 1604 4242 civitatem
1633 4181 1955 4244 Florentio
1994 4188 2061 4244 et
2098 4182 2243 4245 eius
2283 4182 2715 4258 territorium3
2756 4181 2861 4245 sin
2898 4182 3127 4245 autem
3168 4196 3305 4245 non

633 4270 828 4335 fuerit
857 4273 1226 4351 obtentum,
1259 4280 1418 4339 tunc
1456 4279 1518 4339 ei
1561 4294 1693 4342 non
1733 4279 1925 4343 liceat
1954 4279 2205 4355 redire3
2238 4279 2391 4360 quia
2430 4281 2500 4345 in
2530 4280 2767 4345 effectu
2808 4278 3065 4359 prefata
3094 4280 3301 4342 chris·

635 4368 1000 4432 tianissima
1028 4373 1215 4454 regia
1245 4375 1580 4451 maiestaS,
1609 4381 1927 4457 tanquam
1955 4379 2401 4442 conservatrix
2428 4380 2627 4441 huius
2654 4376 3017 4459 reipublice
3056 4377 3305 4441 floren·

632 4468 790 4543 tine,
823 4467 984 4530 nihil
1010 4470 1193 4533 aliud
1235 4472 1374 4535 vult
1414 4490 1537 4536 nec
1577 4476 1793 4554 querit
1821 4476 1950 4540 nisi
1990 4481 2065 4539 ut
2105 4477 2395 4557 populus
2435 4477 2826 4541 florentinus
2864 4481 3308 4541 conservetur

631 4564 700 4625 in
725 4580 844 4626 sua
877 4565 1199 4646 dignitate
1227 4573 1295 4631 et
1324 4568 1650 4648 libertate,
1683 4577 1749 4635 et
1775 4572 1999 4653 ipsum
2026 4591 2295 4655 augere.

715 4686 742 4717 ι
789 4662 1126 4743 vigesimo
1163 4684 1178 4727 z
1209 4674 1662 4735 convenerunt
1698 4674 1880 4752 apud
1926 4673 2107 4753 quod
2152 4673 2393 4737 debeat
2434 4690 2757 4751 revocare,
2786 4679 2851 4737 et
2874 4672 2965 4738 ita
3004 4690 3085 4737 ex
3122 4690 3301 4737 nunc

631 4760 783 4823 dicti
832 4762 1088 4842 syndici
1139 4772 1453 4845 revoca-nt
1503 4770 1776 4851 tagliam
1829 4772 2205 4851 impositam
2255 4769 2809 4837 reverendissimo
2843 4769 3181 4843 ,cardinali
3232 4776 3301 4835 et

630 4858 886 4923 Juliano
927 4860 1010 4924 de
1055 4864 1352 4940 MediciS,
1401 4866 1487 4929 de
1535 4869 1891 4933 occidendo
1938 4888 2055 4934 eos
2106 4870 2213 4935 vel
2260 4870 2481 4934 dando
2528 4887 2645 4934 eos
2692 4872 2912 4947 viVOS,
2968 4886 3047 4933 ac
3092 4870 3299 4933 etiam

629 4960 870 5032 penam
899 4958 1298 5039 rebellioniS,
1336 4964 1602 5045 dempta
1635 4972 1860 5032 tamen
1888 4969 2355 5033 confiscatione
2386 4970 2737 5047 bonorum,
2768 4968 2896 5031 nisi
2938 4966 3155 5048 primo
3184 4986 3299 5031 sa-

629 5052 884 5117 tisfacto
913 5057 1346 5124 creditoribus
1372 5062 1524 5126 dicti
1555 5066 1726 5129 Petri
1749 5067 1831 5130 de
1862 5068 2146 5144 Medicis,
2175 5068 2706 5150 quibuscumque
2732 5068 3121 5133 nominibus
3148 5069 3297 5149 ipse

633 5150 858 5214 Petrus
905 5160 1088 5220 esset
1135 5158 1494 5240 obligatus,
1539 5182 1616 5225 ac
1667 5166 1868 5229 etiam
1914 5166 2350 5230 creditoribus
2393 5168 2679 5248 propriis
2724 5166 2831 5231 vel
2876 5166 3297 5231 hereditariis

631 5245 928 5323 lpsorum
957 5251 1208 5317 domini
1240 5258 1589 5323 cardinalis
1631 5267 1695 5325 et
1733 5265 1995 5340 Juliani,
2024 5264 2140 5327 'vel
2168 5264 2274 5329 cui
2304 5265 2398 5329 eis
2437 5267 2544 5331 vel
2574 5266 2765 5334 alicui
2813 5281 3045 5331 eorum
3074 5264 3293 5331 credi-
