3625 6059
799 524 908 577 222
1708 482 2058 575 somnis
2105 514 2554 583 nuacflAnm,
3051 512 3272 574 [amm
3295 514 3400 573 usa

804 676 951 749 sive
1006 670 1467 748 curritorium
1518 671 2084 771 discoopertum,
2142 671 2216 744 in
2264 668 2594 745 roehetto
2645 676 2720 743 et
2765 664 3184 767 capuccino,
3232 688 3402 739 cruce

804 800 1243 899 precedente
1275 820 1493 896 quam
1518 799 1830 895 portavit
1859 802 1947 872 D.
1980 795 2300 894 Raphael
2327 795 2672 871 diaconus
2697 794 3006 893 capelle,
3033 814 3200 865 cum
3217 790 3402 865 nullus

804 924 1095 999 adesset
1146 922 1629 997 subdiaconus
1678 922 2149 1019 apostolicae,
2204 921 2296 996 de
2349 926 2588 995 castro
2636 920 2728 994 ad
2778 917 3124 1017 palatium
3165 924 3403 1017 aposto-

801 1050 1045 1123 licum.
1112 1054 1263 1123 Rex
1321 1048 1711 1124 adventum
1776 1052 1967 1146 Pape
2022 1047 2436 1145 intelligens
2493 1044 2805 1121 occurrit
2863 1044 2930 1119 ei
2987 1066 3212 1141 usque
3261 1042 3406 1117 cuca

803 1176 1025 1248 tinem
1068 1174 1370 1247 secundi
1416 1172 1611 1247 horti
1664 1174 1928 1249 secreti
1993 1172 2083 1248 de
2139 1194 2282 1270 quo
2339 1171 2432 1246 ad
2487 1172 2762 1245 dictum
2809 1168 3407 1245 deambulatorium

802 1298 1128 1373 ascendit
1162 1322 1178 1370 :
1216 1297 1621 1373 cardinales
1664 1297 1892 1373 secuti
1925 1302 2092 1370 sunt
2121 1320 2370 1393 regem
2416 1295 2540 1392 qui
2566 1301 2739 1369 tunc
2768 1317 2936 1368 cum
2965 1316 3060 1369 eo
3089 1298 3407 1391 presentes

802 1429 1007 1498 erant
1052 1431 1123 1499 et
1165 1423 1303 1521 ipsi
1352 1427 1620 1520 Papam
1672 1428 2163 1520 expectantes.
2215 1425 2412 1518 Papa
2445 1444 2614 1497 cum
2653 1425 2847 1495 esset
2891 1418 2966 1491 in
3015 1417 3232 1515 plano
3261 1416 3406 1491 horti

800 1548 1132 1647 predicti,
1168 1555 1679 1647 precesserunt
1706 1547 2112 1623 cardinales
2141 1570 2394 1645 regem
2423 1570 2654 1642 usque
2677 1544 2768 1618 ad
2793 1542 3243 1642 pontificem.
3269 1546 3404 1617 Rex.

800 1674 951 1749 viso
982 1674 1325 1771 pontifice
1366 1674 1460 1748 ad
1488 1674 1799 1771 spatium
1839 1673 2145 1747 duarum
2177 1694 2570 1746 cannarum
2601 1668 3003 1768 genuflexit
3030 1667 3146 1743 bis
3177 1690 3410 1741 sucees-

804 1798 978 1890 sive,
1036 1786 1476 1897 competenti
1526 1798 1892 1887 distantia,
1945 1797 2140 1895 quod
2189 1801 2383 1894 Papa
2431 1796 2636 1873 tinxit
2683 1822 2762 1871 se
2809 1820 2958 1872 uon
3009 1796 3275 1885 videre,
3317 1793 3408 1869 sed
3530 1880 3532 1887 Ι

802 1946 970 1997 cum
1024 1946 1151 1997 rex
1196 1947 1326 2020 pro
1377 1923 1588 1997 tertia
1632 1923 2141 2021 genuflexione
2194 1922 2528 1999 facienda
2577 1922 3216 2021 appropinquaret,
3265 1926 3412 2017 Papa

801 2047 1135 2143 deposuit
1176 2046 1487 2122 biretum
1534 2072 1746 2122 suum
1786 2055 1859 2123 et
1905 2048 2175 2122 ocurrit
2214 2047 2366 2145 regi
2411 2047 2832 2122 adtertiam
2873 2045 3412 2145 genuflexionem

799 2171 1115 2246 venienti
1148 2195 1247 2281 ‘ac
1290 2196 1455 2247 eum
1502 2173 1727 2249 tenuit
1768 2197 1864 2248 ne
1912 2173 2436 2271 genuflecteret
2477 2180 2552 2247 et
2597 2171 3068 2247 deosculatus
3114 2179 3220 2248 est
3257 2194 3407 2246 eum.

795 2294 1033 2373 Ambo
1066 2297 1370 2373 detectis
1410 2298 1763 2396 capitibus
1798 2305 2030 2391 erant,
2075 2298 2322 2396 sicque
2359 2320 2484 2373 rex
2515 2321 2654 2372 nec
2688 2296 2952 2395 pedem
2990 2321 3136 2373 nec
3171 2318 3412 2371 manum

798 2426 991 2521 Pape
1041 2423 1503 2499 deosculatus
1552 2431 1701 2515 est;
1761 2428 1958 2522 Papa
2009 2424 2238 2499 noluit
2288 2445 2648 2521 reponere
2701 2422 3016 2498 biretum
3071 2448 3276 2497 suum
3311 2422 3412 2495 nisi

796 2546 1001 2643 prius
1031 2572 1108 2621 se
1139 2554 1421 2645 tegeret
1456 2572 1612 2639 rex,
1656 2550 1950 2623 tandem
1985 2548 2202 2623 simul
2240 2528 2479 2646 capita
2513 2556 3084 2646 cooperuerunt,
3121 2548 3412 2647 pontifice

800 2696 1098 2745 manum
1142 2673 1377 2747 bireto
1420 2674 1641 2771 regis,
1695 2681 1773 2749 ut
1823 2675 2344 2772 cooperiretur,
2380 2682 2820 2773 apponente.
2857 2678 3038 2763 Rex,
3071 2697 3284 2772 quam
3307 2672 3416 2769 pri-

800 2821 999 2872 mum
1026 2822 1071 2873 a
1092 2798 1465 2897 pontifice,
1503 2807 1575 2874 ut
1600 2800 2066 2897 premittitur,
2096 2806 2434 2897 receptus
2464 2799 2620 2888 fuit,
2652 2798 2925 2897 rogavit
2957 2800 3232 2897 Papam
3253 2796 3416 2871 vellet

792 2924 1275 3021 pronunciare
1329 2925 1773 3001 cardinalem
1831 2925 2256 3024 episcopum
2307 2924 2892 3013 Macloviensem,
2955 2920 3410 2996 consiliarium

768 3070 1035 3152 suum,
1084 3050 1281 3147 quod
1312 3052 1507 3149 Papa
1548 3048 1725 3124 dixit
1760 3073 1839 3122 se
1869 3049 2258 3137 facturum,
2309 3047 2662 3122 mandans
2688 3047 2872 3121 mihi
2897 3048 3098 3145 quod
3127 3047 3217 3123 ad
3243 3044 3418 3119 euec-

798 3180 949 3247 tum
996 3172 1414 3271 hujusmodi
1464 3174 1862 3272 reperirem
1907 3196 2210 3272 cappam
2256 3196 2476 3248 unam
2519 3173 3052 3249 cardinalarem
3097 3179 3178 3248 et
3219 3170 3416 3269 capel-

793 3296 943 3370 lum
980 3322 995 3369 :
1033 3320 1336 3397 cappam
1366 3298 1667 3374 mutavit
1696 3298 2080 3373 cardinalis
2116 3298 2542 3375 Valentinus
2575 3305 2648 3375 et
2683 3299 3050 3397 capellum
3084 3306 3416 3395 receptum

792 3420 927 3495 fuit
961 3421 1051 3495 de
1096 3444 1389 3497 camera
1424 3424 1610 3497 Rmi.
1649 3426 1735 3497 D.
1772 3423 2158 3498 cardinalis
2187 3449 2250 3497 s.
2283 3424 2692 3499 Anastasio.
2736 3430 2892 3499 Rex
2933 3424 3344 3499 existimans
3369 3418 3421 3491 id

792 3544 891 3619 ibi
922 3544 1259 3621 adstatim
1290 3547 1447 3623 fieri
1476 3548 1773 3639 debere,
1804 3542 2283 3646 interrogavit
2298 3570 2418 3623 me
2447 3546 2738 3623 ubinam
2765 3556 2839 3625 et
2863 3548 3235 3646 quomodo
3261 3550 3417 3640 Papa

793 3676 988 3745 esset
1030 3692 1203 3746 eum
1252 3673 1755 3763 exauditurus;
1811 3672 2156 3771 respondi
2206 3672 2280 3745 in
2329 3696 2626 3748 camera
2671 3674 3060 3773 papagalli,
3115 3673 3210 3748 ad
3246 3688 3420 3768 quam

798 3794 1144 3871 continuo
1174 3795 1398 3871 ibant.

895 3925 1089 4020 Papa
1145 3921 1433 3997 sinistra
1488 3946 1704 3997 manu
1762 3946 1895 3997 sua
1949 3924 2140 4023 regis
2193 3924 2520 4000 dextram
2576 3924 2969 4022 accipienS,
3037 3946 3208 3997 eum
3257 3913 3422 3991 duxit

791 4070 1023 4144 usque
1064 4048 1156 4121 ad
1194 4047 1460 4123 dictam
1492 4074 1858 4126 cameram
1891 4052 2246 4151 papagalli
2287 4052 2435 4141 ubi,
2471 4060 2860 4148 antequam
2889 4050 3218 4139 intraret,
3255 4041 3422 4117 tinxit

792 4194 873 4245 se
922 4170 1244 4268 pontifex
1292 4196 1612 4271 syncopa
1658 4176 1968 4268 turbari;
2027 4178 2219 4252 intus
2268 4182 2510 4251 autem
2557 4182 2974 4275 perventuS,
3027 4179 3224 4271 Papa
3265 4166 3420 4244 sedit

790 4319 1014 4393 super
1052 4295 1303 4373 sedem
1346 4298 1632 4373 bassam
1673 4301 1807 4373 sibi
1851 4308 2302 4399 apportatam
2342 4308 2509 4377 ante
2548 4302 2942 4377 fenestram
2983 4306 3058 4375 et
3097 4322 3219 4374 rex
3251 4298 3425 4395 juxta

790 4442 961 4493 eum
992 4445 1217 4521 super
1245 4422 1641 4498 scabellum
1680 4449 1813 4523 pro
1845 4448 1988 4523 quo
2019 4426 2364 4501 continuo
2398 4426 2646 4501 sedem
2679 4448 2808 4499 sue
2841 4422 3218 4499 Sanctitati
3247 4419 3422 4495 simi-

792 4545 940 4621 lem
988 4546 1163 4623 t'ecit
1212 4556 1623 4649 apportare,
1678 4574 1799 4626 me
1857 4559 2100 4626 autem
2152 4550 2508 4627 instanter
2559 4556 2872 4647 negante
2927 4556 3004 4625 et
3053 4547 3424 4623 sessionem

796 4670 1217 4769 huJ‘usmodi
1288 4698 1743 4772 nequaquam
1803 4678 2187 4752 convenire
2253 4680 2651 4751 asserente.
2724 4680 2920 4774 Papa
2983 4672 3300 4749 ascendit
3349 4664 3424 4741 ad

798 4796 1047 4873 sedem
1116 4797 1559 4875 eminentem
1624 4802 2228 4892 consistorialem,
2299 4800 2396 4875 ibi
2450 4799 2833 4876 ordinante
2899 4824 3046 4890 me,
3118 4796 3421 4899 positam,

801 4920 1124 4995 dimissis
1153 4923 1351 5020 prius
1408 4924 1641 5001 bireto
1680 4932 1752 5001 et
1781 4928 2180 5023 capuccino
2220 4923 2446 5000 rubeo
2481 4934 2557 5001 et
2587 4924 2906 5023 acceptis
2944 4923 3180 4999 bireto
3213 4924 3280 4993 et
3317 4937 3424 4988 ca·

800 5049 1112 5149 puccino
1158 5048 1337 5125 albis
1390 5056 1462 5125 et
1501 5052 1686 5127 stola
1723 5054 2065 5152 pretiosa.
2116 5052 2360 5135 Posita
2407 5050 2539 5126 fuit
2587 5050 2798 5125 sedes
2843 5054 3038 5146 Pape
3075 5037 3422 5122 camerali-²

806 5181 973 5250 ante
1012 5176 1340 5249 dextram
1372 5199 1573 5249 suam
1614 5176 1685 5249 in
1732 5202 1875 5275 qua
1917 5176 2103 5254 sedit
2139 5155 2300 5269 rex,
2344 5183 2538 5251 retro
2579 5175 2826 5252 sedem
2857 5178 3050 5274 Papo
3081 5180 3153 5249 et
3179 5172 3332 5247 ante
3359 5164 3416 5239 in
