3625 6059
197 612 336 675 [Mai
369 613 520 673 ¹498]
877 605 1128 663 RERUM
1178 604 1634 664 URBANARUM
1682 606 2208 663 COMMENTARH.
2778 610 2877 663 467

205 765 350 838 hoc
403 764 546 837 erit
593 760 913 851 difficile,
950 760 1120 857 quia
1163 782 1300 857 ege
1344 760 1584 857 palam
1621 760 1906 834 locutus
1948 784 2109 835 sum
2158 761 2453 851 mundO,
2491 768 2563 835 et
2596 785 2883 860 semper

203 888 422 964 docui
457 889 540 961 in
567 886 878 963 ecclesia
911 884 1086 959 etin
1117 884 1390 981 templo
1430 908 1572 981 quo
1603 907 1859 959 omnes
1898 884 2267 959 christiani
2311 887 2773 985 conveniunt,
2810 895 2881 963 et

211 1016 280 1087 in
332 1014 638 1089 occulto
687 1013 972 1087 locutus
1023 1034 1182 1084 sum
1231 1010 1410 1083 nihil
1455 1036 1471 1083 ε
1518 1010 1688 1083 hinc
1737 1011 2217 1109 simplicitatis
2262 1036 2427 1088 mee
2468 1022 2540 1087 et
2582 1015 2881 1111 probate

207 1142 548 1217 doctrine
588 1146 692 1214 tot
729 1139 953 1213 millia
995 1138 1286 1214 testium
1322 1138 1562 1213 habeo
1603 1145 1680 1212 ut
1723 1138 1923 1212 nullo
1964 1145 2174 1236 pacto
2216 1163 2333 1213 me
2373 1140 2563 1237 apud
2606 1142 2886 1214 Sancti-

213 1276 436 1343 tatem
469 1272 788 1342 vestram
819 1264 1145 1340 dubitem
1179 1287 1474 1338 causam
1506 1287 1746 1338 meam
1778 1263 1933 1337 sine
1970 1264 2111 1338 ulla
2139 1289 2437 1362 prorsus
2469 1265 2887 1341 difficultate

213 1394 699 1467 defensurum
735 1416 750 1464 :
788 1397 867 1465 ut
896 1390 1092 1465 enim
1132 1389 1228 1463 ait
1258 1389 1765 1487 philosophus,
1805 1414 2053 1463 verum
2089 1415 2260 1465 vero
2298 1399 2675 1484 consonat,
2710 1392 2890 1466 falso

217 1528 462 1595 autem
497 1519 852 1592 dissonat.
890 1518 1423 1613 Suggesserunt
1449 1514 1692 1611 itaque
1725 1515 2081 1612 imprimis
2114 1517 2483 1593 sanctitati
2514 1523 2777 1606 vestre,
2814 1525 2895 1591 ut

221 1646 286 1716 in
315 1645 480 1741 ejus
525 1643 750 1717 literis
787 1648 1012 1740 patet,
1061 1664 1180 1715 me
1219 1641 1530 1715 novitate
1561 1640 1757 1738 pravi
1789 1639 2148 1737 dogmatis
2192 1642 2656 1733 delectatum,
2702 1642 2896 1739 quod

225 1770 484 1843 salsum
541 1792 702 1843 esse
753 1769 1028 1843 clarum
1069 1773 1213 1858 est;
1268 1768 1553 1865 publice
1605 1769 1800 1842 enim
1850 1769 2074 1843 scitur
2120 1792 2239 1843 me
2282 1767 2559 1842 nullum
2599 1792 2896 1866 pravum

226 1896 493 1993 dogma
551 1892 754 1991 sequi
806 1918 944 1968 nec
997 1892 1402 1991 predicare,
1453 1894 1579 1967 sed
1630 1899 1915 1969 sanctas
1970 1894 2373 1992 Scripturas
2432 1894 2776 1968 duntaxat
2828 1903 2899 1971 et

230 2026 524 2095 sanctos
580 2020 960 2111 doctores3
1021 2027 1093 2093 et
1143 2020 1218 2093 in
1267 2018 1555 2117 publica
1610 2020 2104 2119 predicatione
2161 2042 2333 2118 sepe
2386 2019 2651 2095 dixisse
2704 2027 2776 2095 et
2828 2018 2899 2092 in

233 2146 610 2243 scripturis
644 2145 1020 2242 reliquisse
1051 2169 1170 2219 me
1203 2152 1276 2219 et
1301 2146 1547 2218 omnia
1575 2168 1740 2219 mea
1771 2152 2019 2221 sancte
2052 2170 2353 2220 romane
2386 2145 2708 2220 Ecclesie
2741 2146 2903 2222 sub-

237 2272 552 2346 mittere.
591 2272 676 2344 Et
709 2270 853 2344 hoc
883 2271 1203 2368 quidem,
1238 2270 1312 2343 ni
1343 2270 1576 2361 fallor,
1615 2271 2052 2345 Beatitudini
2083 2277 2321 2346 vestre
2354 2272 2608 2369 scripsi
2640 2272 2713 2344 in
2742 2271 2905 2369 qui-

239 2396 544 2470 busdam
577 2394 764 2469 meis
789 2394 1047 2487 literiS,
1081 2396 1172 2469 de
1208 2396 1463 2492 quibus
1507 2375 1726 2471 etiam
1756 2397 1916 2494 ipsa
1943 2396 2111 2471 fecit
2133 2396 2577 2471 mentionem
2605 2395 2679 2468 in
2709 2393 2905 2471 brevi

246 2522 556 2620 quodam
605 2520 1022 2595 Sanctitatis
1072 2545 1199 2594 sue
1249 2522 1338 2595 ad
1387 2546 1504 2595 me
1554 2522 1804 2597 misso.
1863 2523 1935 2597 Si
1986 2522 2148 2619 quis
2191 2528 2435 2596 autem
2482 2520 2671 2595 dicat
2713 2520 2909 2619 quod

247 2648 620 2744 predicare
666 2647 902 2721 sutura
947 2669 1212 2720 novum
1257 2652 1365 2721 est
1409 2646 1698 2744 dogma,
1745 2646 2007 2721 salsum
2050 2654 2185 2738 est,
2232 2648 2405 2745 quia
2438 2648 2581 2722 hoc
2621 2671 2912 2744 semper

253 2776 372 2849 fuit
408 2774 484 2846 in
529 2770 857 2848 Ecclesia
895 2768 1182 2843 Domini
1214 2770 1372 2861 Dei,
1423 2779 1498 2843 ut
1539 2776 1738 2867 patet
1776 2770 2211 2846 discurrenti
2252 2770 2643 2868 scripturas
2674 2770 2911 2844 ecc-le-

251 2898 596 2973 siasticas.
655 2895 848 2970 Nihil
895 2894 1091 2969 enim
1139 2896 1349 2970 obest
1397 2895 1728 2992 religioni
1781 2895 2171 2970 christiane
2220 2896 2592 2994 predicare
2642 2898 2906 2985 futura,

252 3020 637 3097 dummodo
687 3044 833 3094 non
887 3021 1030 3095 sint
1080 3027 1332 3094 contra
1379 3020 1600 3095 fidem
1650 3021 1760 3094 vel
1808 3020 2040 3095 bonos
2090 3045 2333 3094 mores
2387 3028 2507 3095 aut
2555 3021 2909 3096 rationem

257 3148 674 3239 naturalem,
710 3146 824 3222 vel
863 3170 1183 3244 unquam
1228 3146 1362 3219 suit
1400 3148 1642 3242 aliqua
1681 3145 1844 3242 lege
1888 3145 2333 3243 prohibitum
2374 3170 2511 3221 nec
2550 3146 2895 3246 prohiber

261 3278 530 3366 potest:
568 3273 712 3347 hoc
751 3270 948 3349 enim
991 3278 1184 3346 esset
1229 3276 1382 3346 Deo
1415 3272 1790 3370 imponere
1829 3272 2098 3369 legem,
2142 3273 2263 3369 qui
2294 3272 2465 3346 dicit
2501 3272 2728 3345 Amos
2771 3284 2907 3346 ter-

259 3398 340 3467 lio
371 3424 390 3471 .·
423 3422 576 3474 non
603 3399 780 3474 fecit
809 3398 1161 3477 Dominus
1193 3402 1386 3472 Deus
1411 3396 1751 3496 herbum,
1787 3399 1926 3471 nisi
1970 3398 2387 3474 revelaverit
2420 3404 2781 3474 secretum
2811 3398 2901 3472 ad

269 3548 492 3599 servos
539 3550 712 3601 suos
755 3525 1186 3623 prophetas;
1233 3523 1577 3614 secunde,
1627 3525 1796 3621 quia
1838 3525 1910 3596 iu
1950 3524 2181 3599 literis
2229 3526 2596 3624 predictiS,
2645 3524 2908 3598 dicitur

271 3672 374 3724 me
415 3652 488 3725 in
532 3676 698 3727 eam
737 3651 1000 3726 mentis
1040 3650 1395 3724 insaniam
1434 3649 1837 3723 italicarum
1884 3674 2125 3725 rerum
2170 3652 2739 3725 commutatione
2786 3649 2911 3724 de-

275 3776 575 3853 ductum.
613 3781 770 3853 Hoc
802 3778 1020 3853 etiam
1051 3776 1435 3852 manifeste
1473 3776 1731 3851 falsum
1763 3783 1875 3850 est
1906 3782 1975 3851 et
2002 3776 2091 3849 ab
2121 3777 2454 3850 omnibus
2483 3776 2729 3865 scitur,
2756 3774 2925 3872 quia

279 3903 739 3995 preterierunt
791 3902 1106 3999 quinque
1155 3900 1352 3994 anni,
1409 3903 1668 3999 quibus
1716 3901 1853 3975 hec
1900 3899 2209 3998 predixi,
2258 3902 2368 3974 vel
2416 3901 2659 3997 plures
2705 3900 2922 3973 etiam

279 4048 474 4120 quam
513 4027 772 4103 decem
802 4026 972 4100 anni
996 4028 1150 4125 jam
1181 4034 1386 4119 sunt;
1425 4051 1572 4101 non
1604 4049 1780 4122 ergo
1819 4025 2171 4100 deductus
2208 4050 2368 4098 sum
2404 4024 2495 4099 ad
2534 4025 2673 4097 hoc
2705 4046 2926 4121 prop-

285 4157 376 4223 ter
399 4153 1040 4227 commutationem
1087 4176 1328 4229 rerum
1371 4154 1799 4228 italicarum.
1852 4150 2095 4224 Tertio
2136 4150 2394 4224 dicitur
2424 4172 2585 4223 esse
2625 4149 2927 4224 missum

287 4298 322 4344 a
353 4276 530 4371 Deo;
575 4278 722 4351 hoc
772 4301 1062 4374 quoque
1115 4278 1376 4353 falsum
1415 4286 1552 4353 est.
1602 4278 1854 4353 Sciunt
1895 4300 2149 4352 omnes
2190 4278 2313 4375 qui
2355 4300 2473 4353 me
2512 4277 2924 4367 audierunt,

285 4399 432 4493 quia
459 4424 832 4501 nunquam
879 4401 1060 4493 dixi3
1108 4402 1257 4477 imo
1303 4403 1376 4476 in
1419 4402 1701 4503 scriptis
1753 4404 2047 4495 nostris,
2090 4429 2231 4504 que
2278 4403 2367 4477 ab
2412 4403 2747 4477 omnibus
2786 4404 2929 4501 legi

295 4534 592 4619 possunt,
631 4526 916 4625 scripsi,
951 4527 1122 4624 quia
1171 4552 1372 4603 eram
1423 4528 1688 4605 missus
1737 4554 1780 4603 a
1826 4530 2121 4626 prelatis
2171 4528 2378 4620 meis,
2427 4527 2614 4602 sicut
2661 4535 2732 4603 et
2778 4530 2930 4603 fere

295 4672 518 4728 omnes
545 4652 664 4727 alii
694 4653 1226 4750 predicatores;
1265 4656 1394 4730 sed
1427 4680 1796 4753 nunquam
1830 4656 1977 4730 dixi
2002 4680 2046 4729 a
2075 4656 2229 4731 solo
2263 4659 2417 4729 Deo
2448 4676 2567 4728 me
2599 4654 2927 4743 missum,

297 4780 357 4846 ut
380 4782 590 4853 testes
623 4784 792 4853 sunt
831 4780 1061 4853 multa
1099 4780 1324 4854 millia
1365 4780 1770 4855 hominum.
1817 4786 2083 4867 Quarto
2124 4780 2390 4854 dicitur
2435 4806 2449 4852 :
2492 4792 2558 4853 et
2596 4804 2756 4853 cum
2784 4778 2935 4854 Deo

303 4898 486 4997 loqui,
541 4907 686 4983 hoc
739 4906 958 4981 etiam
1007 4928 1375 5004 nunquam
1439 4929 1780 5004 expresse
1834 4905 1979 4979 dixi
2032 4930 2171 4979 nec
2224 4928 2541 5002 unquam
2596 4911 2761 4980 utor
2812 4900 2940 4979 tali

307 5026 492 5102 modo
517 5031 890 5129 loquendi,
939 5040 1019 5105 ut
1057 5031 1261 5106 testis
1295 5036 1403 5106 est
1441 5032 1815 5107 universus
1854 5032 2161 5129 populus
2204 5030 2703 5122 Florentinus3
2748 5030 2943 5128 quod

309 5150 501 5229 etiam
546 5157 602 5230 si
645 5156 1027 5247 dixissem,
1079 5156 1350 5233 nullam
1399 5163 1697 5255 propter
1743 5157 1882 5229 hoc
1936 5156 2379 5233 incurrerem
2426 5180 2736 5256 penam3
2794 5179 2941 5231 non

323 5276 492 5352 enim
533 5280 888 5357 invenitur
929 5282 1001 5355 in
1047 5282 1288 5378 aliquo
1329 5284 1492 5357 loro
1536 5282 1883 5380 scriptum
1924 5304 2059 5356 nec
2106 5282 2176 5355 in
2223 5289 2375 5357 toto
2422 5306 2723 5379 corpore
2761 5281 2941 5375 juris
