3625 6059
257 502 610 567 [Decembre
641 504 786 563 14921
979 502 1232 559 RERUM
1280 502 1736 558 URBANARUM
1783 501 2313 559 COMMENTARII.
2914 511 2983 565 15

265 664 486 731 rent.
524 654 950 754 Expectavit
978 654 1318 753 princeps
1346 677 1478 752 per
1515 655 1774 728 horam
1803 654 1919 727 vel
1948 656 2145 728 circa
2176 654 2457 751 equites
2486 663 2653 730 ante
2694 666 2977 754 portam

201 803 219 812 ·
261 782 594 855 basilice
627 780 956 879 predicte
987 779 1466 853 cardinalium
1509 779 1820 853 duorum
1852 779 2363 876 deputatorum
2408 781 2821 865 adventum,
2857 786 2975 881 qui

285 908 594 981 tandem
635 912 804 1002 post
852 904 1110 979 horam
1157 930 1276 979 xx1
1321 905 1432 979 vel
1475 905 1671 979 circa
1718 912 2097 996 venerunt,
2152 906 2479 980 videlicet
2537 908 2759 981 RRmi
2818 913 2968 985 DD.

285 1032 569 1106 Montis
601 1030 892 1129 Regalis
925 1031 1305 1129 presbyter
1335 1039 1408 1106 et
1437 1032 1788 1104 Ascanius
1828 1031 2179 1105 diaconus
2212 1030 2643 1122 cardinaleS‚
2680 1038 2751 1107 et
2780 1036 2976 1133 prin-

287 1158 538 1255 oipem
605 1179 812 1230 more
871 1155 1080 1230 solito
1113 1164 1578 1254 receperunt,
1613 1146 2173 1253 ipsuminter'se
2218 1159 2541 1233 medium
2592 1158 2967 1236 ducentes,

391 1286 794 1378 Postquam
843 1289 1270 1377 perventum
1317 1287 1428 1355 est
1480 1278 1573 1352 ad
1629 1280 1943 1377 plateam
1994 1281 2222 1354 sancti
2274 1281 2623 1357 Johannis
2680 1291 2973 1360 Latera-

291 1406 575 1495 nensiS‚
619 1405 743 1479 ubi
777 1411 1013 1477 statua
1041 1404 1208 1500 equi
1240 1404 1390 1479 erei
1422 1428 1590 1477 cum
1622 1428 1909 1479 sessore
1941 1408 2288 1498 cernitur,
2323 1417 2679 1486 venerunt
2716 1412 2970 1508 prelati

295 1530 552 1629 palatii
593 1553 762 1605 cum
801 1530 1074 1603 familia
1111 1533 1332 1628 Pape,
1369 1554 1510 1627 que
1555 1536 1626 1606 et
1667 1531 1802 1628 ipsi
1842 1530 2240 1629 principem
2278 1558 2481 1607 more
2521 1536 2731 1611 solito
2762 1559 2970 1611 rece-

287 1662 590 1755 perunt,
633 1656 804 1730 licet
852 1659 938 1729 D.
995 1655 1979 1755 Bartholomeus'episcopus
2028 1659 2575 1755 Segobricensis
2626 1662 2971 1759 magister

288 1784 560 1856 domus
601 1781 845 1879 palatii
877 1781 1282 1879 apostolici,
1327 1788 1680 1877 quatenus
1723 1782 2073 1879 prelatuS‚
2108 1790 2304 1859 esset
2342 1786 2560 1860 verba
2604 1786 2962 1861 facturuS.

283 1910 476 1981 Cum
517 1906 848 2005 principe
893 1914 1098 1981 erant
1141 1917 1422 2005 septem
1465 1906 1584 1980 alii
1638 1917 1965 1983 oratores
2012 1909 2104 1982 ad
2146 1912 2611 2007 prestandam
2657 1935 2825 1985 cum
2873 1936 2961 1986 eo

281 2030 624 2132 pontifici
655 2030 1144 2107 obedientiam
1174 2032 1414 2121 missi;
1450 2032 1781 2108 videlicet
1811 2039 1953 2106 RR.
1993 2034 2065 2106 in
2096 2034 2380 2108 Christo
2414 2039 2550 2109 PP.
2589 2040 2737 2110 DD.
2782 2038 2963 2112 Vin-

287 2158 582 2233 centius
612 2156 1206 2255 archiepiscopus
1235 2158 1771 2232 Acherontinus
1803 2165 1874 2233 et
1908 2162 2349 2250 Mataranus‚
2385 2164 2582 2234 Zeno
2622 2164 2697 2235 S.
2742 2162 2966 2235 Marci

289 2288 370 2357 et
430 2284 922 2381 Hieronymus
981 2282 1530 2357 Policastrensis
1588 2284 1938 2381 episcopi,
2005 2307 2089 2357 ac
2152 2284 2675 2359 illustrissimus
2740 2290 2967 2361 Fran-

287 2410 538 2482 ciscus
564 2410 708 2482 dux
729 2408 1058 2498 Gravine‚
1091 2413 1163 2481 et
1189 2408 1560 2505 magnifici
1585 2412 1736 2481 DD.
1770 2409 2071 2483 Carolus
2094 2408 2575 2485 Venafrorum
2591 2468 2607 2498 ,
2627 2409 2965 2510 Aloysius

289 2533 566 2607 Concie
621 2540 693 2608 et
749 2532 1304 2608 Bartholomeus
1362 2534 1627 2608 Palene
1683 2534 1989 2608 comites
2048 2535 2414 2632 generosi,
2474 2558 2657 2632 quos
2712 2535 2961 2611 ordine

289 2658 544 2733 debito
609 2658 956 2734 collocavi
1023 2658 1096 2732 in
1163 2658 1399 2756 primo
1465 2659 1626 2732 loco
1697 2667 1861 2757 post
1933 2659 2333 2758 principem
2396 2665 2481 2734 D.
2553 2662 2961 2738 Vicentium

291 2782 934 2881 archiepiscopum
1006 2783 1605 2873 Acherontinum‚
1675 2784 1999 2859 medium
2069 2786 2258 2860 inter
2324 2787 2959 2885 archiepiscopum

289 2912 926 2985 Tarraconensem
968 2909 1531 3007 gubernatorem
1573 2909 1784 2983 Urbis
1830 2934 1873 2982 a
1910 2909 2183 2983 dextris
2222 2917 2293 2984 et
2332 2911 2961 3009 archiepiscopum

291 3036 780 3132 Saguntinum
811 3060 854 3109 a
883 3035 1216 3109 sinistris,
1254 3040 1336 3109 In
1368 3034 1689 3109 secundo
1726 3037 1813 3106 D.
1861 3038 2231 3107 Zenonem
2270 3035 2691 3132 episcopum
2733 3037 2959 3110 sancti

289 3160 526 3233 Marci
565 3161 886 3235 medium
924 3162 1113 3235 inter
1141 3160 1768 3258 archiepiscopum
1809 3158 2279 3233 Cusentinum
2324 3159 2683 3256 prelatum
2716 3160 2959 3258 palatii

289 3310 338 3358 a
377 3286 653 3361 dextris
698 3294 770 3360 et
803 3286 1233 3384 episcopum
1287 3285 1880 3359 Lombariensem
1927 3289 2289 3359 oratorem
2328 3284 2523 3382 regis
2567 3285 2869 3359 Francie
2918 3312 2962 3360 a

293 3408 631 3483 sinistris.
692 3415 770 3483 ln
832 3410 1046 3485 tertio
1106 3414 1190 3484 D.
1257 3410 1779 3509 Hieronymum
1835 3410 2261 3507 episcopum
2321 3410 2951 3504 policastrensem,

291 3534 618 3609 medium
663 3535 852 3609 inter
895 3536 1317 3633 episcopum
1361 3535 1972 3609 concordiensem
2016 3534 2371 3631 prelatum
2418 3536 2662 3632 palatii
2708 3560 2752 3609 a
2789 3537 2959 3610 dex-

293 3660 420 3733 tris
447 3666 524 3734 et
553 3660 893 3734 abbatem
933 3660 1158 3733 sancti
1199 3659 1488 3733 Antonii
1533 3659 1624 3734 de
1673 3660 1984 3749 Vienna,
2021 3666 2387 3733 oratorem
2434 3660 2625 3757 regis
2656 3660 2955 3735 Francia

293 3785 702 3859 asinistriS.
750 3789 830 3857 ln
861 3791 1118 3881 quarto
1165 3783 1273 3857 Ill.
1316 3788 1402 3857 D.
1448 3784 1915 3858 Franciscum
1948 3784 2206 3857 ducem
2248 3783 2578 3875 Gravine‚
2628 3784 2953 3859 medium

297 3906 486 3981 inter
515 3906 940 4005 episcopum
973 3907 1573 4005 Segobricensem
1622 3907 1979 4006 prelatum
2010 3909 2255 4007 palatii
2283 3934 2326 3983 a
2355 3910 2627 3983 dextris
2659 3916 2733 3984 et
2762 3910 2955 4007 epis-

297 4054 567 4129 copum
601 4032 1078 4106 Pacentinum
1117 4040 1482 4107 oratorem
1530 4033 1721 4130 regis
1751 4041 1826 4108 et
1853 4035 2102 4131 regine
2136 4034 2641 4132 Hispaniarum
2671 4058 2716 4107 a
2744 4031 2956 4107 sinis-

295 4159 452 4232 tris.
502 4163 586 4231 ln
628 4158 877 4255 quinto
923 4161 1006 4231 D.
1061 4159 1396 4233 Carolum
1439 4160 1782 4235 comitem
1824 4158 2337 4250 Venafrorum,
2392 4158 2715 4233 medium
2762 4158 2954 4232 inter

295 4284 722 4381 episcopum
783 4284 1323 4359 Cothonensem
1381 4285 1851 4359 secretarium
1919 4283 2391 4381 apostolicum
2448 4308 2491 4358 a
2552 4284 2823 4358 dextris
2882 4290 2954 4359 et

293 4405 724 4505 episcopum
754 4404 1292 4479 Astoricensem
1343 4414 1707 4482 oratorem
1746 4408 1937 4506 regis
1969 4413 2041 4482 et
2084 4408 2333 4505 regine
2377 4408 2880 4507 Hispaniarum
2908 4433 2953 4479 a

292 4532 634 4605 sinistris,
699 4535 778 4603 In
832 4537 1034 4605 sexto
1092 4535 1179 4605 D.
1237 4531 1607 4631 Aloysium
1670 4533 2014 4608 comitem
2072 4531 2337 4607 Concie
2396 4532 2713 4608 medium
2766 4532 2952 4604 inter

292 4660 720 4757 episcopum
757 4660 1383 4754 Caputaquensem
1414 4657 1772 4756 prtelaum
1800 4657 2043 4755 palatii
2075 4681 2119 4731 a
2148 4656 2415 4731 dextris
2454 4663 2527 4730 et
2556 4657 2949 4755 archiepis-

290 4806 558 4882 copum
599 4780 834 4855 sancti
875 4780 1162 4855 Andree
1194 4789 1557 4856 oratorem
1597 4782 1788 4879 regis
1820 4780 2061 4854 Scotie
2092 4804 2135 4852 a
2164 4778 2494 4853 sinistris.
2530 4784 2607 4853 In
2641 4782 2949 4879 septimo

291 4912 372 4983 D.
409 4907 1010 4983 Bartholomeum
1041 4906 1384 4981 comitem
1416 4907 1711 4996 palene,
1749 4906 2071 4980 medium
2109 4905 2299 4980 inter
2318 4906 2743 5005 episcopum
2772 4908 2950 4985 Vul-

287 5046 753 5111 teranensem
794 5030 1150 5129 prelatum
1193 5031 1441 5128 palatii
1492 5057 1534 5107 a
1578 5030 1848 5106 dextris
1894 5036 1968 5105 et
2010 5037 2373 5107 oratorem
2421 5035 2870 5107 Venetorum
2900 5054 2953 5103 a

293 5161 618 5235 sinistris.
678 5156 960 5232 Deinde
999 5179 1226 5229 unum
1262 5159 1618 5255 prelatum
1659 5156 1902 5254 palatii
1946 5181 1989 5230 a
2024 5157 2295 5231 dextris
2344 5164 2417 5232 et
2458 5182 2679 5231 unum
2708 5162 2950 5232 orato-
