3625 6059
330 531 455 594 [Mat
484 530 630 594 14⁹4]
1001 525 1257 584 RERUM
1304 524 1762 584 URBANARUM
1808 525 2332 588 COMMENTARII.
2899 537 3002 592 137

433 679 747 757 Prestito
799 681 1216 778 juramento
1272 702 1405 778 per
1460 702 1739 778 regem,
1788 687 1866 754 ut
1921 681 2316 778 prefertur,
2369 684 2708 760 vexillum
2763 687 3003 785 ipsum

334 831 583 884 coram
620 805 869 902 legato
907 811 1265 902 portatur,
1300 805 1423 902 qui
1464 806 1751 880 hastam
1786 805 1862 878 in
1906 805 2159 880 dextra
2194 806 2582 904 recipienS,
2626 809 2802 884 illud
2846 815 3002 909 regi

334 931 710 1032 recipienti
741 929 989 1020 tradit,
1022 929 1403 1026 ipsumque
1435 928 1525 1003 de
1557 952 1784 1027 regno
1813 928 2316 1005 investituram
2345 930 2518 1006 dicit
2550 957 2566 1006 ε

442 1091 479 1126 «ι
519 1055 967 1132 Auctoritate
998 1054 1399 1153 apostolica
1426 1054 1635 1129 nobis
1660 1054 1902 1152 in‘hac
1932 1063 2136 1153 parte
2163 1078 2538 1152 concessa,
2574 1082 2705 1157 per
2729 1085 3004 1160 appen-

332 1187 617 1260 sionem
679 1182 898 1279 hujus
953 1179 1191 1254 vexilli
1254 1179 1725 1255 ecclesiastici
1778 1180 1852 1253 in
1903 1180 2041 1255 tuis
2086 1180 2447 1273 manibuS‚
2501 1191 2572 1259 te
2626 1185 2714 1260 de
2777 1209 3004 1284 regno

333 1309 585 1385 Sicilie
630 1314 705 1382 et
752 1313 944 1382 terra
982 1306 1163 1381 citra
1204 1305 1521 1379 Pharum
1564 1327 1791 1402 usque
1836 1305 1926 1378 ad
1979 1306 2296 1381 confinia
2341 1315 2697 1386 terrarum
2753 1321 3002 1388 sancte

334 1459 639 1511 romane
684 1432 1035 1522 Ecclesie,
1072 1431 1394 1529 exceptis
1442 1430 1725 1506 civitate
1765 1434 2280 1507 Beneventana
2321 1440 2395 1508 et
2433 1435 2824 1527 territori0,
2855 1438 3002 1512 dis-

333 1559 667 1635 trictibus
692 1568 765 1634 et
788 1555 1243 1656 pertinentiis
1274 1555 1447 1646 suia,
1481 1555 1555 1629 in
1588 1556 1924 1630 omnibus
1951 1559 2159 1655 regni
2191 1564 2264 1634 et
2289 1565 2482 1633 terre
2514 1561 3002 1657 predictorum

326 1686 621 1786 juribus
672 1690 745 1759 et
788 1681 1271 1783 pertinentiis,
1304 1681 1381 1754 in
1421 1681 1680 1779 quibus
1728 1682 1920 1757 clare
1966 1683 2318 1758 memorie
2368 1684 2824 1761 Ferdinando
2851 1689 3003 1785 regi

331 1809 651 1910 genitori
691 1816 842 1899 tue,
886 1809 1131 1906 vigore
1190 1793 1610 1881 investitura
1647 1813 1721 1883 et
1767 1808 2260 1883 concessionis
2303 1833 2435 1908 per
2483 1809 2714 1886 felicis
2757 1835 3007 1888 recor-

331 1935 647 2010 dationis
696 1933 1197 2008 Innocentium
1246 1953 1509 2030 papam
1552 1937 1914 2023 octavum,
1955 1933 2089 2006 sub
2127 1935 2347 2008 certis
2394 1935 2612 2010 modo
2663 1943 2734 2010 et
2773 1937 3008 2012 forma

330 2060 693 2134 factarum
740 2057 1179 2149 successisti,
1216 2054 1663 2147 investimuS,
1698 2062 1916 2152 teque
1961 2057 2035 2130 in
2067 2058 2359 2135 illorum
2403 2058 2704 2150 realem,
2749 2083 3007 2159 corpo-

331 2183 563 2259 ralem
608 2190 683 2257 et
729 2181 1089 2257 actualem
1136 2180 1677 2278 possessionem
1724 2180 2160 2256 inducimus,
2206 2187 2284 2258 ln
2326 2186 2884 2260 nomine-Patris
2931 2197 3005 2262 et

330 2308 493 2381 Filii
524 2315 598 2383 et
632 2307 945 2404 Spiritus
980 2305 1233 2381 sancti.
1276 2335 1311 2372 ›·

430 2436 613 2506 Tum
642 2429 1075 2528 magnificus
1105 2434 1192 2505 D.
1227 2430 1542 2504 Jacobus
1573 2432 2056 2524 CaraccioluS,
2087 2457 2336 2507 comes
2357 2434 2800 2532 Burgiensis,
2833 2459 3008 2510 can—

328 2560 673 2635 cellarius
704 2557 937 2654 regni‚
973 2557 1307 2632 vexillum
1337 2558 1427 2632 de
1449 2557 1785 2632 manibus
1817 2557 2011 2654 regis
2037 2558 2428 2656 accipiens,
2455 2557 2631 2634 illud
2651 2557 2722 2631 in
2751 2561 3010 2634 sacris-.-

332 2690 439 2763 tia
463 2709 599 2785 pro
632 2707 805 2782 rege
845 2690 1097 2782 parata
1126 2687 1363 2781 portat
1393 2689 1467 2758 et
1492 2683 1802 2781 reponit.

434 2813 683 2909 Surgit
712 2833 865 2900 rex,
896 2809 1071 2884 etin
1102 2807 1501 2883 faldistorio
1534 2832 1692 2903 suo,
1728 2809 1926 2906 quod
1950 2809 2023 2882 in
2054 2809 2388 2908 opposito
2425 2809 2675 2907 legati,
2709 2833 3006 2909 compca

326 2939 516 3013 tenti
562 2935 924 3025 distantia,
972 2933 1309 3009 videlicet
1350 2934 1765 3032 palmorum
1812 2934 2227 3030 quindecim
2277 2934 2387 3008 vel
2433 2933 2650 3024 circa,
2687 2957 2730 3008 a
2771 2935 3006 3031 primo

322 3060 563 3160 gradu
589 3059 835 3136 altaris
864 3059 939 3132 in
963 3058 1085 3134 illo
1115 3058 1334 3156 plano
1368 3058 1686 3156 positum
1715 3058 1870 3148 fuit,
1907 3058 2112 3133 sedet
2150 3059 2394 3155 legato
2437 3057 2622 3133 facie
2667 3081 2900 3149 versa,
2937 3065 3008 3134 et

318 3186 527 3285 apud
582 3209 749 3261 eum
810 3185 883 3257 in
938 3185 1223 3258 duobus
1284 3182 1619 3259 scabellis
1664 3182 1836 3257 binc
1896 3188 1968 3257 et
2033 3183 2200 3256 inde
2249 3183 2505 3280 positis
2559 3182 2817 3258 sedent
2864 3184 3006 3258 duo

320 3312 591 3410 prelati
644 3309 777 3383 sibi
832 3309 1282 3401 assistenteS,
1328 3307 1663 3382 videlicet
1706 3332 1721 3382 :
1780 3307 2373 3406 archiepiscopus
2421 3309 2936 3407 Neapolitanus
2967 3333 3007 3383 a

288 3436 605 3512 ,dextris
644 3441 718 3508 et
760 3433 1196 3531 patriarchia
1239 3433 1739 3508 Antiochenus
1776 3457 1821 3506 a
1864 3432 2170 3509 sinistris
2217 3435 2408 3531 regis
2448 3435 2571 3531 qui
2607 3435 2710 3510 ita
2751 3436 3007 3510 sedent

316 3561 527 3660 quod
558 3563 697 3635 sibi
736 3561 1046 3636 invicem
1090 3559 1356 3634 faciem
1403 3559 1608 3655 quasi
1660 3566 1968 3649 vertunt,
2006 3560 2239 3657 magis
2286 3567 2531 3634 tamen
2578 3560 2808 3634 latera
2851 3562 3006 3658 regi

307 3691 721 3786 jungentes
766 3710 985 3782 quam
1044 3685 1313 3782 legato,
1369 3691 1585 3784 prout
1640 3686 1716 3759 in
1768 3685 2360 3761 coronationibus
2420 3685 2578 3760 fleri
2637 3686 2820 3760 solet
2870 3685 2999 3776 (1).

316 3811 627 3886 Interim
681 3818 1111 3910 procurator
1161 3809 1427 3885 fiscalis
1471 3811 1715 3907 regius
1775 3810 2078 3908 requirit
2133 3834 2388 3886 omnes
2447 3811 2806 3900 notarioS,
2857 3834 3006 3885 non

316 3944 607 4013 stantes
632 3937 851 4034 longe
884 3959 925 4008 a
955 3957 1179 4011 cornu
1211 3935 1515 4032 epistole
1555 3934 1801 4009 altaris
1832 3934 2122 4010 detecto
2163 3935 2424 4033 capite,
2463 3943 2541 4009 ut
2585 3935 2674 4008 de
2721 3936 3009 4010 investi-

322 4067 495 4135 tura
522 4069 595 4137 et
630 4061 1015 4137 traditione
1040 4059 1527 4158 possessionis
1548 4058 1940 4134 conficiant
1973 4083 2196 4132 unum
2228 4060 2339 4134 vel
2369 4059 2600 4158 plura,
2637 4059 3004 4158 publicum

310 4185 437 4260 vel
458 4186 781 4283 publica,
816 4186 1378 4260 instrumentum
1409 4185 1520 4260 vel
1545 4185 2030 4259 instrumenta
2061 4184 2196 4258 sub
2227 4185 2339 4259 his
2365 4183 2602 4259 verbis
2640 4211 2656 4259 ε

432 4345 465 4383 «
504 4315 661 4408 Ego
698 4309 1072 4384 Iohannes
1112 4309 1201 4382 de
1247 4309 1603 4401 Gallutiis‚
1638 4312 1883 4410 regius
1924 4319 2354 4409 procurator
2381 4309 2674 4401 fiscalis,
2708 4309 3003 4407 requiro

312 4461 457 4512 vos
500 4460 759 4510 omnes
803 4442 875 4509 et
918 4435 1243 4532 singulos
1284 4437 1605 4511 notarios
1646 4445 1717 4510 et
1768 4437 2191 4511 tabelliones
2220 4433 2547 4533 publicos
2581 4435 2702 4509 hic
2733 4435 3005 4510 consis-

314 4569 595 4652 tentes,
622 4568 701 4637 ut
733 4559 823 4634 de
851 4561 1273 4635 investitura
1297 4567 1369 4633 et
1400 4558 1820 4636 inductione
1841 4559 1926 4634 'in
1956 4560 2494 4658 possessionem
2525 4558 2730 4655 regni
2763 4557 3000 4633 Sicilie

312 4711 459 4784 per
486 4690 782 4760 Rmum.
823 4687 909 4758 D.
944 4684 1267 4783 legatum
1300 4686 1767 4758 serenissimo
1808 4685 1965 4782 regi
1995 4684 2371 4782 Alphonso
2402 4689 2652 4756 nostro
2681 4681 3002 4758 secundo

310 4813 415 4885 de
444 4811 843 4908 Aragonia,
878 4817 955 4883 ut
996 4810 1463 4907 suprafacta,
1508 4809 1911 4884 conficiatis
1953 4829 2176 4884 unum
2208 4805 2316 4881 vel
2344 4806 2577 4903 plura,
2629 4807 3001 4905 publicum

310 4936 433 5010 vel
460 4935 783 5034 publica,
821 4935 1384 5008 instrumentum
1416 4935 1524 5010 vel
1555 4935 2062 5009 instrumenta.
2105 4963 2138 4998 »

392 5125 445 5181 1.
491 5123 607 5179 Sur
633 5120 683 5178 le
721 5127 1151 5179 couronnement
1180 5121 1519 5195 d'Alphonse
1558 5122 1626 5194 11,
1657 5139 1783 5195 voy.
1821 5122 2162 5192 Summonte,
2206 5123 2342 5180 Dell'
2381 5125 2580 5179 istoria
2617 5123 2764 5178 della
2801 5125 2934 5180 vitta
2971 5139 2999 5176 e

306 5229 493 5285 reone
521 5213 587 5270 di
614 5211 849 5284 Napolo,
870 5208 970 5268 lib.
998 5209 1094 5280 VI,
1125 5227 1179 5284 p.
1214 5211 1473 5281 482-496,
1502 5217 1557 5268 et
1586 5211 1815 5280 Sanut0,
1849 5210 1938 5268 fol.
1971 5212 2007 5267 6
2034 5231 2085 5269 v.
2120 5214 2274 5284 (msa.
2310 5213 2448 5268 1422
2475 5210 2632 5284 ital.).
