3625 6059
288 573 558 642 [Meflmbffi
587 573 736 636 ¹⁴9⁴]
915 573 1170 634 RERUM
1223 573 1685 633 URBANARUM
1733 573 2261 634 COMMENTARII.
2824 584 2925 640 199

291 731 671 827 Rodulphus
691 729 1032 826 princeps
1051 729 1350 803 Analdie
1373 753 1620 804 comes
1641 732 1949 804 Ascanie
1977 729 2067 830 (1)
2094 739 2163 804 et
2198 736 2279 806 D.
2305 731 2917 833 Imbremburger,

289 857 380 931 cui
407 858 522 928 SS.
563 860 648 928 D.
687 861 938 928 noster
984 855 1576 930 commemoravit
1618 856 2079 930 insolentiam
2125 859 2316 955 regis
2358 862 2659 934 Francie
2703 886 2917 959 quam

289 979 558 1054 faciebat
610 1004 668 1052 s.
713 1004 773 1052 r.
819 982 900 1052 E.
947 987 1020 1053 et
1075 980 1274 1076 quod
1318 981 1504 1055 forte
1557 1005 1703 1053 non
1758 984 1989 1057 solum
2034 993 2371 1082 quereret
2412 1011 2489 1061 se
2544 988 2917 1062 dominum

288 1106 492 1180 facere
537 1105 908 1179 civitatum
941 1113 1014 1180 et
1045 1111 1400 1180 terrarum
1432 1105 1630 1180 ltalie
1663 1107 1754 1180 ad
1784 1132 2069 1182 sacrum
2120 1111 2505 1208 imperium
2539 1136 2917 1187 romanum

285 1231 764 1328 spectantium,
817 1230 946 1304 sed
996 1231 1213 1306 etiam
1271 1254 1540 1305 nomen
1597 1239 1671 1306 et
1726 1215 2013 1308 titulum
2066 1235 2351 1333 imperii
2397 1238 2725 1334 ejusdem
2783 1239 2916 1313 sibi

284 1379 633 1453 usurpare:
665 1357 782 1431 cui
807 1362 1050 1430 tamen
1067 1358 1425 1431 Sanctitas
1449 1381 1580 1430 sua
1599 1381 1969 1454 nunquam
1988 1365 2180 1433 esset
2200 1381 2670 1449 consensura,
2698 1361 2916 1435 etiam

283 1481 328 1554 si
351 1481 620 1579 gladius
639 1481 880 1556 nudus
910 1481 1043 1555 sihi
1074 1482 1166 1556 ad
1187 1483 1452 1557 collum
1485 1490 1556 1558 et
1586 1488 1832 1581 guttur
1861 1508 2073 1577 suum
2106 1493 2595 1582 apponeretur
2629 1511 2645 1560 :
2682 1487 2919 1583 requi-

281 1607 452 1680 rebat
473 1615 862 1704 propterea
883 1607 1116 1704 ipsum
1143 1607 1544 1706 principem
1570 1617 1638 1682 et
1663 1609 2211 1683 serenissimum
2244 1615 2327 1683 D.
2351 1611 2916 1685 Maximilianum

279 1755 716 1806 romanorum
747 1755 1022 1830 regem,
1049 1739 1390 1830 tanquam
1423 1743 1672 1809 sancte
1705 1758 2001 1810 romane
2028 1736 2349 1810 Ecclesie
2381 1737 2678 1811 unicum
2711 1737 2919 1811 advo-

280 1863 520 1947 catum,
555 1857 646 1931 de
693 1858 1068 1955 premissis
1109 1859 1496 1933 certiorem
1546 1859 1877 1935 redderet
1910 1867 1981 1934 et
2010 1862 2467 1957 Majestatem
2510 1887 2715 1937 suam
2744 1865 2918 1937 hor-

281 1989 523 2058 teretur
571 1983 663 2056 ad
719 1983 1242 2081 providendum
1299 1985 1855 2059 necessitatibus
1914 1991 1987 2060 et
2036 1985 2296 2060 honori
2352 2011 2413 2060 S.
2466 2012 2525 2061 r.
2577 1993 2655 2062 E.
2677 2047 2693 2076 ,
2730 1990 2914 2063 sacri

279 2109 528 2182 romani
557 2108 844 2206 imperii
876 2116 950 2182 et
981 2109 1198 2182 totius
1230 2109 1428 2183 italie
1463 2135 1478 2183 :
1517 2110 1712 2206 quod
1742 2132 1925 2184 onus
1953 2111 2277 2208 prefatus
2309 2113 2645 2210 princeps
2677 2113 2917 2186 humi-

278 2234 414 2307 liter
471 2234 811 2330 suscepit.
879 2234 1370 2309 Interfuerunt
1407 2235 1782 2333 premissis
1820 2235 2251 2332 magnificus
2292 2241 2377 2310 D.
2414 2238 2768 2311 Antonius
2826 2237 2915 2311 de

279 2360 634 2451 lanuariis,
654 2358 842 2456 juris
873 2360 1249 2457 utriusque
1273 2360 1554 2450 doctor,
1592 2359 2079 2435 Bernardinus
2122 2361 2402 2434 Caraffa
2431 2363 2630 2459 prior
2658 2363 2915 2435 domus

281 2507 328 2554 s.
352 2485 690 2558 Iohannis
723 2486 1333 2584 Herosolymitani
1363 2486 1845 2583 Neapolitani,
1872 2491 2197 2560 oratores
2224 2487 2413 2583 regis
2436 2487 2911 2584 Neapolitani,

281 2609 684 2682 reverendus
705 2613 919 2684 Pater
940 2613 1024 2682 D.
1047 2613 1084 2682 J
1091 2610 1328 2684 ohann
1339 2634 1416 2682 es
1443 2614 1701 2706 Lopez,
1724 2611 2106 2708 episcopus
2126 2611 2537 2700 Perusinus,
2566 2609 2909 2685 datariUS.

361 2737 556 2810 Feria
578 2737 858 2832 quinta,
897 2739 985 2808 27
1016 2735 1346 2833 ejusdem
1373 2736 1644 2809 mensis
1684 2735 2121 2828 novembriS,
2161 2740 2245 2808 D.
2279 2737 2649 2811 Johannes
2688 2737 2916 2810 Maria

279 2864 354 2936 de
379 2863 624 2954 Podio,
655 2861 966 2937 clericus
1001 2860 1606 2950 ceremoniarum,
1641 2861 1922 2958 collega
1952 2885 2183 2952 meus,
2220 2861 2293 2933 in
2340 2853 2554 2935 mane
2586 2863 2779 2936 circa
2806 2863 2916 2936 vel

283 2997 426 3064 ante
473 2997 710 3063 ortum
768 2987 965 3078 soliS‚
1013 2985 1146 3061 fuit
1199 3009 1332 3082 per
1383 2985 1732 3058 Thomam
1776 2987 2427 3079 Pedemontanum,
2482 2986 2913 3061 familiarem

285 3139 490 3204 suum,
524 3116 647 3213 qui
687 3115 754 3188 ei
789 3113 860 3187 in
889 3113 1078 3188 lecto
1112 3136 1244 3188 suo
1270 3113 1509 3186 adhuc
1529 3112 1915 3187 dormienti
1938 3120 2245 3210 quatuor
2270 3111 2455 3184 ictus
2483 3132 2648 3183 cum
2678 3109 2913 3182 securi

282 3238 344 3310 iu
370 3247 570 3336 caput
599 3238 800 3313 dedit
825 3261 990 3313 cum
1021 3246 1224 3337 parte
1257 3239 1660 3330 scindente,
1687 3235 2673 3324 miserabiliterinterfectus;
2706 3235 2913 3330 cujus

283 3365 494 3439 anime
531 3365 994 3462 omnipotens
1019 3368 1212 3438 Deus
1242 3363 1571 3438 misereri
1603 3365 1965 3462 dignetur.

347 3492 706 3566 Dominica
724 3491 956 3588 prima
967 3490 1340 3579 adventuS,
1363 3496 1454 3565 30
1473 3491 1744 3564 mensis
1761 3489 2202 3578 novembris,
2229 3492 2311 3560 R.
2334 3487 2404 3560 in
2420 3485 2706 3560 Christo
2722 3490 2798 3559 P.
2819 3490 2877 3559 D
2891 3541 2907 3558 .

281 3617 642 3706 lohanneS‚
677 3614 1270 3713 archiepiscopus
1297 3614 1730 3712 RagusinuS,
1759 3614 1949 3688 alme
1982 3613 2189 3688 Urbis
2229 3613 2695 3710 gubernator,
2727 3611 2915 3686 cele-

282 3739 470 3816 bravit
495 3743 796 3816 missam
825 3741 1230 3815 solemnem
1260 3740 1332 3813 in
1355 3741 1632 3838 capella
1656 3741 1959 3837 majore,
1992 3741 2186 3835 Papa
2214 3745 2551 3834 presente
2590 3763 2607 3810 :
2640 3758 2914 3810 sermo-

283 3889 424 3941 nem
451 3867 616 3943 t'ecit
645 3872 1072 3964 procurator
1092 3865 1366 3940 ordinis
1394 3866 1959 3963 predicatorum.
1990 3865 2177 3936 Ante
2208 3863 2430 3938 finem
2462 3863 2794 3960 epistole,
2820 3862 2911 3936 de

287 3991 584 4066 mandato
617 3995 747 4067 SS.
790 3995 878 4064 D.
903 3993 988 4063 N.
1021 4013 1231 4088 pape,
1254 3989 1418 4064 dedi
1441 3991 1681 4064 locum
1710 3989 2232 4085 interprelatos
2263 3988 2683 4060 assistentes
2716 3990 2802 4060 R.
2839 3985 2909 4058 in

287 4115 530 4192 Christo
562 4121 648 4192 D.
669 4115 1040 4204 Leonello,
1077 4115 1419 4212 episcopo
1437 4113 1978 4205 Concordiensi,
2007 4113 2129 4209 qui
2156 4112 2245 4185 ab
2273 4111 2547 4186 eisdem
2576 4117 2911 4208 receptus

289 4245 378 4313 est
401 4249 465 4316 et
491 4266 622 4318 suo
649 4243 902 4317 ordine
929 4240 1286 4315 admissus
1323 4264 1339 4314 :
1376 4240 1515 4314 alia
1545 4242 1790 4315 omnia
1820 4240 2199 4314 observata
2230 4243 2393 4308 sunt
2420 4258 2621 4308 more
2666 4234 2904 4308 solito.

370 4371 558 4444 Feria
583 4370 822 4462 tertia,
860 4375 902 4444 2
931 4368 1200 4442 mensis
1235 4365 1668 4456 decembriS,
1707 4369 1956 4438 Rmus.
1996 4369 2082 4438 D.
2116 4361 2498 4436 cardinalis
2528 4358 2905 4448 AscaniuS,

297 4512 343 4560 s.
371 4515 418 4566 r.
441 4497 518 4567 E.
551 4493 1211 4582 vicecancellarius,
1239 4492 1446 4566 rediit
1479 4491 1765 4588 publice
1797 4488 1889 4561 ad
1934 4490 2205 4562 Urbem
2239 4495 2306 4560 et
2342 4487 2685 4584 palatium
2731 4509 2910 4583 apo-

297 4618 586 4694 stolicum
617 4644 660 4694 a
690 4617 980 4692 circiter
1004 4616 1248 4714 viginti
1275 4616 1566 4713 prelatis
1599 4621 1669 4689 et
1705 4639 1973 4713 magna
2002 4613 2334 4688 comitiva
2376 4613 2801 4686 associatus.

378 4745 728 4818 Dominica
757 4740 1498 4832 secundaAdventuS,
1537 4747 1575 4813 7
1611 4741 1884 4814 mensis
1930 4736 2362 4826 decembris,
2400 4741 2483 4809 R.
2522 4735 2595 4809 in
2628 4737 2909 4810 Christo

307 4865 366 4936 P.
394 4870 466 4940 D.
489 4869 880 4958 lohannes,
917 4867 1298 4965 episcopus
1322 4865 1884 4963 Portogallensis
1910 4862 2283 4952 assistenS,
2323 4861 2708 4937 celebravit
2746 4863 2913 4936 mis-

309 5009 428 5062 sam
467 4993 816 5090 publicam
861 4993 933 5065 in
978 4992 1253 5088 capella
1276 4993 1584 5089 majore,
1621 4995 1817 5089 Papa
1862 4995 2198 5086 presente
2236 5013 2252 5061 :
2292 5011 2707 5062 sermonem
2741 4986 2910 5062 fecit

365 5177 405 5234 1.
439 5177 734 5250 L’Ascanie,
765 5179 958 5237 ancien
989 5182 1163 5244 comte
1191 5180 1260 5236 de
1293 5177 1668 5250 l’Atlemagne,
1699 5177 1931 5234 berceau
1960 5177 2059 5234 des
2096 5175 2313 5249 princes
2344 5173 2621 5238 d’Anham
2652 5170 2911 5227 autrefois

315 5272 476 5322 comtes
498 5268 795 5326 d'Ascauie.
