3625 6059
661 568 735 625 42
1563 553 1914 613 JOHANNIS
1964 550 2408 624 BURCHARDI,
2916 557 3159 620 [Fen-ier
3188 562 3336 627 149³]

761 723 916 795 Hoc
956 740 1199 807 mane,
1235 718 1364 791 SS.
1409 717 1493 789 D.
1530 715 1616 787 N.
1655 733 1823 785 cum
1861 709 1937 784 in
1972 732 2267 789 camera
2292 709 2649 809 papagalli
2678 718 3109 808 paramenta
3144 717 3337 789 acci-

660 854 897 949 peret,
943 847 1035 920 ad
1078 842 1678 943 supplicationem
1721 861 1961 915 meam
2004 839 2366 915 concessit
2418 837 2627 913 nobis
2678 837 2963 912 clericis
3009 862 3337 915 ceremo-

661 976 950 1048 niarum
996 978 1071 1046 et
1117 968 1558 1061 cantoribus,
1615 991 1700 1041 ac
1744 965 1901 1041 aliis
1956 962 2383 1041 officialibus
2433 963 2709 1063 capelle
2743 965 3158 1039 Sanctitatis
3202 990 3333 1040 sue

663 1099 1080 1175 facultatem
1114 1094 1424 1193 eligendi
1475 1093 1684 1168 nobis
1737 1091 2241 1167 confessorem
2288 1091 2410 1189 qui
2460 1114 2599 1167 nos
2636 1090 2729 1167 ab
2782 1092 3119 1168 omnibus
3164 1118 3337 1191 peo-

663 1226 868 1318 catiS,
928 1223 1146 1300 etiam
1214 1221 1365 1295 sedi
1438 1219 1835 1319 apostolice
1904 1218 2286 1293 reservatis
2310 1276 2327 1308 ,
2389 1216 2763 1292 absolvere
2816 1223 2887 1293 et
2930 1218 3333 1317 plenariam

659 1357 1126 1449 peccatorum
1165 1355 1579 1423 nostrorum
1623 1343 2132 1418 remissionem
2171 1344 2591 1442 impendere
2634 1350 2909 1443 posset,
2958 1345 3328 1443 quodque,

657 1475 1010 1549 visitando
1057 1472 1358 1571 singulis
1400 1471 1654 1545 diebus
1693 1470 1919 1543 altare
1958 1471 2196 1568 majus
2241 1469 2538 1546 basilice
2582 1470 2812 1547 sancti
2854 1472 3044 1545 Petri
3078 1495 3333 1547 conse-

657 1623 966 1699 quamur
994 1597 1478 1695 indulgentias
1511 1597 1905 1672 stationum
1938 1595 2179 1672 Urbis.

759 1724 1143 1801 Dominica
1169 1724 1403 1820 prima
1426 1722 2006 1820 quadragesime,
2046 1726 2136 1795 24
2168 1721 2540 1824 februarii,
2568 1726 2659 1829 R.
2693 1722 2769 1829 in
2800 1722 3085 1798 Christo
3116 1729 3199 1798 P.
3236 1728 3325 1799 D.

663 1854 1100 1951 Stephanus,
1136 1849 1728 1947 archiepiscopus
1777 1847 2233 1922 Patracensis
2286 1834 2782 1946 et'episcopus
2830 1849 3325 1943 Torcellanus,

662 1982 789 2055 SS.
828 1981 911 2054 D.
940 1980 1026 2052 N.
1073 1998 1258 2074 pape
1299 1973 1668 2067 assistenS,
1719 1974 2112 2048 celebravit
2151 1973 2444 2047 missam
2490 1972 2881 2070 publicam,
2933 1976 3058 2049 SS.
3107 1980 3193 2050 D.
3238 1980 3325 2054 N.

659 2109 1026 2204 presente.
1077 2104 1508 2177 Sermonem
1557 2099 1728 2174 fecit
1771 2106 2197 2197 procurator
2234 2098 2507 2173 ordinis
2552 2099 3120 2197 predicatorum.
3170 2104 3335 2176 Alia

662 2229 908 2305 omnia
931 2229 1310 2303 observata
1337 2231 1507 2300 sunt
1529 2248 1734 2301 more
1767 2224 2008 2300 solit0.

761 2360 840 2429 In
867 2360 1080 2429 nocte
1110 2351 1479 2452 preterita,
1515 2351 1712 2425 circa
1737 2351 1998 2425 horam
2030 2358 2355 2428 octavam
2382 2352 2643 2443 noctis,
2680 2350 2972 2449 quidam
2994 2354 3333 2450 Aquilani

661 2483 734 2555 in
787 2479 1086 2555 domum
1127 2476 1598 2553 habitationis
1635 2477 1829 2551 bone
1873 2478 2225 2553 memorie
2266 2478 2585 2576 episcopi
2632 2478 2965 2575 Aquilani
3010 2478 3193 2554 Rmi.
3238 2482 3327 2552 D.

662 2604 1046 2681 cardinalis
1077 2602 1308 2677 sancti
1348 2602 1544 2677 Petri
1584 2601 1676 2675 ad
1707 2602 2015 2678 Vincula
2059 2602 2251 2701 apud
2290 2603 2665 2679 basilicam
2708 2603 3093 2678 duodecim
3124 2626 3339 2701 apos·-

661 2731 972 2805 tolorum
1001 2728 1443 2825 contiguam,
1478 2749 1612 2824 per
1629 2726 2025 2801 fenestram
2047 2729 2437 2824 quamdam
2466 2729 2811 2804 salientes
2842 2734 2915 2803 et
2941 2730 3329 2821 intranteS,

663 2854 847 2930 ostia
891 2876 1345 2929 camerarum
1402 2852 1468 2926 vi
1511 2851 1961 2950 aperienteS,
2020 2854 2381 2951 prefatum
2434 2855 2857 2954 episcopum
2904 2854 2979 2928 in
3032 2855 3343 2930 camisia

663 2982 798 3056 sub
824 2981 1013 3057 lecto
1046 3002 1175 3053 suo
1214 2979 1288 3051 in
1319 2984 1514 3052 terra
1554 2983 1922 3076 repertum
1964 2978 2473 3054 miserabiliter
2510 2986 2583 3055 et
2612 2979 3003 3055 crudeliter
3038 2980 3337 3055 occide-

661 3114 854 3198 runt,
907 3105 1154 3203 viginti
1199 3104 1344 3179 duo
1382 3104 1680 3179 vulnera
1724 3103 1834 3177 vel
1885 3103 2081 3178 circa
2128 3104 2265 3177 sibi
2320 3105 2605 3197 danteS,
2660 3112 2732 3182 et
2786 3106 3093 3204 receptis
3142 3107 3338 3181 vasis

661 3232 1024 3331 argenteis
1055 3238 1130 3306 et
1164 3230 1319 3304 aliis
1347 3228 1568 3304 rebus
1595 3253 1773 3327 quas
1803 3230 2189 3304 commode
2228 3237 2516 3329 portare
2554 3238 2917 3329 poterant,
2950 3230 3285 3306 abierunt
3312 3258 3331 3323 ;

658 3358 948 3432 fuerunt
977 3362 1220 3431 autem
1253 3379 1509 3432 eorum
1539 3356 1660 3452 qui
1692 3332 2139 3432 intraverunt
2168 3364 2242 3433 et
2270 3358 2695 3434 occiderunt
2729 3381 3035 3433 numero
3062 3380 3191 3433 sex
3214 3358 3337 3432 vel

661 3483 856 3559 circa
884 3490 957 3557 et
993 3480 1456 3580 quamplures
1498 3488 1698 3555 extra
1736 3480 2034 3556 domum
2068 3504 2319 3557 eorum
2362 3483 2757 3581 complices
2786 3485 2936 3581 qui,
2971 3490 3339 3582 quatenus

661 3632 842 3708 opus
874 3614 1093 3701 esset,
1128 3631 1256 3681 eos
1289 3607 1630 3705 adjuvare
1673 3608 1905 3706 parati
1951 3613 2197 3698 erant3
2238 3609 2433 3684 idem
2480 3608 2863 3709 episcopus
2902 3610 3033 3685 fuit
3072 3618 3343 3709 postea

660 3733 983 3831 sepultus
1013 3733 1170 3807 sine
1209 3757 1479 3832 pompa
1512 3732 1634 3833 (1).

730 3994 781 4051 1.
823 3991 1006 4051 Valori
1035 3992 1100 4050 flt
1137 3998 1261 4067 part
1295 3992 1364 4049 de
1401 3998 1490 4050 cet
1525 3996 1847 4050 evenement
1878 4008 1987 4047 aux
2025 3992 2059 4047 8
2086 3992 2165 4064 ,de
2209 3993 2429 4050 Pratica
2468 3993 2608 4051 dans
2650 3993 2703 4051 la
2738 3994 2981 4069 depecbe
3022 3992 3277 4053 suivante
3316 4015 3335 4053 ε

733 4105 762 4135 «
803 4082 934 4139 Hier
961 4088 1121 4141 nocte
1149 4100 1218 4141 su
1255 4080 1303 4137 le
1339 4082 1442 4139 VII
1469 4082 1621 4151 hore,
1653 4082 1782 4140 VIII
1820 4079 2014 4139 cavalli
2052 4079 2285 4156 leggieri
2314 4099 2343 4137 e
2371 4083 2498 4141 XVI
2525 4101 2763 4158 persone
2801 4092 3003 4143 armate
3046 4102 3115 4142 ne
3154 4086 3341 4141 ando-

661 4189 794 4228 rono
824 4190 857 4228 a
887 4172 1090 4229 Sancto
1126 4171 1413 4245 Apost010,
1453 4176 1509 4229 et
1540 4189 1643 4228 con
1681 4171 1871 4227 sohale
1901 4178 1956 4228 et
1980 4176 2128 4228 torse
2165 4189 2357 4228 accese
2391 4172 2671 4230 introrono
2708 4192 2808 4248 per
2842 4174 2895 4231 la
2923 4174 3083 4232 Corte
3112 4174 3341 4251 inocasa

661 4264 775 4318 San
802 4262 967 4319 Piero
994 4262 1064 4319 ad
1103 4259 1355 4331 Vincula,
1387 4266 1441 4317 et
1477 4261 1795 4318 andoronno
1834 4259 1937 4317 alle
1976 4266 2122 4318 staze
2160 4261 2495 4333 dove1stava
2531 4262 2813 4338 aloggioto
2854 4264 2892 4319 il
2928 4264 3219 4321 Veschovo
3260 4268 3341 4323 de

660 4350 924 4425 l'Aquila3
963 4357 1020 4408 et
1043 4357 1198 4425 parte
1234 4351 1290 4407 di
1319 4348 1434 4407 loro
1461 4349 1638 4425 prima
1671 4368 1915 4424 presono
1942 4356 2087 4409 certe
2114 4358 2269 4425 porte
2306 4354 2407 4409 che
2444 4370 2624 4410 vanno
2662 4372 2697 4410 a
2736 4354 2893 4411 decte
2930 4360 3146 4423 stanze;
3178 4354 3343 4429 dipoi

657 4460 782 4499 cum
811 4458 922 4497 uno
949 4438 1228 4497 travicello
1257 4439 1746 4514 impetuosamente
1781 4458 2033 4515 ruppono
2066 4440 2118 4499 la
2146 4448 2305 4516 porta
2332 4440 2477 4497 della
2503 4458 2720 4499 camera
2749 4442 2885 4498 dove
2916 4459 3009 4498 era
3046 4439 3083 4497 il
3118 4443 3342 4517 prefato

661 4532 946 4589 Veschovo
975 4527 1101 4587 dell’
1128 4528 1349 4603 Aquila,
1389 4528 1430 4583 il
1467 4527 1627 4603 quale
1673 4534 1964 4587 trovorono
2004 4548 2103 4605 per
2138 4530 2247 4588 tale
2276 4548 2491 4587 rumore
2534 4531 2634 4587 che
2666 4548 2758 4587 era
2786 4531 2963 4588 uscito
2994 4529 3081 4588 del
3112 4530 3243 4589 letto
3276 4534 3339 4590 in

655 4622 899 4681 camicia.
933 4618 1087 4678 Decti
1125 4619 1320 4677 armati
1351 4618 1536 4677 subito
1563 4619 1616 4677 lo
1642 4618 1952 4695 tagliarono
1980 4638 2013 4677 a
2039 4620 2159 4695 pezi
2197 4619 2587 4678 crudelmente.
2630 4621 2931 4694 Appresso,
2972 4621 3109 4678 tueti
3138 4639 3167 4677 e
3203 4623 3335 4679 suoi

650 4710 866 4784 argenti
887 4717 1177 4768 trovorono
1197 4708 1253 4764 in
1273 4709 1434 4766 decta
1452 4725 1667 4767 camera
1688 4714 1984 4783 portorono
2006 4709 2095 4766 via
2119 4728 2133 4766 ε
2156 4716 2212 4767 et
2238 4716 2436 4785 questo
2458 4716 2580 4767 acto
2599 4710 2787 4767 serono
2808 4727 2910 4767 con
2931 4708 3039 4766 tale
3058 4714 3337 4783 prestoza.

653 4800 754 4855 che
791 4798 1000 4854 benche
1037 4815 1135 4871 per
1172 4796 1346 4853 l’altra
1379 4797 1625 4871 famiglia
1671 4797 1760 4854 del
1789 4796 2076 4855 Cardinale
2129 4816 2190 4855 se
2238 4798 2477 4855 sentisse
2526 4797 2574 4854 el
2624 4816 2864 4868 rumore,
2914 4816 2976 4855 se
3020 4798 3341 4855 ritrassono

654 4904 818 4945 senza
848 4885 1114 4943 difficulta
1141 4886 1372 4944 nissuna
1400 4904 1434 4942 a
1468 4886 1660 4943 cavalli
1691 4886 1948 4943 ch’erano
1976 4887 2185 4944 rimasti
2225 4886 2333 4943 alla
2372 4887 2622 4961 guardia.
2659 4888 2868 4957 Questo
2896 4888 3186 4944 Veschovo
3218 4886 3335 4943 del'

651 4975 854 5051 Aquila
888 4976 1100 5033 haveva
1139 4974 1422 5034 inimicitia
1447 4976 1672 5035 mortale
1709 4994 1812 5034 con
1842 4993 1954 5033 una
1988 4994 2121 5033 casa
2158 4977 2227 5033 de
2266 4976 2426 5051 primi
2464 4976 2569 5033 del’
2606 4977 2829 5050 Aquita,
2870 4984 2927 5033 et
2962 4976 3177 5033 stimasi
3210 4977 3340 5034 ch'e

651 5065 836 5123 nimici
867 5064 990 5122 suoi
1033 5064 1187 5122 siano
1218 5065 1345 5122 stati
1389 5065 1553 5138 quelli
1590 5067 1690 5123 che
1719 5066 1940 5125 l'hanno
1978 5073 2184 5135 morto;
2230 5072 2285 5123 et
2326 5084 2464 5123 anco
2502 5066 2583 5123 c’e
2622 5066 2853 5141 qualche
2889 5064 3185 5139 oppinione
3229 5064 3341 5123 che

647 5155 889 5214 habbino
936 5154 1138 5211 havuto
1185 5150 1355 5229 spalle
1392 5158 1486 5228 qui
1527 5154 1583 5211 in
1629 5154 1823 5215 Roma.
1872 5156 1916 5213 11
1960 5156 2115 5230 Papa
2152 5155 2206 5211 di
2253 5162 2449 5229 questo
2498 5173 2631 5212 caso
2680 5155 2760 5213 s’e
2798 5154 2987 5213 doluto
3027 5154 3176 5211 assai
3226 5172 3339 5211 con

653 5246 833 5319 questi
864 5245 984 5318 Sig.
1019 5242 1315 5313 Cardinali,
1345 5251 1400 5301 et
1425 5244 1606 5300 hanne
1633 5262 1732 5317 per
1759 5244 1795 5300 il
1835 5262 2023 5319 parrar
2060 5263 2162 5302 suo
2188 5252 2396 5304 mostro
2425 5246 2730 5320 dispiacere
2759 5263 2869 5303 non
2898 5246 3097 5319 pocho,
3128 5262 3337 5319 paren-
